{"jsonrpc": "2.0", "id": 1, "result": ["book.BTC-PERPETUAL.none.20.100ms"], "usIn": 1756603340255023, "usOut": 1756603340255284, "usDiff": 261, "testnet": false}
{"jsonrpc": "2.0", "method": "subscription", "params": {"channel": "book.BTC-PERPETUAL.none.20.100ms", "data": {"timestamp": 1756603340253, "change_id": 115676947532, "instrument_name": "BTC-PERPETUAL", "bids": [[109281.0, 839760.0], [109280.0, 85350.0], [109271.5, 320.0], [109269.5, 20020.0], [109269.0, 20.0], [109268.5, 20.0], [109268.0, 20.0], [109267.5, 20.0], [109267.0, 20.0], [109266.5, 20.0], [109259.0, 42870.0], [109258.0, 4050.0], [109257.5, 80.0], [109257.0, 27990.0], [109255.0, 300.0], [109254.5, 500.0], [109254.0, 28180.0], [109249.5, 27920.0], [109249.0, 50000.0], [109248.0, 42970.0]], "asks": [[109281.5, 897400.0], [109282.0, 14830.0], [109282.5, 71520.0], [109284.0, 20000.0], [109284.5, 217400.0], [109285.0, 4680.0], [109286.0, 1000.0], [109286.5, 15000.0], [109290.5, 26590.0], [109291.5, 55000.0], [109292.5, 20770.0], [109294.0, 20000.0], [109296.0, 22940.0], [109296.5, 4110.0], [109298.0, 33250.0], [109300.0, 70.0], [109300.5, 42080.0], [109301.5, 18870.0], [109302.5, 40000.0], [109305.5, 18600.0]]}}}
{"jsonrpc": "2.0", "method": "subscription", "params": {"channel": "book.BTC-PERPETUAL.none.20.100ms", "data": {"timestamp": 1756603340524, "change_id": 115676947743, "instrument_name": "BTC-PERPETUAL", "bids": [[109281.0, 839760.0], [109280.0, 85350.0], [109271.5, 320.0], [109269.5, 20000.0], [109268.5, 20.0], [109268.0, 20.0], [109267.5, 20.0], [109267.0, 20.0], [109266.5, 20.0], [109266.0, 20.0], [109265.5, 20.0], [109265.0, 20.0], [109259.0, 42870.0], [109258.0, 4050.0], [109257.5, 80.0], [109257.0, 27990.0], [109255.0, 300.0], [109254.5, 500.0], [109254.0, 28180.0], [109249.5, 27920.0]], "asks": [[109281.5, 917120.0], [109282.0, 14850.0], [109282.5, 116080.0], [109283.0, 20.0], [109284.0, 20000.0], [109284.5, 396660.0], [109285.0, 4680.0], [109286.0, 1000.0], [109286.5, 15000.0], [109290.5, 26590.0], [109291.5, 55000.0], [109292.5, 20770.0], [109294.0, 20000.0], [109296.0, 22940.0], [109296.5, 4110.0], [109298.0, 33250.0], [109300.0, 70.0], [109300.5, 42080.0], [109301.5, 18870.0], [109302.5, 40000.0]]}}}
{"jsonrpc": "2.0", "method": "subscription", "params": {"channel": "book.BTC-PERPETUAL.none.20.100ms", "data": {"timestamp": 1756603340748, "change_id": 115676947999, "instrument_name": "BTC-PERPETUAL", "bids": [[109281.0, 839760.0], [109280.0, 85350.0], [109271.5, 320.0], [109269.5, 20000.0], [109266.5, 20.0], [109266.0, 20.0], [109265.5, 20.0], [109265.0, 20.0], [109259.0, 42870.0], [109258.0, 4050.0], [109257.5, 80.0], [109257.0, 27990.0], [109255.0, 300.0], [109254.5, 500.0], [109254.0, 28180.0], [109250.5, 20000.0], [109249.5, 27920.0], [109249.0, 50000.0], [109248.0, 42970.0], [109247.5, 110.0]], "asks": [[109281.5, 917350.0], [109282.0, 14850.0], [109282.5, 116080.0], [109283.0, 20.0], [109284.0, 20000.0], [109284.5, 396660.0], [109285.0, 4680.0], [109286.0, 1000.0], [109286.5, 15000.0], [109290.5, 26590.0], [109291.5, 55000.0], [109292.5, 20770.0], [109294.0, 20000.0], [109296.0, 22940.0], [109296.5, 4110.0], [109298.0, 33250.0], [109300.0, 70.0], [109300.5, 42080.0], [109301.5, 18870.0], [109302.5, 40000.0]]}}}
{"jsonrpc": "2.0", "method": "subscription", "params": {"channel": "book.BTC-PERPETUAL.none.20.100ms", "data": {"timestamp": 1756603341177, "change_id": 115676948474, "instrument_name": "BTC-PERPETUAL", "bids": [[109281.0, 839760.0], [109280.0, 85350.0], [109271.5, 320.0], [109269.5, 20000.0], [109269.0, 20.0], [109268.5, 20.0], [109268.0, 20.0], [109267.5, 20.0], [109267.0, 20.0], [109266.5, 20.0], [109266.0, 20.0], [109265.5, 20.0], [109259.0, 42870.0], [109258.0, 4050.0], [109257.5, 80.0], [109257.0, 27990.0], [109255.0, 300.0], [109254.5, 500.0], [109254.0, 28180.0], [109250.5, 20000.0]], "asks": [[109281.5, 917340.0], [109282.0, 14850.0], [109282.5, 116080.0], [109283.0, 20.0], [109284.0, 20000.0], [109284.5, 396660.0], [109285.0, 4680.0], [109286.0, 1000.0], [109286.5, 15000.0], [109290.5, 26590.0], [109291.5, 55000.0], [109292.5, 20770.0], [109294.0, 20000.0], [109296.0, 22940.0], [109296.5, 4110.0], [109298.0, 33250.0], [109300.0, 70.0], [109300.5, 42080.0], [109301.5, 18870.0], [109302.5, 40000.0]]}}}
{"jsonrpc": "2.0", "method": "subscription", "params": {"channel": "book.BTC-PERPETUAL.none.20.100ms", "data": {"timestamp": 1756603341496, "change_id": 115676948807, "instrument_name": "BTC-PERPETUAL", "bids": [[109281.0, 839760.0], [109280.0, 85350.0], [109271.5, 320.0], [109269.5, 20000.0], [109269.0, 20.0], [109268.5, 20.0], [109268.0, 20.0], [109267.5, 20.0], [109267.0, 20.0], [109266.5, 20.0], [109266.0, 20.0], [109265.5, 20.0], [109259.0, 42870.0], [109257.5, 80.0], [109257.0, 27990.0], [109255.0, 300.0], [109254.5, 500.0], [109254.0, 28180.0], [109250.5, 20000.0], [109249.5, 27920.0]], "asks": [[109281.5, 917320.0], [109282.0, 14850.0], [109282.5, 116080.0], [109283.0, 20.0], [109284.0, 20000.0], [109284.5, 396660.0], [109285.0, 4680.0], [109286.0, 1000.0], [109286.5, 15000.0], [109290.5, 26590.0], [109291.5, 55000.0], [109292.5, 20770.0], [109294.0, 20000.0], [109296.0, 22940.0], [109296.5, 4110.0], [109298.0, 33250.0], [109300.0, 70.0], [109300.5, 42080.0], [109301.5, 18870.0], [109302.5, 40000.0]]}}}
{"jsonrpc": "2.0", "method": "subscription", "params": {"channel": "book.BTC-PERPETUAL.none.20.100ms", "data": {"timestamp": 1756603341850, "change_id": 115676949152, "instrument_name": "BTC-PERPETUAL", "bids": [[109281.0, 839760.0], [109280.0, 285350.0], [109271.5, 320.0], [109269.5, 20000.0], [109268.5, 20.0], [109268.0, 20.0], [109267.5, 20.0], [109267.0, 20.0], [109266.5, 20.0], [109266.0, 20.0], [109265.5, 20.0], [109265.0, 20.0], [109259.0, 42870.0], [109257.5, 80.0], [109257.0, 27990.0], [109256.0, 4050.0], [109255.0, 300.0], [109254.5, 500.0], [109254.0, 28180.0], [109249.0, 50000.0]], "asks": [[109281.5, 897410.0], [109282.0, 14850.0], [109282.5, 116080.0], [109283.0, 20.0], [109284.0, 20000.0], [109284.5, 396660.0], [109285.0, 4680.0], [109286.0, 1000.0], [109286.5, 15000.0], [109290.5, 26590.0], [109291.5, 55000.0], [109292.5, 20770.0], [109294.0, 20000.0], [109296.0, 22940.0], [109296.5, 4110.0], [109298.0, 33250.0], [109300.0, 70.0], [109300.5, 42080.0], [109301.5, 18870.0], [109302.5, 40000.0]]}}}
{"jsonrpc": "2.0", "method": "subscription", "params": {"channel": "book.BTC-PERPETUAL.none.20.100ms", "data": {"timestamp": 1756603342177, "change_id": 115676949556, "instrument_name": "BTC-PERPETUAL", "bids": [[109281.0, 839660.0], [109280.0, 285350.0], [109271.5, 320.0], [109269.5, 20000.0], [109267.0, 20.0], [109266.5, 20.0], [109266.0, 20.0], [109265.5, 20.0], [109265.0, 20.0], [109259.0, 42870.0], [109257.5, 80.0], [109257.0, 27990.0], [109256.0, 4050.0], [109255.0, 300.0], [109254.5, 500.0], [109254.0, 28180.0], [109250.0, 20000.0], [109249.0, 50000.0], [109248.0, 42970.0], [109247.5, 110.0]], "asks": [[109281.5, 897350.0], [109282.0, 14850.0], [109282.5, 116080.0], [109283.0, 20.0], [109284.0, 20000.0], [109284.5, 396660.0], [109285.0, 4680.0], [109286.0, 1000.0], [109286.5, 15000.0], [109290.5, 26590.0], [109291.5, 55000.0], [109292.5, 20770.0], [109294.0, 20000.0], [109296.0, 22940.0], [109296.5, 4110.0], [109298.0, 33250.0], [109300.0, 70.0], [109300.5, 42080.0], [109301.5, 18870.0], [109302.5, 40000.0]]}}}
{"jsonrpc": "2.0", "method": "subscription", "params": {"channel": "book.BTC-PERPETUAL.none.20.100ms", "data": {"timestamp": 1756603342501, "change_id": 115676949896, "instrument_name": "BTC-PERPETUAL", "bids": [[109281.0, 839660.0], [109280.0, 285350.0], [109271.5, 320.0], [109269.5, 20000.0], [109266.5, 20.0], [109266.0, 20.0], [109265.5, 20.0], [109265.0, 20.0], [109259.0, 42870.0], [109257.5, 80.0], [109257.0, 27990.0], [109256.0, 4050.0], [109255.0, 300.0], [109254.5, 500.0], [109254.0, 28180.0], [109250.0, 20000.0], [109249.0, 50000.0], [109248.0, 42970.0], [109247.5, 110.0], [109246.0, 61930.0]], "asks": [[109281.5, 917320.0], [109282.0, 14850.0], [109282.5, 116080.0], [109283.0, 20.0], [109284.0, 20000.0], [109284.5, 396660.0], [109285.0, 4680.0], [109286.0, 1000.0], [109286.5, 15000.0], [109290.5, 26590.0], [109291.5, 55000.0], [109292.5, 20770.0], [109294.0, 20000.0], [109296.0, 22940.0], [109296.5, 4110.0], [109298.0, 33250.0], [109300.0, 70.0], [109300.5, 42080.0], [109301.5, 18870.0], [109302.5, 40000.0]]}}}
{"jsonrpc": "2.0", "method": "subscription", "params": {"channel": "book.BTC-PERPETUAL.none.20.100ms", "data": {"timestamp": 1756603342838, "change_id": 115676950158, "instrument_name": "BTC-PERPETUAL", "bids": [[109281.0, 838460.0], [109280.0, 285350.0], [109271.5, 320.0], [109269.5, 20000.0], [109267.0, 20.0], [109266.5, 20.0], [109266.0, 20.0], [109265.5, 20.0], [109265.0, 20.0], [109264.5, 20.0], [109264.0, 20.0], [109263.5, 20.0], [109257.5, 80.0], [109257.0, 27990.0], [109256.0, 4050.0], [109255.0, 300.0], [109254.5, 500.0], [109254.0, 28180.0], [109250.0, 20000.0], [109249.0, 50000.0]], "asks": [[109281.5, 920660.0], [109282.0, 14850.0], [109282.5, 116080.0], [109283.0, 20.0], [109284.0, 20000.0], [109284.5, 396660.0], [109285.0, 4680.0], [109286.0, 1000.0], [109286.5, 15000.0], [109290.5, 26590.0], [109291.5, 55000.0], [109292.5, 20770.0], [109294.0, 20000.0], [109296.0, 22940.0], [109296.5, 4110.0], [109298.0, 33250.0], [109300.0, 70.0], [109300.5, 42080.0], [109301.5, 18870.0], [109302.5, 40000.0]]}}}
{"jsonrpc": "2.0", "method": "subscription", "params": {"channel": "book.BTC-PERPETUAL.none.20.100ms", "data": {"timestamp": 1756603343177, "change_id": 115676950614, "instrument_name": "BTC-PERPETUAL", "bids": [[109281.0, 838460.0], [109280.0, 285350.0], [109271.5, 320.0], [109269.5, 20000.0], [109266.5, 20.0], [109266.0, 20.0], [109265.5, 20.0], [109265.0, 20.0], [109264.5, 20.0], [109264.0, 20.0], [109263.5, 20.0], [109257.5, 80.0], [109257.0, 27990.0], [109256.0, 4050.0], [109255.0, 300.0], [109254.5, 500.0], [109254.0, 28180.0], [109249.0, 50000.0], [109248.0, 42970.0], [109247.5, 20110.0]], "asks": [[109281.5, 920660.0], [109282.0, 14850.0], [109282.5, 116080.0], [109283.0, 20.0], [109284.0, 20000.0], [109284.5, 396660.0], [109285.0, 4680.0], [109286.0, 1000.0], [109286.5, 15000.0], [109290.5, 26590.0], [109291.5, 55000.0], [109292.5, 20770.0], [109294.0, 20000.0], [109296.0, 22940.0], [109296.5, 4110.0], [109298.0, 33250.0], [109300.0, 70.0], [109300.5, 42080.0], [109301.5, 18870.0], [109302.5, 40000.0]]}}}
{"jsonrpc": "2.0", "method": "subscription", "params": {"channel": "book.BTC-PERPETUAL.none.20.100ms", "data": {"timestamp": 1756603343473, "change_id": 115676950946, "instrument_name": "BTC-PERPETUAL", "bids": [[109281.0, 837880.0], [109280.0, 285350.0], [109271.5, 320.0], [109269.5, 20000.0], [109266.5, 20.0], [109266.0, 20.0], [109265.5, 20.0], [109257.5, 80.0], [109257.0, 27990.0], [109256.0, 4050.0], [109255.0, 300.0], [109254.5, 500.0], [109254.0, 28180.0], [109249.0, 50000.0], [109248.0, 42970.0], [109247.5, 110.0], [109246.0, 61930.0], [109244.0, 164460.0], [109243.5, 27950.0], [109242.5, 10.0]], "asks": [[109281.5, 892480.0], [109282.0, 14850.0], [109282.5, 116080.0], [109283.0, 20.0], [109284.0, 20000.0], [109284.5, 396660.0], [109285.0, 4680.0], [109286.0, 1000.0], [109286.5, 15000.0], [109290.5, 26590.0], [109291.5, 55000.0], [109292.5, 20770.0], [109294.0, 20000.0], [109296.0, 22940.0], [109296.5, 4110.0], [109298.0, 33250.0], [109300.0, 70.0], [109300.5, 42080.0], [109301.5, 18870.0], [109302.5, 40000.0]]}}}
{"jsonrpc": "2.0", "method": "subscription", "params": {"channel": "book.BTC-PERPETUAL.none.20.100ms", "data": {"timestamp": 1756603343825, "change_id": 115676951245, "instrument_name": "BTC-PERPETUAL", "bids": [[109281.0, 837880.0], [109280.0, 285350.0], [109271.5, 320.0], [109269.5, 20000.0], [109267.5, 20.0], [109267.0, 20.0], [109266.5, 20.0], [109266.0, 20.0], [109265.5, 20.0], [109265.0, 20.0], [109264.5, 20.0], [109257.5, 80.0], [109257.0, 27990.0], [109256.0, 4050.0], [109255.0, 300.0], [109254.5, 500.0], [109254.0, 28180.0], [109249.0, 70000.0], [109248.0, 42970.0], [109247.5, 110.0]], "asks": [[109281.5, 892720.0], [109282.0, 14850.0], [109282.5, 116080.0], [109283.0, 20.0], [109284.0, 20000.0], [109284.5, 396660.0], [109285.0, 4680.0], [109286.0, 1000.0], [109286.5, 15000.0], [109290.5, 27540.0], [109291.5, 55000.0], [109292.5, 20770.0], [109294.0, 20000.0], [109296.0, 22940.0], [109296.5, 4110.0], [109298.0, 33250.0], [109300.0, 70.0], [109300.5, 42080.0], [109301.5, 18870.0], [109302.5, 40000.0]]}}}
{"jsonrpc": "2.0", "method": "subscription", "params": {"channel": "book.BTC-PERPETUAL.none.20.100ms", "data": {"timestamp": 1756603344141, "change_id": 115676951707, "instrument_name": "BTC-PERPETUAL", "bids": [[109281.0, 102110.0], [109280.0, 285350.0], [109271.5, 320.0], [109269.5, 20000.0], [109264.5, 20.0], [109264.0, 20.0], [109257.5, 80.0], [109257.0, 27990.0], [109256.5, 500.0], [109256.0, 4050.0], [109255.0, 300.0], [109254.0, 28180.0], [109249.0, 70000.0], [109248.0, 42970.0], [109247.5, 110.0], [109246.0, 61930.0], [109244.0, 164460.0], [109243.5, 27950.0], [109242.5, 10.0], [109240.5, 30740.0]], "asks": [[109281.5, 889530.0], [109282.0, 14850.0], [109282.5, 116080.0], [109283.0, 20.0], [109284.0, 20000.0], [109284.5, 396660.0], [109285.0, 4680.0], [109286.0, 1000.0], [109286.5, 15000.0], [109290.5, 27540.0], [109291.5, 55000.0], [109292.5, 20770.0], [109294.0, 20000.0], [109296.0, 22940.0], [109296.5, 4110.0], [109298.0, 33250.0], [109300.0, 70.0], [109300.5, 42080.0], [109301.5, 18870.0], [109302.5, 40000.0]]}}}
{"jsonrpc": "2.0", "method": "subscription", "params": {"channel": "book.BTC-PERPETUAL.none.20.100ms", "data": {"timestamp": 1756603344505, "change_id": 115676952159, "instrument_name": "BTC-PERPETUAL", "bids": [[109281.0, 7480.0], [109280.0, 285350.0], [109271.5, 320.0], [109269.5, 20000.0], [109260.0, 20.0], [109259.5, 20.0], [109257.5, 80.0], [109257.0, 27990.0], [109255.0, 300.0], [109254.5, 4550.0], [109254.0, 28180.0], [109249.0, 50000.0], [109248.0, 42970.0], [109247.5, 110.0], [109246.5, 20000.0], [109246.0, 56670.0], [109243.5, 192400.0], [109242.5, 10.0], [109240.5, 20350.0], [109238.5, 20000.0]], "asks": [[109281.5, 923810.0], [109282.0, 14850.0], [109282.5, 116080.0], [109283.0, 20.0], [109284.0, 20000.0], [109284.5, 396660.0], [109285.0, 4680.0], [109286.0, 1000.0], [109286.5, 15000.0], [109290.5, 27540.0], [109291.5, 55000.0], [109292.5, 20770.0], [109294.0, 20000.0], [109296.0, 22940.0], [109296.5, 4110.0], [109298.0, 33250.0], [109300.0, 70.0], [109300.5, 42080.0], [109301.5, 18870.0], [109302.5, 40000.0]]}}}
{"jsonrpc": "2.0", "method": "subscription", "params": {"channel": "book.BTC-PERPETUAL.none.20.100ms", "data": {"timestamp": 1756603344816, "change_id": 115676952383, "instrument_name": "BTC-PERPETUAL", "bids": [[109281.0, 7480.0], [109280.0, 1021120.0], [109271.5, 320.0], [109269.5, 20000.0], [109261.5, 20.0], [109261.0, 20.0], [109260.5, 20.0], [109260.0, 20.0], [109259.5, 20.0], [109259.0, 20.0], [109258.5, 20.0], [109257.5, 80.0], [109257.0, 27990.0], [109255.0, 800.0], [109254.5, 4050.0], [109254.0, 28180.0], [109249.0, 50000.0], [109248.0, 42970.0], [109247.5, 110.0], [109246.5, 20000.0]], "asks": [[109281.5, 923840.0], [109282.0, 14850.0], [109282.5, 116080.0], [109283.0, 20.0], [109284.0, 20000.0], [109284.5, 396660.0], [109285.0, 4680.0], [109286.0, 1000.0], [109286.5, 15000.0], [109290.5, 27540.0], [109291.5, 55000.0], [109292.5, 20770.0], [109294.0, 20000.0], [109296.0, 22940.0], [109296.5, 4110.0], [109298.0, 33250.0], [109300.0, 70.0], [109300.5, 42080.0], [109301.5, 18870.0], [109302.5, 40200.0]]}}}
{"jsonrpc": "2.0", "method": "subscription", "params": {"channel": "book.BTC-PERPETUAL.none.20.100ms", "data": {"timestamp": 1756603345164, "change_id": 115676952966, "instrument_name": "BTC-PERPETUAL", "bids": [[109281.0, 6950.0], [109280.0, 1021120.0], [109271.5, 320.0], [109269.5, 20000.0], [109262.5, 20.0], [109262.0, 20.0], [109261.5, 20.0], [109257.5, 80.0], [109257.0, 27990.0], [109254.0, 28180.0], [109250.5, 4050.0], [109249.5, 500.0], [109249.0, 50000.0], [109248.0, 42970.0], [109247.5, 110.0], [109244.0, 8390.0], [109243.5, 27950.0], [109243.0, 300.0], [109242.5, 10.0], [109240.5, 14690.0]], "asks": [[109281.5, 923810.0], [109282.0, 14850.0], [109282.5, 116080.0], [109283.0, 20.0], [109284.0, 20000.0], [109284.5, 396660.0], [109285.0, 4680.0], [109286.0, 1000.0], [109286.5, 15000.0], [109290.5, 27540.0], [109291.5, 55000.0], [109292.5, 20770.0], [109294.0, 20000.0], [109296.0, 22940.0], [109296.5, 4110.0], [109298.0, 33250.0], [109300.0, 70.0], [109300.5, 42080.0], [109301.5, 18870.0], [109302.5, 40200.0]]}}}
{"jsonrpc": "2.0", "method": "subscription", "params": {"channel": "book.BTC-PERPETUAL.none.20.100ms", "data": {"timestamp": 1756603345495, "change_id": 115676953929, "instrument_name": "BTC-PERPETUAL", "bids": [[109280.0, 885760.0], [109271.5, 320.0], [109261.0, 20.0], [109260.5, 20.0], [109260.0, 20.0], [109259.5, 20.0], [109259.0, 20.0], [109258.5, 20.0], [109257.5, 80.0], [109254.5, 15000.0], [109253.0, 27880.0], [109251.0, 27840.0], [109248.5, 500.0], [109248.0, 42970.0], [109247.5, 110.0], [109246.0, 31890.0], [109243.5, 27950.0], [109243.0, 300.0], [109242.5, 10.0], [109242.0, 20000.0]], "asks": [[109280.5, 1286880.0], [109281.0, 16940.0], [109281.5, 89440.0], [109282.0, 1150.0], [109282.5, 20.0], [109284.0, 20000.0], [109284.5, 396660.0], [109285.0, 4680.0], [109286.0, 1000.0], [109286.5, 15000.0], [109290.5, 27540.0], [109291.5, 60680.0], [109294.0, 20000.0], [109296.0, 22940.0], [109296.5, 4110.0], [109297.0, 33420.0], [109300.0, 70.0], [109300.5, 42080.0], [109301.5, 18870.0], [109302.5, 40000.0]]}}}
{"jsonrpc": "2.0", "method": "subscription", "params": {"channel": "book.BTC-PERPETUAL.none.20.100ms", "data": {"timestamp": 1756603345825, "change_id": 115676954285, "instrument_name": "BTC-PERPETUAL", "bids": [[109280.0, 885620.0], [109271.5, 320.0], [109261.0, 20.0], [109260.5, 20.0], [109260.0, 20.0], [109259.5, 20.0], [109259.0, 20.0], [109258.5, 20.0], [109257.5, 80.0], [109256.0, 27840.0], [109254.5, 15000.0], [109253.0, 27880.0], [109248.5, 500.0], [109248.0, 42970.0], [109247.5, 110.0], [109246.0, 4050.0], [109243.5, 27950.0], [109243.0, 300.0], [109242.5, 10.0], [109242.0, 20000.0]], "asks": [[109280.5, 1356960.0], [109281.0, 167180.0], [109281.5, 30330.0], [109282.0, 1150.0], [109282.5, 20.0], [109284.0, 20000.0], [109284.5, 396660.0], [109285.0, 4680.0], [109286.0, 1000.0], [109286.5, 15000.0], [109290.5, 27540.0], [109291.5, 60680.0], [109294.0, 20000.0], [109296.0, 22940.0], [109296.5, 4110.0], [109297.0, 33420.0], [109300.0, 70.0], [109300.5, 42080.0], [109301.5, 18870.0], [109302.5, 40000.0]]}}}
{"jsonrpc": "2.0", "method": "subscription", "params": {"channel": "book.BTC-PERPETUAL.none.20.100ms", "data": {"timestamp": 1756603346135, "change_id": 115676954805, "instrument_name": "BTC-PERPETUAL", "bids": [[109280.0, 885500.0], [109271.5, 320.0], [109265.0, 20.0], [109264.5, 20.0], [109264.0, 20.0], [109263.5, 20.0], [109263.0, 20.0], [109262.5, 20.0], [109262.0, 15020.0], [109261.5, 20.0], [109257.5, 80.0], [109256.0, 27840.0], [109253.0, 27880.0], [109248.5, 500.0], [109248.0, 42970.0], [109247.5, 110.0], [109246.0, 4050.0], [109243.5, 47950.0], [109243.0, 300.0], [109242.5, 10.0]], "asks": [[109280.5, 1355430.0], [109281.0, 167200.0], [109281.5, 25890.0], [109282.0, 1150.0], [109284.0, 20000.0], [109284.5, 396660.0], [109285.0, 4680.0], [109286.0, 1000.0], [109286.5, 15000.0], [109290.5, 27540.0], [109291.5, 60680.0], [109294.0, 20000.0], [109296.0, 22940.0], [109296.5, 4110.0], [109297.0, 33420.0], [109300.0, 70.0], [109300.5, 42080.0], [109301.5, 18870.0], [109302.0, 200.0], [109302.5, 40000.0]]}}}
{"jsonrpc": "2.0", "method": "subscription", "params": {"channel": "book.BTC-PERPETUAL.none.20.100ms", "data": {"timestamp": 1756603346481, "change_id": 115676955216, "instrument_name": "BTC-PERPETUAL", "bids": [[109280.0, 895500.0], [109271.5, 320.0], [109266.5, 20.0], [109266.0, 20.0], [109265.5, 20.0], [109265.0, 20.0], [109264.5, 20.0], [109264.0, 20.0], [109263.5, 20.0], [109263.0, 20.0], [109262.0, 15000.0], [109257.5, 80.0], [109256.0, 27840.0], [109253.0, 27880.0], [109248.5, 500.0], [109248.0, 42970.0], [109247.5, 110.0], [109246.0, 4050.0], [109243.5, 47950.0], [109243.0, 300.0]], "asks": [[109280.5, 1355440.0], [109281.0, 167200.0], [109281.5, 25890.0], [109282.0, 1150.0], [109284.0, 20000.0], [109284.5, 396660.0], [109285.0, 4680.0], [109286.0, 1000.0], [109286.5, 15000.0], [109290.5, 27540.0], [109291.5, 60680.0], [109294.0, 20000.0], [109296.0, 22940.0], [109296.5, 4110.0], [109297.0, 33420.0], [109300.0, 70.0], [109300.5, 42080.0], [109301.5, 18870.0], [109302.0, 200.0], [109302.5, 40000.0]]}}}
{"jsonrpc": "2.0", "method": "subscription", "params": {"channel": "book.BTC-PERPETUAL.none.20.100ms", "data": {"timestamp": 1756603346812, "change_id": 115676955663, "instrument_name": "BTC-PERPETUAL", "bids": [[109280.0, 894340.0], [109271.5, 320.0], [109266.0, 20.0], [109265.5, 20.0], [109264.5, 20.0], [109264.0, 20.0], [109263.5, 20.0], [109263.0, 20.0], [109262.0, 15000.0], [109257.5, 80.0], [109256.0, 27840.0], [109253.0, 27880.0], [109248.5, 500.0], [109248.0, 42970.0], [109247.5, 110.0], [109246.0, 4050.0], [109244.0, 8480.0], [109243.5, 27950.0], [109243.0, 300.0], [109242.5, 10.0]], "asks": [[109280.5, 1355430.0], [109281.0, 94350.0], [109281.5, 25890.0], [109282.0, 1150.0], [109284.0, 20000.0], [109284.5, 217400.0], [109285.0, 4680.0], [109286.0, 1000.0], [109286.5, 15000.0], [109290.5, 27540.0], [109291.5, 60680.0], [109294.0, 20000.0], [109296.0, 22940.0], [109296.5, 4110.0], [109297.0, 33420.0], [109300.0, 70.0], [109300.5, 42080.0], [109301.5, 18870.0], [109302.0, 200.0], [109302.5, 40000.0]]}}}
{"jsonrpc": "2.0", "method": "subscription", "params": {"channel": "book.BTC-PERPETUAL.none.20.100ms", "data": {"timestamp": 1756603347138, "change_id": 115676956129, "instrument_name": "BTC-PERPETUAL", "bids": [[109280.0, 894340.0], [109271.5, 320.0], [109267.0, 20.0], [109266.5, 20.0], [109266.0, 20.0], [109265.5, 20.0], [109265.0, 20.0], [109264.5, 20.0], [109264.0, 20.0], [109263.5, 20.0], [109262.0, 15000.0], [109257.5, 80.0], [109256.0, 27840.0], [109253.0, 27880.0], [109248.5, 500.0], [109248.0, 42970.0], [109247.5, 110.0], [109246.0, 4050.0], [109244.0, 8480.0], [109243.5, 27950.0]], "asks": [[109280.5, 1352720.0], [109281.0, 94350.0], [109281.5, 25890.0], [109282.0, 1150.0], [109284.0, 20000.0], [109284.5, 217400.0], [109285.0, 4680.0], [109286.0, 1000.0], [109286.5, 15000.0], [109290.5, 27540.0], [109291.5, 60680.0], [109294.0, 20000.0], [109296.0, 22940.0], [109296.5, 4110.0], [109297.0, 33420.0], [109300.0, 70.0], [109300.5, 42080.0], [109301.5, 18870.0], [109302.0, 200.0], [109302.5, 40000.0]]}}}
{"jsonrpc": "2.0", "method": "subscription", "params": {"channel": "book.BTC-PERPETUAL.none.20.100ms", "data": {"timestamp": 1756603347470, "change_id": 115676956427, "instrument_name": "BTC-PERPETUAL", "bids": [[109280.0, 894200.0], [109271.5, 320.0], [109266.0, 20.0], [109265.5, 20.0], [109265.0, 20.0], [109264.5, 20.0], [109264.0, 20.0], [109263.5, 20.0], [109263.0, 20.0], [109262.0, 15000.0], [109257.5, 80.0], [109256.0, 27840.0], [109253.0, 27880.0], [109248.5, 500.0], [109248.0, 42970.0], [109247.5, 110.0], [109246.0, 4050.0], [109244.0, 8480.0], [109243.5, 27950.0], [109243.0, 300.0]], "asks": [[109280.5, 1353060.0], [109281.0, 94350.0], [109281.5, 25560.0], [109282.0, 1150.0], [109284.0, 20000.0], [109284.5, 217400.0], [109285.0, 4680.0], [109286.0, 1000.0], [109286.5, 15000.0], [109290.5, 27540.0], [109291.5, 60680.0], [109294.0, 20000.0], [109296.0, 22940.0], [109296.5, 4110.0], [109297.0, 33420.0], [109300.0, 70.0], [109300.5, 42080.0], [109301.5, 18870.0], [109302.5, 40000.0], [109303.5, 200.0]]}}}
{"jsonrpc": "2.0", "method": "subscription", "params": {"channel": "book.BTC-PERPETUAL.none.20.100ms", "data": {"timestamp": 1756603347780, "change_id": 115676956711, "instrument_name": "BTC-PERPETUAL", "bids": [[109280.0, 894200.0], [109271.5, 320.0], [109265.5, 20.0], [109265.0, 20.0], [109264.5, 20.0], [109264.0, 20.0], [109263.5, 20.0], [109263.0, 20.0], [109262.5, 20.0], [109262.0, 15000.0], [109257.5, 80.0], [109256.0, 27840.0], [109253.0, 27880.0], [109248.5, 500.0], [109248.0, 42970.0], [109247.5, 110.0], [109246.0, 4050.0], [109244.0, 8480.0], [109243.5, 27950.0], [109243.0, 300.0]], "asks": [[109280.5, 1535300.0], [109281.0, 94350.0], [109281.5, 25560.0], [109282.0, 1150.0], [109284.0, 20000.0], [109284.5, 217400.0], [109285.0, 4680.0], [109286.0, 1000.0], [109286.5, 15000.0], [109290.5, 27540.0], [109291.5, 60680.0], [109294.0, 20000.0], [109296.0, 22940.0], [109296.5, 4110.0], [109297.0, 33420.0], [109300.0, 70.0], [109300.5, 42080.0], [109301.5, 18870.0], [109302.5, 40000.0], [109303.5, 200.0]]}}}
{"jsonrpc": "2.0", "method": "subscription", "params": {"channel": "book.BTC-PERPETUAL.none.20.100ms", "data": {"timestamp": 1756603348131, "change_id": 115676957186, "instrument_name": "BTC-PERPETUAL", "bids": [[109280.0, 931530.0], [109271.5, 320.0], [109265.5, 20.0], [109265.0, 20.0], [109264.5, 20.0], [109264.0, 20.0], [109263.5, 20.0], [109263.0, 20.0], [109262.5, 20.0], [109262.0, 15020.0], [109257.5, 80.0], [109256.0, 27840.0], [109253.5, 500.0], [109253.0, 27880.0], [109248.0, 42970.0], [109247.5, 110.0], [109247.0, 20000.0], [109246.0, 4050.0], [109244.0, 8480.0], [109243.5, 27950.0]], "asks": [[109280.5, 1534430.0], [109281.0, 94350.0], [109281.5, 25560.0], [109282.0, 1150.0], [109284.0, 20000.0], [109284.5, 217400.0], [109285.0, 4680.0], [109286.0, 1000.0], [109286.5, 15000.0], [109290.5, 27540.0], [109291.5, 60680.0], [109294.0, 20000.0], [109296.0, 22940.0], [109296.5, 4110.0], [109297.0, 33420.0], [109300.0, 70.0], [109300.5, 42080.0], [109301.5, 18870.0], [109302.5, 40000.0], [109303.0, 200.0]]}}}
{"jsonrpc": "2.0", "method": "subscription", "params": {"channel": "book.BTC-PERPETUAL.none.20.100ms", "data": {"timestamp": 1756603348464, "change_id": 115676957496, "instrument_name": "BTC-PERPETUAL", "bids": [[109280.0, 931400.0], [109271.5, 320.0], [109265.5, 20.0], [109265.0, 20.0], [109264.5, 20.0], [109264.0, 20.0], [109263.5, 20.0], [109262.0, 15000.0], [109257.5, 80.0], [109256.0, 27840.0], [109253.0, 27880.0], [109248.5, 500.0], [109248.0, 42970.0], [109247.5, 110.0], [109246.0, 4050.0], [109244.0, 8480.0], [109243.5, 27950.0], [109243.0, 300.0], [109242.5, 10.0], [109241.0, 36890.0]], "asks": [[109280.5, 1352210.0], [109281.0, 94350.0], [109281.5, 25560.0], [109282.0, 1150.0], [109284.0, 20000.0], [109284.5, 217400.0], [109285.0, 4680.0], [109286.0, 1000.0], [109286.5, 15000.0], [109290.5, 27540.0], [109291.5, 60680.0], [109294.0, 20000.0], [109296.0, 22940.0], [109296.5, 4110.0], [109297.0, 33420.0], [109300.0, 70.0], [109300.5, 42080.0], [109301.5, 18870.0], [109302.5, 40000.0], [109303.0, 200.0]]}}}
{"jsonrpc": "2.0", "method": "subscription", "params": {"channel": "book.BTC-PERPETUAL.none.20.100ms", "data": {"timestamp": 1756603348782, "change_id": 115676957789, "instrument_name": "BTC-PERPETUAL", "bids": [[109280.0, 931280.0], [109271.5, 320.0], [109265.5, 20.0], [109265.0, 20.0], [109264.5, 20.0], [109264.0, 20.0], [109263.5, 20.0], [109263.0, 20.0], [109262.5, 20.0], [109262.0, 15020.0], [109257.5, 80.0], [109256.0, 27840.0], [109253.5, 500.0], [109253.0, 27880.0], [109248.0, 42970.0], [109247.5, 110.0], [109246.0, 4050.0], [109244.0, 8480.0], [109243.5, 27950.0], [109243.0, 300.0]], "asks": [[109280.5, 1352210.0], [109281.0, 94350.0], [109281.5, 25560.0], [109282.0, 1150.0], [109284.0, 20000.0], [109284.5, 217400.0], [109285.0, 4680.0], [109286.0, 1000.0], [109286.5, 15000.0], [109290.5, 27540.0], [109291.5, 60680.0], [109294.0, 20000.0], [109296.0, 22940.0], [109296.5, 4110.0], [109297.0, 33420.0], [109300.0, 70.0], [109300.5, 42080.0], [109301.5, 18870.0], [109302.0, 200.0], [109302.5, 40000.0]]}}}
{"jsonrpc": "2.0", "method": "subscription", "params": {"channel": "book.BTC-PERPETUAL.none.20.100ms", "data": {"timestamp": 1756603349130, "change_id": 115676958247, "instrument_name": "BTC-PERPETUAL", "bids": [[109280.0, 1003510.0], [109271.5, 320.0], [109266.5, 20.0], [109266.0, 20.0], [109265.5, 20.0], [109265.0, 20.0], [109264.5, 20.0], [109264.0, 20.0], [109263.5, 20.0], [109263.0, 20.0], [109262.0, 15000.0], [109257.5, 80.0], [109256.0, 27840.0], [109253.5, 500.0], [109253.0, 27880.0], [109248.0, 42970.0], [109247.5, 110.0], [109246.0, 4050.0], [109243.5, 27950.0], [109243.0, 300.0]], "asks": [[109280.5, 1352200.0], [109281.0, 94350.0], [109281.5, 25560.0], [109282.0, 1150.0], [109284.0, 20000.0], [109284.5, 217400.0], [109285.0, 4680.0], [109286.0, 1000.0], [109286.5, 15000.0], [109290.5, 27540.0], [109291.5, 60680.0], [109294.0, 20000.0], [109296.0, 22940.0], [109296.5, 4110.0], [109297.0, 33420.0], [109300.0, 70.0], [109300.5, 42080.0], [109301.5, 18870.0], [109302.0, 200.0], [109302.5, 40000.0]]}}}
{"jsonrpc": "2.0", "method": "subscription", "params": {"channel": "book.BTC-PERPETUAL.none.20.100ms", "data": {"timestamp": 1756603349446, "change_id": 115676958572, "instrument_name": "BTC-PERPETUAL", "bids": [[109280.0, 1002760.0], [109271.5, 320.0], [109264.0, 20.0], [109263.5, 20.0], [109263.0, 20.0], [109262.5, 20.0], [109262.0, 15020.0], [109257.5, 80.0], [109256.0, 27840.0], [109253.5, 500.0], [109253.0, 27880.0], [109248.0, 42970.0], [109247.5, 110.0], [109246.0, 4050.0], [109244.0, 8480.0], [109243.5, 27950.0], [109243.0, 300.0], [109242.5, 10.0], [109241.0, 74110.0], [109240.5, 50000.0]], "asks": [[109280.5, 1538350.0], [109281.0, 94350.0], [109281.5, 25560.0], [109282.0, 1150.0], [109284.0, 20000.0], [109284.5, 217400.0], [109285.0, 4680.0], [109286.0, 1000.0], [109286.5, 15000.0], [109290.5, 27540.0], [109291.5, 60680.0], [109294.0, 20000.0], [109296.0, 22940.0], [109296.5, 4110.0], [109297.0, 33420.0], [109300.0, 70.0], [109300.5, 42080.0], [109301.5, 18870.0], [109302.5, 40000.0], [109303.0, 200.0]]}}}
{"jsonrpc": "2.0", "method": "subscription", "params": {"channel": "book.BTC-PERPETUAL.none.20.100ms", "data": {"timestamp": 1756603349794, "change_id": 115676958875, "instrument_name": "BTC-PERPETUAL", "bids": [[109280.0, 1001650.0], [109271.5, 320.0], [109263.5, 20.0], [109263.0, 20.0], [109262.5, 20.0], [109262.0, 15020.0], [109261.5, 20.0], [109261.0, 20.0], [109257.5, 80.0], [109256.0, 27840.0], [109253.5, 500.0], [109253.0, 27880.0], [109248.0, 42970.0], [109247.5, 110.0], [109246.0, 4050.0], [109243.5, 27950.0], [109243.0, 300.0], [109242.5, 10.0], [109241.0, 74110.0], [109240.5, 50000.0]], "asks": [[109280.5, 1352210.0], [109281.0, 94350.0], [109281.5, 25560.0], [109282.0, 1150.0], [109284.0, 20000.0], [109284.5, 217400.0], [109285.0, 4680.0], [109286.0, 1000.0], [109286.5, 15000.0], [109290.5, 27540.0], [109291.5, 60680.0], [109294.0, 20000.0], [109296.0, 22940.0], [109296.5, 4110.0], [109297.0, 33420.0], [109300.0, 70.0], [109300.5, 42080.0], [109301.5, 18870.0], [109302.5, 40000.0], [109303.0, 200.0]]}}}
{"jsonrpc": "2.0", "method": "subscription", "params": {"channel": "book.BTC-PERPETUAL.none.20.100ms", "data": {"timestamp": 1756603350113, "change_id": 115676959392, "instrument_name": "BTC-PERPETUAL", "bids": [[109280.0, 1001540.0], [109271.5, 320.0], [109264.5, 20.0], [109264.0, 20.0], [109263.5, 20.0], [109263.0, 20.0], [109262.5, 20.0], [109262.0, 15000.0], [109257.5, 80.0], [109256.0, 27840.0], [109253.5, 500.0], [109253.0, 27880.0], [109248.0, 42970.0], [109247.5, 110.0], [109246.5, 4050.0], [109245.0, 20000.0], [109243.5, 27950.0], [109243.0, 300.0], [109242.5, 10.0], [109241.0, 74110.0]], "asks": [[109280.5, 1352180.0], [109281.0, 94350.0], [109281.5, 25560.0], [109282.0, 1150.0], [109284.0, 20000.0], [109284.5, 217400.0], [109285.0, 4680.0], [109286.0, 1000.0], [109286.5, 15000.0], [109290.5, 27540.0], [109291.5, 60680.0], [109294.0, 20000.0], [109296.0, 22940.0], [109296.5, 4110.0], [109297.0, 33420.0], [109300.0, 70.0], [109300.5, 42080.0], [109301.5, 18870.0], [109302.5, 40000.0], [109304.0, 200.0]]}}}
{"jsonrpc": "2.0", "method": "subscription", "params": {"channel": "book.BTC-PERPETUAL.none.20.100ms", "data": {"timestamp": 1756603350452, "change_id": 115676959687, "instrument_name": "BTC-PERPETUAL", "bids": [[109280.0, 1001420.0], [109271.5, 320.0], [109262.5, 20.0], [109262.0, 15020.0], [109261.5, 20.0], [109261.0, 20.0], [109260.5, 20.0], [109257.5, 80.0], [109256.0, 27840.0], [109253.0, 27880.0], [109248.5, 500.0], [109248.0, 42970.0], [109247.5, 110.0], [109243.5, 27950.0], [109243.0, 300.0], [109242.5, 10.0], [109242.0, 20000.0], [109241.0, 74110.0], [109240.5, 50000.0], [109238.5, 164450.0]], "asks": [[109280.5, 1352170.0], [109281.0, 94350.0], [109281.5, 25560.0], [109282.0, 1150.0], [109284.0, 23010.0], [109284.5, 217400.0], [109285.0, 4680.0], [109286.0, 1000.0], [109286.5, 15000.0], [109290.5, 27540.0], [109291.5, 60680.0], [109294.0, 20000.0], [109296.0, 22940.0], [109296.5, 4110.0], [109297.0, 33420.0], [109300.0, 70.0], [109300.5, 42080.0], [109301.5, 18870.0], [109302.5, 40000.0], [109304.0, 200.0]]}}}
{"jsonrpc": "2.0", "method": "subscription", "params": {"channel": "book.BTC-PERPETUAL.none.20.100ms", "data": {"timestamp": 1756603350787, "change_id": 115676959962, "instrument_name": "BTC-PERPETUAL", "bids": [[109280.0, 1001420.0], [109271.5, 320.0], [109264.0, 20.0], [109263.5, 20.0], [109263.0, 20.0], [109262.5, 20.0], [109262.0, 15020.0], [109261.5, 20.0], [109261.0, 20.0], [109257.5, 80.0], [109256.0, 27840.0], [109253.5, 500.0], [109253.0, 27880.0], [109248.0, 42970.0], [109247.5, 110.0], [109247.0, 4050.0], [109243.5, 27950.0], [109243.0, 300.0], [109242.5, 10.0], [109241.0, 74110.0]], "asks": [[109280.5, 1541380.0], [109281.0, 94350.0], [109281.5, 25560.0], [109282.0, 1150.0], [109284.0, 23010.0], [109284.5, 217400.0], [109285.0, 4680.0], [109286.0, 1000.0], [109286.5, 15000.0], [109290.5, 27540.0], [109291.5, 60680.0], [109294.0, 20000.0], [109296.0, 22940.0], [109296.5, 4110.0], [109297.0, 33420.0], [109300.0, 70.0], [109300.5, 42080.0], [109301.5, 18870.0], [109302.5, 40000.0], [109304.5, 200.0]]}}}
{"jsonrpc": "2.0", "method": "subscription", "params": {"channel": "book.BTC-PERPETUAL.none.20.100ms", "data": {"timestamp": 1756603351111, "change_id": 115676960454, "instrument_name": "BTC-PERPETUAL", "bids": [[109280.0, 1001420.0], [109271.5, 320.0], [109264.0, 20.0], [109263.5, 20.0], [109263.0, 20.0], [109262.5, 20.0], [109262.0, 15020.0], [109261.5, 20.0], [109261.0, 20.0], [109257.5, 80.0], [109256.0, 27840.0], [109253.5, 500.0], [109253.0, 27880.0], [109248.0, 42970.0], [109247.5, 110.0], [109247.0, 4050.0], [109243.5, 27950.0], [109243.0, 300.0], [109242.5, 10.0], [109241.0, 74110.0]], "asks": [[109280.5, 1461390.0], [109281.0, 94350.0], [109281.5, 25560.0], [109282.0, 1150.0], [109284.0, 23010.0], [109284.5, 217400.0], [109286.0, 5500.0], [109286.5, 15000.0], [109290.5, 27540.0], [109291.5, 60680.0], [109294.0, 20000.0], [109296.0, 22940.0], [109296.5, 4110.0], [109297.0, 33420.0], [109300.0, 70.0], [109300.5, 42080.0], [109301.5, 18870.0], [109302.5, 40000.0], [109304.5, 200.0], [109305.5, 18400.0]]}}}
{"jsonrpc": "2.0", "method": "subscription", "params": {"channel": "book.BTC-PERPETUAL.none.20.100ms", "data": {"timestamp": 1756603351450, "change_id": 115676960752, "instrument_name": "BTC-PERPETUAL", "bids": [[109280.0, 1001420.0], [109271.5, 320.0], [109263.5, 20.0], [109263.0, 20.0], [109262.5, 20.0], [109262.0, 15000.0], [109257.5, 80.0], [109256.0, 27840.0], [109253.5, 500.0], [109253.0, 27880.0], [109248.0, 42970.0], [109247.5, 110.0], [109247.0, 4050.0], [109244.5, 20000.0], [109243.5, 27950.0], [109243.0, 300.0], [109242.5, 10.0], [109241.0, 74110.0], [109240.5, 50000.0], [109238.5, 164450.0]], "asks": [[109280.5, 1501430.0], [109281.0, 94350.0], [109281.5, 25560.0], [109282.0, 1150.0], [109284.0, 23010.0], [109284.5, 217400.0], [109286.0, 5500.0], [109286.5, 15000.0], [109290.5, 27540.0], [109291.5, 60680.0], [109294.0, 20000.0], [109296.0, 22940.0], [109296.5, 4110.0], [109297.0, 33420.0], [109300.0, 70.0], [109300.5, 42080.0], [109301.5, 18870.0], [109302.5, 40000.0], [109303.5, 200.0], [109305.5, 18400.0]]}}}
{"jsonrpc": "2.0", "method": "subscription", "params": {"channel": "book.BTC-PERPETUAL.none.20.100ms", "data": {"timestamp": 1756603351765, "change_id": 115676961043, "instrument_name": "BTC-PERPETUAL", "bids": [[109280.0, 1001260.0], [109271.5, 320.0], [109264.0, 20.0], [109262.5, 20.0], [109262.0, 15020.0], [109261.5, 20.0], [109261.0, 20.0], [109260.5, 20.0], [109260.0, 20.0], [109257.5, 80.0], [109256.0, 27840.0], [109253.5, 500.0], [109253.0, 27880.0], [109248.0, 42970.0], [109247.5, 110.0], [109247.0, 4050.0], [109244.5, 20000.0], [109243.5, 27950.0], [109243.0, 300.0], [109242.5, 10.0]], "asks": [[109280.5, 1501490.0], [109281.0, 94350.0], [109281.5, 25560.0], [109282.0, 1150.0], [109284.0, 23010.0], [109284.5, 217400.0], [109286.0, 5500.0], [109286.5, 15000.0], [109290.5, 27540.0], [109291.5, 60680.0], [109294.0, 20000.0], [109296.0, 22940.0], [109296.5, 4110.0], [109297.0, 33420.0], [109300.0, 70.0], [109300.5, 42080.0], [109301.5, 18870.0], [109302.5, 40000.0], [109303.5, 200.0], [109305.5, 18400.0]]}}}
{"jsonrpc": "2.0", "method": "subscription", "params": {"channel": "book.BTC-PERPETUAL.none.20.100ms", "data": {"timestamp": 1756603352110, "change_id": 115676961574, "instrument_name": "BTC-PERPETUAL", "bids": [[109280.0, 994850.0], [109271.5, 320.0], [109263.5, 20.0], [109262.5, 20.0], [109262.0, 15020.0], [109261.5, 20.0], [109261.0, 20.0], [109260.5, 20.0], [109260.0, 20.0], [109257.5, 80.0], [109256.0, 27840.0], [109253.5, 500.0], [109253.0, 27880.0], [109248.0, 42970.0], [109247.5, 110.0], [109247.0, 4050.0], [109244.5, 20000.0], [109243.5, 27950.0], [109243.0, 300.0], [109242.5, 10.0]], "asks": [[109280.5, 1501510.0], [109281.0, 94350.0], [109281.5, 25560.0], [109282.0, 1150.0], [109284.0, 23010.0], [109284.5, 217400.0], [109286.0, 5500.0], [109286.5, 15000.0], [109290.5, 27540.0], [109291.5, 60680.0], [109294.0, 20000.0], [109296.0, 22940.0], [109296.5, 4110.0], [109297.0, 33420.0], [109300.0, 70.0], [109300.5, 42080.0], [109301.5, 18870.0], [109302.5, 40000.0], [109305.0, 200.0], [109305.5, 18400.0]]}}}
{"jsonrpc": "2.0", "method": "subscription", "params": {"channel": "book.BTC-PERPETUAL.none.20.100ms", "data": {"timestamp": 1756603352411, "change_id": 115676961899, "instrument_name": "BTC-PERPETUAL", "bids": [[109280.0, 988740.0], [109271.5, 320.0], [109265.0, 20.0], [109264.5, 20.0], [109264.0, 20.0], [109262.0, 15020.0], [109261.5, 20.0], [109261.0, 20.0], [109260.5, 20.0], [109257.5, 80.0], [109256.0, 27840.0], [109253.5, 500.0], [109253.0, 27880.0], [109248.0, 42970.0], [109247.5, 110.0], [109247.0, 4050.0], [109244.5, 20000.0], [109243.5, 27950.0], [109243.0, 300.0], [109242.5, 10.0]], "asks": [[109280.5, 1501570.0], [109281.0, 94350.0], [109281.5, 25560.0], [109282.0, 1150.0], [109284.0, 23010.0], [109284.5, 217400.0], [109286.0, 5500.0], [109286.5, 15000.0], [109290.5, 27540.0], [109291.5, 60680.0], [109294.0, 20000.0], [109296.0, 22940.0], [109296.5, 4110.0], [109297.0, 33420.0], [109300.0, 70.0], [109300.5, 42080.0], [109301.5, 18870.0], [109302.5, 40000.0], [109305.0, 200.0], [109305.5, 18400.0]]}}}
{"jsonrpc": "2.0", "method": "subscription", "params": {"channel": "book.BTC-PERPETUAL.none.20.100ms", "data": {"timestamp": 1756603352756, "change_id": 115676962185, "instrument_name": "BTC-PERPETUAL", "bids": [[109280.0, 988740.0], [109271.5, 320.0], [109264.5, 20.0], [109264.0, 20.0], [109263.5, 20.0], [109263.0, 20.0], [109262.5, 20.0], [109262.0, 15020.0], [109257.5, 80.0], [109256.0, 27840.0], [109253.5, 500.0], [109253.0, 27880.0], [109248.0, 42970.0], [109247.5, 110.0], [109247.0, 4050.0], [109244.5, 20000.0], [109243.5, 27950.0], [109243.0, 300.0], [109242.5, 10.0], [109241.0, 69800.0]], "asks": [[109280.5, 1501560.0], [109281.0, 94350.0], [109281.5, 25560.0], [109282.0, 1150.0], [109284.0, 23010.0], [109284.5, 217400.0], [109286.0, 5500.0], [109286.5, 15000.0], [109290.5, 27540.0], [109291.5, 60680.0], [109294.0, 20000.0], [109296.0, 22940.0], [109296.5, 4110.0], [109297.0, 33420.0], [109300.0, 70.0], [109300.5, 42080.0], [109301.5, 18870.0], [109302.5, 40000.0], [109303.0, 200.0], [109305.5, 18400.0]]}}}
{"jsonrpc": "2.0", "method": "subscription", "params": {"channel": "book.BTC-PERPETUAL.none.20.100ms", "data": {"timestamp": 1756603353087, "change_id": 115676962580, "instrument_name": "BTC-PERPETUAL", "bids": [[109280.0, 988740.0], [109271.5, 320.0], [109264.0, 20.0], [109263.5, 20.0], [109263.0, 20.0], [109262.5, 20.0], [109262.0, 15000.0], [109257.5, 80.0], [109256.0, 27840.0], [109253.5, 500.0], [109253.0, 27880.0], [109248.0, 42970.0], [109247.5, 110.0], [109247.0, 4050.0], [109244.5, 20000.0], [109243.5, 27950.0], [109243.0, 300.0], [109242.5, 10.0], [109241.0, 69800.0], [109240.5, 50000.0]], "asks": [[109280.5, 1715350.0], [109281.0, 31000.0], [109281.5, 25560.0], [109282.0, 1150.0], [109284.0, 23010.0], [109284.5, 3560.0], [109286.0, 5500.0], [109286.5, 15000.0], [109290.5, 27540.0], [109291.5, 60680.0], [109294.0, 20000.0], [109296.0, 22940.0], [109296.5, 4110.0], [109297.0, 33420.0], [109300.0, 70.0], [109300.5, 42080.0], [109301.5, 18870.0], [109302.5, 40000.0], [109303.0, 200.0], [109305.5, 18400.0]]}}}
{"jsonrpc": "2.0", "method": "subscription", "params": {"channel": "book.BTC-PERPETUAL.none.20.100ms", "data": {"timestamp": 1756603353410, "change_id": 115676963089, "instrument_name": "BTC-PERPETUAL", "bids": [[109280.0, 988740.0], [109271.5, 320.0], [109264.5, 20.0], [109264.0, 20.0], [109263.5, 20.0], [109263.0, 20.0], [109262.0, 15000.0], [109257.5, 80.0], [109256.0, 27840.0], [109255.5, 4000.0], [109253.5, 500.0], [109253.0, 27880.0], [109248.0, 42970.0], [109247.5, 110.0], [109244.5, 20000.0], [109243.5, 27950.0], [109243.0, 300.0], [109242.5, 10.0], [109241.0, 69800.0], [109240.5, 50000.0]], "asks": [[109280.5, 1731010.0], [109281.0, 31000.0], [109281.5, 21510.0], [109282.0, 1150.0], [109284.0, 23010.0], [109284.5, 3560.0], [109286.0, 5500.0], [109286.5, 15000.0], [109290.5, 27540.0], [109291.5, 60680.0], [109294.0, 20000.0], [109296.0, 22940.0], [109296.5, 60.0], [109297.0, 33420.0], [109300.0, 70.0], [109300.5, 42080.0], [109301.5, 18870.0], [109302.5, 40000.0], [109303.5, 200.0], [109304.0, 4000.0]]}}}
{"jsonrpc": "2.0", "method": "subscription", "params": {"channel": "book.BTC-PERPETUAL.none.20.100ms", "data": {"timestamp": 1756603353749, "change_id": 115676963374, "instrument_name": "BTC-PERPETUAL", "bids": [[109280.0, 988630.0], [109271.5, 320.0], [109264.5, 20.0], [109264.0, 20.0], [109263.5, 20.0], [109263.0, 20.0], [109262.5, 20.0], [109262.0, 15020.0], [109261.5, 20.0], [109257.5, 80.0], [109256.0, 27840.0], [109255.5, 4000.0], [109253.5, 500.0], [109253.0, 27880.0], [109248.0, 42970.0], [109247.5, 110.0], [109244.5, 20000.0], [109243.5, 27950.0], [109243.0, 300.0], [109242.5, 10.0]], "asks": [[109280.5, 1732040.0], [109281.0, 31000.0], [109281.5, 21510.0], [109282.0, 1150.0], [109284.0, 23010.0], [109284.5, 3560.0], [109286.0, 5500.0], [109286.5, 15000.0], [109290.5, 27540.0], [109291.5, 60680.0], [109294.0, 20000.0], [109296.0, 22940.0], [109296.5, 60.0], [109297.0, 33420.0], [109300.0, 70.0], [109300.5, 42080.0], [109301.5, 18870.0], [109302.5, 40000.0], [109303.5, 200.0], [109304.0, 4000.0]]}}}
{"jsonrpc": "2.0", "method": "subscription", "params": {"channel": "book.BTC-PERPETUAL.none.20.100ms", "data": {"timestamp": 1756603354071, "change_id": 115676963756, "instrument_name": "BTC-PERPETUAL", "bids": [[109280.0, 988630.0], [109271.5, 320.0], [109264.0, 20.0], [109263.5, 20.0], [109263.0, 20.0], [109262.5, 20.0], [109262.0, 15020.0], [109261.5, 20.0], [109261.0, 20.0], [109257.5, 80.0], [109256.0, 27840.0], [109255.5, 4000.0], [109253.5, 500.0], [109253.0, 27880.0], [109248.0, 42970.0], [109247.5, 110.0], [109244.5, 20000.0], [109243.5, 27950.0], [109243.0, 300.0], [109242.5, 10.0]], "asks": [[109280.5, 1732050.0], [109281.0, 31000.0], [109281.5, 21510.0], [109282.0, 1150.0], [109284.0, 23010.0], [109284.5, 3560.0], [109286.0, 5500.0], [109286.5, 15000.0], [109290.5, 27540.0], [109291.5, 60680.0], [109294.0, 20000.0], [109296.0, 22940.0], [109296.5, 60.0], [109297.0, 33420.0], [109300.0, 70.0], [109300.5, 42080.0], [109301.5, 18870.0], [109302.5, 40000.0], [109303.0, 200.0], [109304.0, 4000.0]]}}}
{"jsonrpc": "2.0", "method": "subscription", "params": {"channel": "book.BTC-PERPETUAL.none.20.100ms", "data": {"timestamp": 1756603354365, "change_id": 115676964091, "instrument_name": "BTC-PERPETUAL", "bids": [[109280.0, 988530.0], [109271.5, 320.0], [109267.5, 20.0], [109267.0, 20.0], [109266.5, 20.0], [109266.0, 20.0], [109265.5, 20.0], [109265.0, 20.0], [109264.5, 20.0], [109262.0, 15000.0], [109257.5, 80.0], [109256.0, 28340.0], [109255.5, 4000.0], [109253.0, 27880.0], [109248.0, 42970.0], [109247.5, 110.0], [109246.5, 20000.0], [109243.5, 27950.0], [109243.0, 300.0], [109242.5, 10.0]], "asks": [[109280.5, 1732040.0], [109281.0, 31000.0], [109281.5, 21510.0], [109282.0, 1150.0], [109284.0, 23010.0], [109284.5, 3560.0], [109286.0, 5500.0], [109286.5, 15000.0], [109290.5, 27540.0], [109291.5, 60680.0], [109294.0, 20000.0], [109296.0, 22940.0], [109296.5, 60.0], [109297.0, 33420.0], [109300.0, 70.0], [109300.5, 42080.0], [109301.5, 18870.0], [109302.5, 40000.0], [109303.0, 200.0], [109304.0, 4000.0]]}}}
{"jsonrpc": "2.0", "method": "subscription", "params": {"channel": "book.BTC-PERPETUAL.none.20.100ms", "data": {"timestamp": 1756603354755, "change_id": 115676964418, "instrument_name": "BTC-PERPETUAL", "bids": [[109280.0, 988530.0], [109271.5, 320.0], [109267.0, 20.0], [109266.0, 20.0], [109265.5, 20.0], [109265.0, 20.0], [109264.5, 20.0], [109262.0, 15000.0], [109257.5, 80.0], [109256.5, 500.0], [109256.0, 27840.0], [109255.5, 4000.0], [109253.0, 27880.0], [109248.0, 42970.0], [109247.5, 110.0], [109246.5, 20000.0], [109243.5, 27950.0], [109243.0, 300.0], [109242.5, 10.0], [109241.0, 77300.0]], "asks": [[109280.5, 1725420.0], [109281.0, 31000.0], [109281.5, 21510.0], [109282.0, 1150.0], [109284.0, 23010.0], [109284.5, 3560.0], [109286.0, 5500.0], [109286.5, 15000.0], [109290.5, 27540.0], [109291.5, 60680.0], [109294.0, 20000.0], [109296.0, 22940.0], [109296.5, 60.0], [109297.0, 33420.0], [109300.0, 70.0], [109300.5, 42080.0], [109301.5, 18870.0], [109302.5, 40000.0], [109303.5, 200.0], [109304.0, 4000.0]]}}}
{"jsonrpc": "2.0", "method": "subscription", "params": {"channel": "book.BTC-PERPETUAL.none.20.100ms", "data": {"timestamp": 1756603355059, "change_id": 115676964823, "instrument_name": "BTC-PERPETUAL", "bids": [[109280.0, 988530.0], [109271.5, 320.0], [109269.0, 15000.0], [109266.0, 20.0], [109265.5, 20.0], [109265.0, 20.0], [109264.5, 20.0], [109264.0, 20.0], [109257.5, 80.0], [109256.0, 28340.0], [109255.5, 4000.0], [109253.0, 27880.0], [109248.0, 42970.0], [109247.5, 110.0], [109246.5, 20000.0], [109244.0, 8480.0], [109243.5, 27950.0], [109243.0, 300.0], [109242.5, 10.0], [109241.0, 77300.0]], "asks": [[109280.5, 1731240.0], [109281.0, 31000.0], [109281.5, 21510.0], [109282.0, 1150.0], [109284.0, 23010.0], [109284.5, 3560.0], [109286.0, 5500.0], [109286.5, 15000.0], [109290.5, 27540.0], [109291.5, 60680.0], [109294.0, 20000.0], [109296.0, 22940.0], [109296.5, 60.0], [109297.0, 33420.0], [109300.0, 70.0], [109300.5, 42080.0], [109301.5, 18870.0], [109302.5, 40000.0], [109303.5, 200.0], [109304.0, 4000.0]]}}}
{"jsonrpc": "2.0", "method": "subscription", "params": {"channel": "book.BTC-PERPETUAL.none.20.100ms", "data": {"timestamp": 1756603355284, "change_id": 115676965117, "instrument_name": "BTC-PERPETUAL", "bids": [[109280.0, 988530.0], [109271.5, 320.0], [109269.0, 15000.0], [109265.5, 20.0], [109265.0, 20.0], [109264.5, 20.0], [109264.0, 20.0], [109263.5, 20.0], [109257.5, 80.0], [109256.5, 500.0], [109256.0, 27840.0], [109255.5, 4000.0], [109253.0, 27880.0], [109248.5, 50000.0], [109248.0, 42970.0], [109247.5, 110.0], [109246.5, 20000.0], [109244.0, 8480.0], [109243.5, 27950.0], [109243.0, 300.0]], "asks": [[109280.5, 1731340.0], [109281.0, 31000.0], [109281.5, 21510.0], [109282.0, 1150.0], [109284.0, 23010.0], [109284.5, 3560.0], [109286.0, 5500.0], [109286.5, 15000.0], [109290.5, 27540.0], [109291.5, 60680.0], [109294.0, 20000.0], [109296.0, 22940.0], [109296.5, 60.0], [109297.0, 33420.0], [109300.0, 70.0], [109300.5, 42080.0], [109301.5, 18870.0], [109302.5, 40000.0], [109303.5, 200.0], [109304.0, 4000.0]]}}}
{"jsonrpc": "2.0", "method": "subscription", "params": {"channel": "book.BTC-PERPETUAL.none.20.100ms", "data": {"timestamp": 1756603355736, "change_id": 115676965443, "instrument_name": "BTC-PERPETUAL", "bids": [[109280.0, 988530.0], [109271.5, 320.0], [109269.0, 15000.0], [109267.5, 20.0], [109267.0, 20.0], [109266.5, 20.0], [109266.0, 20.0], [109265.5, 20.0], [109265.0, 20.0], [109264.5, 20.0], [109264.0, 20.0], [109257.5, 80.0], [109256.5, 500.0], [109256.0, 27840.0], [109255.5, 4000.0], [109253.0, 27880.0], [109248.5, 50000.0], [109248.0, 42970.0], [109247.5, 110.0], [109246.5, 20000.0]], "asks": [[109280.5, 1731370.0], [109281.0, 31000.0], [109281.5, 21510.0], [109282.0, 1150.0], [109284.0, 23010.0], [109284.5, 3560.0], [109286.0, 5500.0], [109286.5, 15000.0], [109290.5, 18040.0], [109291.5, 60680.0], [109294.0, 20000.0], [109296.0, 22940.0], [109296.5, 60.0], [109297.0, 33420.0], [109300.0, 70.0], [109300.5, 42080.0], [109301.5, 18870.0], [109302.5, 40000.0], [109304.0, 4200.0], [109305.5, 18400.0]]}}}
{"jsonrpc": "2.0", "method": "subscription", "params": {"channel": "book.BTC-PERPETUAL.none.20.100ms", "data": {"timestamp": 1756603356062, "change_id": 115676965831, "instrument_name": "BTC-PERPETUAL", "bids": [[109280.0, 988530.0], [109271.5, 320.0], [109269.0, 15000.0], [109266.5, 20.0], [109266.0, 20.0], [109265.5, 20.0], [109265.0, 20.0], [109264.5, 20.0], [109257.5, 80.0], [109256.5, 500.0], [109256.0, 27840.0], [109255.5, 4000.0], [109253.0, 27880.0], [109248.5, 50000.0], [109248.0, 42970.0], [109247.5, 110.0], [109246.5, 20000.0], [109244.0, 8480.0], [109243.5, 27950.0], [109243.0, 300.0]], "asks": [[109280.5, 1731370.0], [109281.0, 31000.0], [109281.5, 21510.0], [109282.0, 1150.0], [109284.0, 23010.0], [109284.5, 3560.0], [109286.0, 5500.0], [109286.5, 15000.0], [109290.5, 18040.0], [109291.5, 60680.0], [109294.0, 20000.0], [109296.0, 22940.0], [109296.5, 60.0], [109297.0, 33420.0], [109300.0, 70.0], [109300.5, 42080.0], [109301.5, 18870.0], [109302.5, 40000.0], [109304.0, 4200.0], [109305.5, 18400.0]]}}}
{"jsonrpc": "2.0", "method": "subscription", "params": {"channel": "book.BTC-PERPETUAL.none.20.100ms", "data": {"timestamp": 1756603356385, "change_id": 115676966171, "instrument_name": "BTC-PERPETUAL", "bids": [[109280.0, 988530.0], [109271.5, 320.0], [109269.0, 15000.0], [109266.5, 20.0], [109266.0, 20.0], [109265.5, 20.0], [109265.0, 20.0], [109264.5, 20.0], [109257.5, 80.0], [109256.5, 500.0], [109256.0, 27840.0], [109255.5, 4000.0], [109253.0, 27880.0], [109248.5, 50000.0], [109248.0, 42970.0], [109247.5, 110.0], [109246.5, 20000.0], [109244.0, 8480.0], [109243.5, 27950.0], [109243.0, 300.0]], "asks": [[109280.5, 1731360.0], [109281.0, 31000.0], [109281.5, 21510.0], [109282.0, 1150.0], [109284.0, 23010.0], [109284.5, 3560.0], [109286.0, 5500.0], [109286.5, 15000.0], [109290.5, 18040.0], [109291.5, 60680.0], [109294.0, 20000.0], [109296.0, 22940.0], [109296.5, 60.0], [109297.0, 33420.0], [109300.0, 70.0], [109300.5, 42080.0], [109301.5, 18870.0], [109302.5, 40000.0], [109303.5, 200.0], [109304.0, 4000.0]]}}}
{"jsonrpc": "2.0", "method": "subscription", "params": {"channel": "book.BTC-PERPETUAL.none.20.100ms", "data": {"timestamp": 1756603356703, "change_id": 115676966436, "instrument_name": "BTC-PERPETUAL", "bids": [[109280.0, 988530.0], [109271.5, 320.0], [109269.0, 15000.0], [109266.5, 20.0], [109266.0, 20.0], [109265.5, 20.0], [109265.0, 20.0], [109264.5, 20.0], [109257.5, 80.0], [109256.5, 500.0], [109256.0, 27840.0], [109255.5, 4000.0], [109253.0, 27880.0], [109248.5, 50000.0], [109248.0, 42970.0], [109247.5, 110.0], [109246.5, 20000.0], [109244.0, 8480.0], [109243.5, 27950.0], [109243.0, 300.0]], "asks": [[109280.5, 1731360.0], [109281.0, 31000.0], [109281.5, 21510.0], [109282.0, 1150.0], [109284.0, 23010.0], [109284.5, 3560.0], [109286.0, 5500.0], [109286.5, 15000.0], [109290.5, 18040.0], [109291.5, 60680.0], [109294.0, 20000.0], [109296.0, 22940.0], [109296.5, 60.0], [109297.0, 33420.0], [109300.0, 70.0], [109300.5, 42080.0], [109301.5, 18870.0], [109302.5, 40000.0], [109303.5, 200.0], [109304.0, 4000.0]]}}}
{"jsonrpc": "2.0", "method": "subscription", "params": {"channel": "book.BTC-PERPETUAL.none.20.100ms", "data": {"timestamp": 1756603357062, "change_id": 115676966975, "instrument_name": "BTC-PERPETUAL", "bids": [[109280.0, 988530.0], [109271.5, 320.0], [109269.5, 20.0], [109269.0, 15020.0], [109268.5, 20.0], [109268.0, 20.0], [109267.5, 20.0], [109267.0, 20.0], [109257.5, 80.0], [109256.5, 500.0], [109256.0, 27840.0], [109255.5, 4000.0], [109253.0, 27880.0], [109249.0, 27920.0], [109248.5, 50000.0], [109248.0, 42970.0], [109247.5, 110.0], [109244.0, 8480.0], [109243.5, 27950.0], [109243.0, 300.0]], "asks": [[109280.5, 1506510.0], [109281.0, 30980.0], [109281.5, 21490.0], [109282.0, 1130.0], [109283.5, 500.0], [109284.0, 23010.0], [109284.5, 3560.0], [109286.0, 5500.0], [109286.5, 15000.0], [109290.5, 18040.0], [109291.5, 60680.0], [109294.0, 20000.0], [109296.0, 22940.0], [109296.5, 60.0], [109297.0, 33420.0], [109300.0, 70.0], [109300.5, 42080.0], [109301.5, 18870.0], [109302.5, 40000.0], [109303.5, 200.0]]}}}
{"jsonrpc": "2.0", "method": "subscription", "params": {"channel": "book.BTC-PERPETUAL.none.20.100ms", "data": {"timestamp": 1756603357401, "change_id": 115676967445, "instrument_name": "BTC-PERPETUAL", "bids": [[109280.0, 1008530.0], [109271.5, 320.0], [109269.0, 20.0], [109268.5, 20.0], [109268.0, 20.0], [109267.5, 20.0], [109267.0, 20.0], [109259.5, 500.0], [109259.0, 4000.0], [109257.5, 80.0], [109256.0, 27840.0], [109253.0, 27880.0], [109249.0, 27920.0], [109248.5, 50000.0], [109248.0, 42970.0], [109247.5, 110.0], [109244.0, 8480.0], [109243.5, 27950.0], [109243.0, 300.0], [109242.5, 10.0]], "asks": [[109280.5, 1674970.0], [109281.0, 30980.0], [109281.5, 21490.0], [109282.0, 1130.0], [109284.0, 23510.0], [109284.5, 3560.0], [109286.0, 5500.0], [109286.5, 15000.0], [109290.5, 18040.0], [109291.5, 60680.0], [109294.0, 20000.0], [109296.0, 22940.0], [109296.5, 60.0], [109297.0, 33420.0], [109300.0, 70.0], [109300.5, 42080.0], [109301.5, 18870.0], [109302.5, 40000.0], [109303.5, 200.0], [109304.0, 4000.0]]}}}
{"jsonrpc": "2.0", "method": "subscription", "params": {"channel": "book.BTC-PERPETUAL.none.20.100ms", "data": {"timestamp": 1756603357708, "change_id": 115676967691, "instrument_name": "BTC-PERPETUAL", "bids": [[109280.0, 1008530.0], [109271.5, 320.0], [109269.0, 20.0], [109268.5, 20.0], [109268.0, 20.0], [109267.5, 20.0], [109267.0, 20.0], [109259.5, 500.0], [109259.0, 4000.0], [109257.5, 80.0], [109256.0, 27840.0], [109253.0, 27880.0], [109249.0, 27920.0], [109248.5, 50000.0], [109248.0, 42970.0], [109247.5, 110.0], [109244.0, 8480.0], [109243.5, 27950.0], [109243.0, 300.0], [109242.5, 10.0]], "asks": [[109280.5, 1715310.0], [109281.0, 30980.0], [109281.5, 21490.0], [109282.0, 1130.0], [109283.5, 500.0], [109284.0, 23010.0], [109284.5, 3560.0], [109286.0, 5500.0], [109286.5, 15000.0], [109290.5, 18040.0], [109291.5, 60680.0], [109294.0, 20000.0], [109296.0, 22940.0], [109296.5, 60.0], [109297.0, 33420.0], [109300.0, 70.0], [109300.5, 42080.0], [109301.5, 18870.0], [109302.5, 40000.0], [109304.0, 4000.0]]}}}
{"jsonrpc": "2.0", "method": "subscription", "params": {"channel": "book.BTC-PERPETUAL.none.20.100ms", "data": {"timestamp": 1756603358060, "change_id": 115676968146, "instrument_name": "BTC-PERPETUAL", "bids": [[109280.0, 1008530.0], [109271.5, 320.0], [109269.5, 20.0], [109269.0, 20.0], [109268.5, 20.0], [109268.0, 20.0], [109267.5, 20.0], [109267.0, 20.0], [109259.5, 500.0], [109259.0, 4000.0], [109257.5, 80.0], [109256.0, 27840.0], [109253.0, 27880.0], [109251.5, 20000.0], [109249.0, 27920.0], [109248.5, 50000.0], [109248.0, 42970.0], [109247.5, 110.0], [109244.0, 13420.0], [109243.5, 27950.0]], "asks": [[109280.5, 1715660.0], [109281.0, 30980.0], [109281.5, 21490.0], [109282.0, 1130.0], [109282.5, 20.0], [109283.0, 20.0], [109284.0, 23510.0], [109284.5, 3560.0], [109286.0, 5500.0], [109286.5, 15000.0], [109290.5, 18040.0], [109291.5, 60680.0], [109294.0, 20000.0], [109296.0, 22940.0], [109296.5, 60.0], [109297.0, 33420.0], [109300.0, 70.0], [109300.5, 42080.0], [109301.5, 18870.0], [109302.5, 40000.0]]}}}
{"jsonrpc": "2.0", "method": "subscription", "params": {"channel": "book.BTC-PERPETUAL.none.20.100ms", "data": {"timestamp": 1756603358367, "change_id": 115676968492, "instrument_name": "BTC-PERPETUAL", "bids": [[109280.0, 1008530.0], [109271.5, 320.0], [109269.5, 20.0], [109269.0, 20.0], [109268.5, 20.0], [109268.0, 20.0], [109267.5, 20.0], [109267.0, 20.0], [109266.5, 20.0], [109266.0, 20.0], [109259.5, 500.0], [109259.0, 4000.0], [109257.5, 80.0], [109256.0, 27840.0], [109253.0, 27880.0], [109251.5, 20000.0], [109249.0, 27920.0], [109248.5, 50000.0], [109248.0, 42970.0], [109247.5, 110.0]], "asks": [[109280.5, 1715670.0], [109281.0, 30980.0], [109281.5, 21510.0], [109282.0, 1150.0], [109282.5, 20.0], [109284.0, 23510.0], [109284.5, 3560.0], [109286.0, 5500.0], [109286.5, 15000.0], [109290.5, 18040.0], [109291.5, 60680.0], [109294.0, 20000.0], [109296.0, 22940.0], [109296.5, 60.0], [109297.0, 33420.0], [109300.0, 70.0], [109300.5, 42080.0], [109301.5, 18870.0], [109302.5, 40000.0], [109304.0, 4200.0]]}}}
{"jsonrpc": "2.0", "method": "subscription", "params": {"channel": "book.BTC-PERPETUAL.none.20.100ms", "data": {"timestamp": 1756603358719, "change_id": 115676968847, "instrument_name": "BTC-PERPETUAL", "bids": [[109280.0, 1008530.0], [109271.5, 320.0], [109267.5, 20.0], [109267.0, 20.0], [109266.5, 20.0], [109260.5, 4000.0], [109259.5, 500.0], [109257.5, 80.0], [109256.0, 27840.0], [109253.0, 27880.0], [109249.0, 27920.0], [109248.5, 50000.0], [109248.0, 42970.0], [109247.5, 110.0], [109244.0, 13420.0], [109243.5, 27950.0], [109243.0, 300.0], [109242.5, 10.0], [109241.5, 20000.0], [109241.0, 77300.0]], "asks": [[109280.5, 1526460.0], [109281.0, 30980.0], [109281.5, 21510.0], [109282.0, 1150.0], [109282.5, 20.0], [109284.0, 23010.0], [109284.5, 3560.0], [109285.5, 500.0], [109286.0, 5500.0], [109286.5, 15000.0], [109290.5, 18040.0], [109291.5, 60680.0], [109294.0, 20000.0], [109296.0, 22940.0], [109296.5, 60.0], [109297.0, 33420.0], [109300.0, 70.0], [109300.5, 42080.0], [109301.5, 18870.0], [109302.5, 40000.0]]}}}
{"jsonrpc": "2.0", "method": "subscription", "params": {"channel": "book.BTC-PERPETUAL.none.20.100ms", "data": {"timestamp": 1756603359052, "change_id": 115676969266, "instrument_name": "BTC-PERPETUAL", "bids": [[109280.0, 1008530.0], [109271.5, 320.0], [109267.5, 20.0], [109267.0, 20.0], [109266.5, 20.0], [109261.0, 500.0], [109260.5, 4000.0], [109257.5, 80.0], [109256.0, 27840.0], [109253.0, 27880.0], [109249.0, 27920.0], [109248.5, 50000.0], [109248.0, 42970.0], [109247.5, 110.0], [109244.0, 62130.0], [109243.5, 27950.0], [109243.0, 300.0], [109242.5, 10.0], [109241.5, 20000.0], [109241.0, 180330.0]], "asks": [[109280.5, 1522610.0], [109281.0, 30980.0], [109281.5, 21510.0], [109282.0, 1150.0], [109282.5, 20.0], [109284.0, 23010.0], [109284.5, 3560.0], [109285.5, 500.0], [109286.0, 5500.0], [109286.5, 15000.0], [109290.5, 18040.0], [109291.5, 60680.0], [109294.0, 20000.0], [109296.0, 22940.0], [109296.5, 60.0], [109297.0, 33420.0], [109300.0, 70.0], [109300.5, 42080.0], [109301.5, 18870.0], [109302.5, 40000.0]]}}}
{"jsonrpc": "2.0", "method": "subscription", "params": {"channel": "book.BTC-PERPETUAL.none.20.100ms", "data": {"timestamp": 1756603359328, "change_id": 115676969671, "instrument_name": "BTC-PERPETUAL", "bids": [[109280.0, 1008530.0], [109271.5, 320.0], [109271.0, 20.0], [109270.5, 20.0], [109269.5, 20.0], [109269.0, 20.0], [109268.5, 20.0], [109268.0, 20.0], [109267.5, 20.0], [109262.5, 4000.0], [109257.5, 80.0], [109256.5, 500.0], [109256.0, 27840.0], [109253.0, 27880.0], [109252.0, 20000.0], [109249.0, 27920.0], [109248.5, 50000.0], [109248.0, 42970.0], [109247.5, 110.0], [109244.0, 62130.0]], "asks": [[109280.5, 1522600.0], [109281.0, 30980.0], [109281.5, 21490.0], [109282.0, 1130.0], [109284.0, 23010.0], [109284.5, 3560.0], [109286.0, 5500.0], [109286.5, 15000.0], [109290.0, 500.0], [109290.5, 18040.0], [109291.5, 60680.0], [109294.0, 20000.0], [109296.0, 22940.0], [109296.5, 60.0], [109297.0, 33420.0], [109300.0, 70.0], [109300.5, 42080.0], [109301.5, 18870.0], [109302.5, 40000.0], [109303.5, 200.0]]}}}
{"jsonrpc": "2.0", "method": "subscription", "params": {"channel": "book.BTC-PERPETUAL.none.20.100ms", "data": {"timestamp": 1756603359712, "change_id": 115676970325, "instrument_name": "BTC-PERPETUAL", "bids": [[109280.0, 1096210.0], [109271.5, 340.0], [109271.0, 4020.0], [109270.5, 20.0], [109270.0, 20.0], [109269.0, 42840.0], [109263.0, 500.0], [109257.5, 80.0], [109256.5, 16720.0], [109256.0, 27840.0], [109254.5, 300.0], [109253.0, 27880.0], [109252.0, 4000.0], [109249.0, 27920.0], [109248.5, 50000.0], [109248.0, 42970.0], [109247.5, 110.0], [109245.5, 68560.0], [109245.0, 25000.0], [109243.5, 192390.0]], "asks": [[109280.5, 1477720.0], [109281.0, 30980.0], [109281.5, 21490.0], [109282.0, 1130.0], [109284.0, 23010.0], [109284.5, 3560.0], [109285.0, 24720.0], [109285.5, 21000.0], [109286.0, 51010.0], [109286.5, 15000.0], [109290.5, 12350.0], [109291.5, 20680.0], [109294.0, 20000.0], [109296.0, 22940.0], [109296.5, 560.0], [109297.0, 33420.0], [109300.0, 70.0], [109300.5, 42080.0], [109301.5, 18870.0], [109302.5, 40000.0]]}}}
{"jsonrpc": "2.0", "method": "subscription", "params": {"channel": "book.BTC-PERPETUAL.none.20.100ms", "data": {"timestamp": 1756603360034, "change_id": 115676970824, "instrument_name": "BTC-PERPETUAL", "bids": [[109280.0, 1096210.0], [109271.5, 840.0], [109271.0, 20.0], [109270.5, 20.0], [109270.0, 20.0], [109269.0, 42840.0], [109267.5, 4000.0], [109257.5, 33090.0], [109257.0, 50000.0], [109256.0, 27840.0], [109254.5, 300.0], [109253.0, 27880.0], [109252.0, 4000.0], [109249.0, 12920.0], [109248.0, 42970.0], [109247.5, 110.0], [109245.5, 68560.0], [109243.5, 192390.0], [109242.5, 10.0], [109242.0, 25990.0]], "asks": [[109280.5, 1485700.0], [109281.0, 42760.0], [109281.5, 21490.0], [109282.0, 1130.0], [109284.0, 23010.0], [109284.5, 3560.0], [109285.0, 61110.0], [109285.5, 21000.0], [109286.0, 1000.0], [109286.5, 15000.0], [109290.5, 12350.0], [109291.5, 20680.0], [109294.0, 20000.0], [109295.5, 500.0], [109296.0, 22940.0], [109296.5, 60.0], [109297.0, 33420.0], [109300.0, 70.0], [109300.5, 42080.0], [109301.5, 18870.0]]}}}
{"jsonrpc": "2.0", "method": "subscription", "params": {"channel": "book.BTC-PERPETUAL.none.20.100ms", "data": {"timestamp": 1756603360374, "change_id": 115676971221, "instrument_name": "BTC-PERPETUAL", "bids": [[109280.0, 1096210.0], [109272.0, 500.0], [109271.5, 320.0], [109271.0, 20.0], [109270.5, 20.0], [109270.0, 20.0], [109267.5, 4000.0], [109257.5, 33090.0], [109257.0, 50000.0], [109256.0, 27840.0], [109254.5, 300.0], [109253.0, 27880.0], [109252.0, 4000.0], [109249.0, 12920.0], [109248.0, 42970.0], [109247.5, 110.0], [109245.5, 68560.0], [109243.5, 192390.0], [109242.5, 10.0], [109242.0, 25990.0]], "asks": [[109280.5, 1328190.0], [109281.0, 42760.0], [109281.5, 21490.0], [109282.0, 1130.0], [109284.0, 23010.0], [109284.5, 3560.0], [109285.0, 54830.0], [109286.0, 1000.0], [109286.5, 15000.0], [109290.5, 12350.0], [109291.5, 20680.0], [109294.0, 20000.0], [109295.5, 500.0], [109296.0, 22940.0], [109296.5, 60.0], [109297.0, 33420.0], [109300.0, 70.0], [109300.5, 42080.0], [109301.5, 18870.0], [109302.5, 40000.0]]}}}
{"jsonrpc": "2.0", "method": "subscription", "params": {"channel": "book.BTC-PERPETUAL.none.20.100ms", "data": {"timestamp": 1756603360658, "change_id": 115676971484, "instrument_name": "BTC-PERPETUAL", "bids": [[109280.0, 1096210.0], [109271.5, 320.0], [109271.0, 20.0], [109270.5, 20.0], [109270.0, 20.0], [109269.5, 20.0], [109269.0, 20.0], [109268.5, 20.0], [109268.0, 500.0], [109267.5, 4000.0], [109257.5, 33090.0], [109257.0, 50000.0], [109256.0, 27840.0], [109254.5, 300.0], [109253.0, 27880.0], [109252.0, 4000.0], [109249.0, 12920.0], [109248.0, 42970.0], [109247.5, 110.0], [109245.5, 68560.0]], "asks": [[109280.5, 1332130.0], [109281.0, 30980.0], [109281.5, 21490.0], [109282.0, 1130.0], [109284.0, 23010.0], [109284.5, 3560.0], [109285.0, 19200.0], [109286.0, 51010.0], [109286.5, 15000.0], [109290.5, 12350.0], [109291.5, 20680.0], [109294.0, 20000.0], [109295.5, 500.0], [109296.0, 22940.0], [109296.5, 60.0], [109297.0, 33420.0], [109300.0, 70.0], [109300.5, 42080.0], [109301.5, 18870.0], [109302.5, 40000.0]]}}}
{"jsonrpc": "2.0", "method": "subscription", "params": {"channel": "book.BTC-PERPETUAL.none.20.100ms", "data": {"timestamp": 1756603361024, "change_id": 115676971953, "instrument_name": "BTC-PERPETUAL", "bids": [[109280.0, 1096210.0], [109271.5, 320.0], [109271.0, 20.0], [109270.5, 20.0], [109270.0, 20.0], [109269.5, 20.0], [109269.0, 20.0], [109268.5, 20.0], [109268.0, 500.0], [109267.5, 4000.0], [109257.5, 33090.0], [109257.0, 50000.0], [109256.0, 27840.0], [109255.0, 20000.0], [109254.5, 300.0], [109253.0, 27880.0], [109252.0, 4000.0], [109249.0, 12920.0], [109248.0, 42970.0], [109247.5, 110.0]], "asks": [[109280.5, 1332150.0], [109281.0, 30980.0], [109281.5, 21490.0], [109282.0, 1130.0], [109284.0, 23010.0], [109284.5, 3560.0], [109285.0, 19200.0], [109286.0, 51010.0], [109286.5, 15000.0], [109290.5, 12350.0], [109291.5, 20680.0], [109294.0, 20000.0], [109295.5, 500.0], [109296.0, 22940.0], [109296.5, 60.0], [109297.0, 33420.0], [109300.0, 70.0], [109300.5, 42080.0], [109301.5, 18870.0], [109302.5, 40000.0]]}}}
{"jsonrpc": "2.0", "method": "subscription", "params": {"channel": "book.BTC-PERPETUAL.none.20.100ms", "data": {"timestamp": 1756603361353, "change_id": 115676972333, "instrument_name": "BTC-PERPETUAL", "bids": [[109280.0, 1096210.0], [109271.5, 340.0], [109271.0, 20.0], [109270.5, 20.0], [109270.0, 20.0], [109269.5, 20.0], [109269.0, 20.0], [109268.5, 20.0], [109268.0, 500.0], [109267.5, 4000.0], [109257.5, 33090.0], [109257.0, 50000.0], [109256.0, 27840.0], [109255.0, 20000.0], [109254.5, 300.0], [109253.0, 27880.0], [109252.0, 4000.0], [109249.0, 12920.0], [109248.0, 42970.0], [109247.5, 110.0]], "asks": [[109280.5, 1336000.0], [109281.0, 81390.0], [109281.5, 21490.0], [109282.0, 1130.0], [109282.5, 178740.0], [109284.0, 23010.0], [109284.5, 3560.0], [109285.0, 19220.0], [109286.0, 51010.0], [109286.5, 15000.0], [109290.5, 12350.0], [109291.5, 20680.0], [109294.0, 20000.0], [109295.5, 500.0], [109296.0, 22940.0], [109296.5, 60.0], [109297.0, 33420.0], [109300.0, 70.0], [109300.5, 42080.0], [109301.5, 18870.0]]}}}
{"jsonrpc": "2.0", "method": "subscription", "params": {"channel": "book.BTC-PERPETUAL.none.20.100ms", "data": {"timestamp": 1756603361696, "change_id": 115676972727, "instrument_name": "BTC-PERPETUAL", "bids": [[109280.0, 1096210.0], [109271.5, 320.0], [109271.0, 20.0], [109270.5, 20.0], [109270.0, 20.0], [109269.5, 20.0], [109269.0, 20.0], [109268.5, 20.0], [109268.0, 20.0], [109267.5, 20.0], [109266.0, 4000.0], [109257.5, 500.0], [109257.0, 50000.0], [109256.0, 27840.0], [109254.5, 300.0], [109253.0, 27880.0], [109252.0, 4000.0], [109249.0, 12920.0], [109248.0, 42970.0], [109245.5, 61920.0]], "asks": [[109280.5, 1332080.0], [109281.0, 42740.0], [109281.5, 21340.0], [109282.0, 1130.0], [109283.5, 50030.0], [109284.0, 23030.0], [109284.5, 3580.0], [109285.0, 4800.0], [109286.0, 1000.0], [109286.5, 15000.0], [109290.5, 12350.0], [109291.5, 20680.0], [109293.5, 500.0], [109294.0, 20000.0], [109296.0, 22940.0], [109296.5, 60.0], [109297.0, 33420.0], [109300.0, 70.0], [109300.5, 42080.0], [109301.5, 18870.0]]}}}
{"jsonrpc": "2.0", "method": "subscription", "params": {"channel": "book.BTC-PERPETUAL.none.20.100ms", "data": {"timestamp": 1756603362026, "change_id": 115676973196, "instrument_name": "BTC-PERPETUAL", "bids": [[109280.0, 1096210.0], [109272.5, 20.0], [109271.5, 320.0], [109271.0, 20.0], [109270.5, 20.0], [109270.0, 20.0], [109269.5, 20.0], [109269.0, 520.0], [109268.5, 20.0], [109268.0, 20.0], [109266.0, 4000.0], [109257.5, 33010.0], [109257.0, 50000.0], [109256.0, 27840.0], [109254.5, 300.0], [109253.0, 27880.0], [109252.0, 4000.0], [109249.0, 12920.0], [109248.0, 42970.0], [109246.5, 20000.0]], "asks": [[109280.5, 1336110.0], [109281.0, 29710.0], [109281.5, 21340.0], [109282.0, 1130.0], [109284.0, 23010.0], [109284.5, 3560.0], [109285.0, 19200.0], [109286.0, 51010.0], [109286.5, 15000.0], [109290.5, 12350.0], [109291.5, 20680.0], [109294.0, 20000.0], [109295.5, 500.0], [109296.0, 22940.0], [109296.5, 60.0], [109297.0, 33420.0], [109300.0, 70.0], [109300.5, 42080.0], [109301.5, 18870.0], [109302.5, 40000.0]]}}}
{"jsonrpc": "2.0", "method": "subscription", "params": {"channel": "book.BTC-PERPETUAL.none.20.100ms", "data": {"timestamp": 1756603362355, "change_id": 115676973634, "instrument_name": "BTC-PERPETUAL", "bids": [[109280.0, 1096210.0], [109273.5, 20.0], [109273.0, 20.0], [109272.0, 20.0], [109271.5, 340.0], [109271.0, 20.0], [109270.5, 20.0], [109270.0, 20.0], [109269.5, 500.0], [109269.0, 43470.0], [109267.0, 4000.0], [109257.5, 33010.0], [109257.0, 50000.0], [109256.0, 27840.0], [109254.5, 300.0], [109253.0, 27880.0], [109252.0, 4000.0], [109249.0, 12920.0], [109248.0, 42970.0], [109246.5, 85220.0]], "asks": [[109280.5, 1336140.0], [109281.0, 29710.0], [109281.5, 21340.0], [109282.0, 1130.0], [109284.0, 23010.0], [109284.5, 3560.0], [109285.0, 19200.0], [109286.0, 1000.0], [109286.5, 15000.0], [109290.0, 50010.0], [109290.5, 12350.0], [109291.5, 20680.0], [109294.0, 20000.0], [109296.0, 22940.0], [109296.5, 60.0], [109297.0, 33420.0], [109300.0, 570.0], [109300.5, 42080.0], [109301.5, 18870.0], [109302.5, 40000.0]]}}}
{"jsonrpc": "2.0", "method": "subscription", "params": {"channel": "book.BTC-PERPETUAL.none.20.100ms", "data": {"timestamp": 1756603362695, "change_id": 115676973899, "instrument_name": "BTC-PERPETUAL", "bids": [[109280.0, 1096210.0], [109272.5, 20.0], [109272.0, 20.0], [109271.5, 340.0], [109271.0, 20.0], [109270.5, 20.0], [109270.0, 20.0], [109269.5, 520.0], [109269.0, 43470.0], [109267.0, 4000.0], [109257.5, 33010.0], [109257.0, 50000.0], [109256.0, 27840.0], [109254.5, 300.0], [109253.0, 27880.0], [109252.0, 4000.0], [109249.0, 12920.0], [109248.0, 42970.0], [109246.5, 85220.0], [109246.0, 164430.0]], "asks": [[109280.5, 1315120.0], [109281.0, 85570.0], [109281.5, 21340.0], [109282.0, 1130.0], [109283.5, 192330.0], [109284.0, 23010.0], [109284.5, 3560.0], [109285.0, 19200.0], [109286.0, 1000.0], [109286.5, 15000.0], [109290.0, 50010.0], [109290.5, 12350.0], [109291.5, 20680.0], [109294.0, 20000.0], [109296.0, 22940.0], [109296.5, 60.0], [109297.0, 33420.0], [109300.0, 570.0], [109300.5, 42080.0], [109301.5, 18870.0]]}}}
{"jsonrpc": "2.0", "method": "subscription", "params": {"channel": "book.BTC-PERPETUAL.none.20.100ms", "data": {"timestamp": 1756603363025, "change_id": 115676974395, "instrument_name": "BTC-PERPETUAL", "bids": [[109280.0, 1096210.0], [109271.5, 340.0], [109271.0, 20.0], [109270.5, 20.0], [109270.0, 20.0], [109269.5, 520.0], [109269.0, 43470.0], [109267.0, 4000.0], [109257.5, 33010.0], [109257.0, 70000.0], [109256.0, 27840.0], [109254.5, 300.0], [109253.0, 27880.0], [109252.0, 4000.0], [109249.0, 12920.0], [109248.0, 42970.0], [109246.5, 85220.0], [109246.0, 164430.0], [109244.0, 25990.0], [109243.5, 27950.0]], "asks": [[109280.5, 1301390.0], [109281.0, 95570.0], [109281.5, 21340.0], [109282.0, 1130.0], [109283.5, 192330.0], [109284.0, 23010.0], [109284.5, 3560.0], [109285.0, 19200.0], [109286.0, 1000.0], [109286.5, 15000.0], [109290.0, 50010.0], [109290.5, 12350.0], [109291.5, 20680.0], [109294.0, 20000.0], [109296.0, 22940.0], [109296.5, 60.0], [109297.0, 33420.0], [109300.0, 570.0], [109300.5, 42080.0], [109301.5, 18870.0]]}}}
{"jsonrpc": "2.0", "method": "subscription", "params": {"channel": "book.BTC-PERPETUAL.none.20.100ms", "data": {"timestamp": 1756603363324, "change_id": 115676974738, "instrument_name": "BTC-PERPETUAL", "bids": [[109280.0, 1096210.0], [109273.5, 20.0], [109273.0, 20.0], [109271.5, 340.0], [109271.0, 20.0], [109270.5, 20.0], [109270.0, 20.0], [109269.5, 500.0], [109269.0, 43470.0], [109267.0, 4000.0], [109257.5, 33010.0], [109257.0, 70000.0], [109256.0, 27840.0], [109254.5, 300.0], [109253.0, 27880.0], [109252.0, 4000.0], [109249.0, 12920.0], [109248.0, 42970.0], [109246.5, 85220.0], [109246.0, 164430.0]], "asks": [[109280.5, 1311420.0], [109281.0, 29710.0], [109281.5, 21340.0], [109282.0, 1130.0], [109283.5, 21000.0], [109284.0, 23010.0], [109284.5, 3560.0], [109285.0, 19200.0], [109286.0, 1000.0], [109286.5, 15000.0], [109290.0, 50010.0], [109290.5, 12350.0], [109291.5, 20680.0], [109294.0, 20000.0], [109296.0, 22940.0], [109296.5, 60.0], [109297.0, 33420.0], [109300.0, 570.0], [109300.5, 42080.0], [109301.5, 18870.0]]}}}
{"jsonrpc": "2.0", "method": "subscription", "params": {"channel": "book.BTC-PERPETUAL.none.20.100ms", "data": {"timestamp": 1756603363666, "change_id": 115676974994, "instrument_name": "BTC-PERPETUAL", "bids": [[109280.0, 1096210.0], [109273.5, 20.0], [109273.0, 20.0], [109272.5, 20.0], [109272.0, 20.0], [109271.5, 320.0], [109269.5, 500.0], [109269.0, 43470.0], [109267.0, 4000.0], [109257.5, 33010.0], [109257.0, 70000.0], [109256.0, 27840.0], [109254.5, 300.0], [109253.0, 27880.0], [109252.0, 4000.0], [109249.0, 25070.0], [109248.0, 42970.0], [109246.5, 85220.0], [109246.0, 164430.0], [109244.0, 25990.0]], "asks": [[109280.5, 1285380.0], [109281.0, 41970.0], [109281.5, 21340.0], [109282.0, 1130.0], [109283.0, 26000.0], [109283.5, 21000.0], [109284.0, 23010.0], [109284.5, 3560.0], [109285.0, 19200.0], [109286.0, 1000.0], [109286.5, 15000.0], [109287.0, 20.0], [109290.0, 50010.0], [109290.5, 12350.0], [109291.5, 20680.0], [109294.0, 20000.0], [109296.0, 22940.0], [109296.5, 60.0], [109297.0, 33420.0], [109300.0, 570.0]]}}}
{"jsonrpc": "2.0", "method": "subscription", "params": {"channel": "book.BTC-PERPETUAL.none.20.100ms", "data": {"timestamp": 1756603364007, "change_id": 115676975447, "instrument_name": "BTC-PERPETUAL", "bids": [[109280.0, 1096210.0], [109274.0, 20.0], [109273.5, 20.0], [109273.0, 20.0], [109272.5, 20.0], [109272.0, 20.0], [109271.5, 340.0], [109271.0, 20.0], [109270.5, 20.0], [109269.5, 500.0], [109269.0, 43470.0], [109267.0, 4000.0], [109257.5, 33010.0], [109257.0, 70000.0], [109256.0, 27840.0], [109254.5, 300.0], [109253.0, 27880.0], [109252.0, 4000.0], [109249.0, 25070.0], [109248.0, 42970.0]], "asks": [[109280.5, 1285380.0], [109281.0, 41970.0], [109281.5, 21340.0], [109282.0, 1130.0], [109283.0, 26000.0], [109283.5, 21000.0], [109284.0, 23010.0], [109284.5, 3560.0], [109285.0, 19200.0], [109285.5, 20.0], [109286.0, 1020.0], [109286.5, 15020.0], [109287.0, 20.0], [109290.0, 50010.0], [109290.5, 12350.0], [109291.5, 20680.0], [109294.0, 20000.0], [109296.0, 22940.0], [109296.5, 60.0], [109297.0, 33420.0]]}}}
{"jsonrpc": "2.0", "method": "subscription", "params": {"channel": "book.BTC-PERPETUAL.none.20.100ms", "data": {"timestamp": 1756603364342, "change_id": 115676975778, "instrument_name": "BTC-PERPETUAL", "bids": [[109280.0, 1096210.0], [109273.0, 20.0], [109272.5, 20.0], [109272.0, 20.0], [109271.5, 340.0], [109271.0, 20.0], [109269.5, 500.0], [109269.0, 43470.0], [109267.0, 4000.0], [109257.5, 33010.0], [109257.0, 70000.0], [109256.0, 27840.0], [109254.5, 300.0], [109253.0, 27880.0], [109252.0, 4000.0], [109249.0, 25070.0], [109248.0, 42970.0], [109247.5, 200.0], [109246.5, 85220.0], [109246.0, 164430.0]], "asks": [[109280.5, 1285370.0], [109281.0, 41970.0], [109281.5, 47340.0], [109282.0, 1130.0], [109283.5, 21000.0], [109284.0, 23010.0], [109284.5, 3560.0], [109285.0, 70560.0], [109286.0, 178180.0], [109286.5, 15000.0], [109287.0, 20.0], [109290.0, 50010.0], [109290.5, 12350.0], [109291.5, 20680.0], [109294.0, 20000.0], [109296.0, 22940.0], [109296.5, 60.0], [109297.0, 33420.0], [109300.0, 570.0], [109300.5, 42080.0]]}}}
{"jsonrpc": "2.0", "method": "subscription", "params": {"channel": "book.BTC-PERPETUAL.none.20.100ms", "data": {"timestamp": 1756603364665, "change_id": 115676976032, "instrument_name": "BTC-PERPETUAL", "bids": [[109280.0, 1096210.0], [109274.0, 20.0], [109273.5, 20.0], [109273.0, 20.0], [109272.5, 20.0], [109272.0, 20.0], [109271.5, 320.0], [109269.5, 500.0], [109269.0, 43470.0], [109267.0, 4000.0], [109257.5, 33010.0], [109257.0, 70000.0], [109256.0, 27840.0], [109254.5, 300.0], [109253.0, 27880.0], [109252.0, 4000.0], [109249.0, 25070.0], [109248.0, 42970.0], [109247.5, 200.0], [109246.5, 85220.0]], "asks": [[109280.5, 1311370.0], [109281.0, 29710.0], [109281.5, 21340.0], [109282.0, 1130.0], [109283.5, 21000.0], [109284.0, 23010.0], [109284.5, 3560.0], [109285.0, 19820.0], [109286.0, 1000.0], [109286.5, 15000.0], [109287.0, 20.0], [109290.0, 50010.0], [109290.5, 12350.0], [109291.5, 20680.0], [109294.0, 20000.0], [109296.0, 22940.0], [109296.5, 60.0], [109297.0, 33420.0], [109300.0, 570.0], [109300.5, 42080.0]]}}}
{"jsonrpc": "2.0", "method": "subscription", "params": {"channel": "book.BTC-PERPETUAL.none.20.100ms", "data": {"timestamp": 1756603364989, "change_id": 115676976463, "instrument_name": "BTC-PERPETUAL", "bids": [[109280.0, 360440.0], [109271.5, 340.0], [109269.5, 500.0], [109267.0, 4000.0], [109257.5, 33010.0], [109257.0, 70000.0], [109256.0, 27840.0], [109254.5, 300.0], [109253.0, 27880.0], [109252.0, 4000.0], [109249.0, 25070.0], [109248.0, 42970.0], [109247.5, 200.0], [109246.5, 85220.0], [109246.0, 164430.0], [109244.0, 25990.0], [109243.5, 27950.0], [109242.5, 10.0], [109241.0, 17720.0], [109238.0, 10990.0]], "asks": [[109280.5, 1311390.0], [109281.0, 29710.0], [109281.5, 21340.0], [109282.0, 1130.0], [109283.5, 21000.0], [109284.0, 23010.0], [109284.5, 3560.0], [109285.0, 19820.0], [109286.0, 1000.0], [109286.5, 15000.0], [109287.0, 20.0], [109290.0, 50010.0], [109290.5, 12350.0], [109291.5, 20680.0], [109294.0, 20000.0], [109296.0, 22940.0], [109296.5, 60.0], [109297.0, 33420.0], [109300.0, 570.0], [109300.5, 42080.0]]}}}
{"jsonrpc": "2.0", "method": "subscription", "params": {"channel": "book.BTC-PERPETUAL.none.20.100ms", "data": {"timestamp": 1756603365311, "change_id": 115676976807, "instrument_name": "BTC-PERPETUAL", "bids": [[109280.0, 447510.0], [109271.5, 320.0], [109267.5, 500.0], [109267.0, 4000.0], [109257.5, 33010.0], [109257.0, 70000.0], [109256.0, 27840.0], [109254.5, 300.0], [109253.0, 27880.0], [109252.0, 4000.0], [109249.0, 25070.0], [109248.0, 42970.0], [109247.5, 200.0], [109246.5, 85220.0], [109246.0, 164430.0], [109244.0, 25990.0], [109243.5, 27950.0], [109242.5, 10.0], [109241.0, 17720.0], [109238.5, 25000.0]], "asks": [[109280.5, 1311390.0], [109281.0, 29710.0], [109281.5, 21340.0], [109282.0, 1130.0], [109283.5, 21000.0], [109284.0, 23010.0], [109284.5, 3560.0], [109285.0, 19820.0], [109286.0, 1000.0], [109286.5, 15000.0], [109287.0, 20.0], [109290.0, 50010.0], [109290.5, 12350.0], [109291.5, 20680.0], [109294.0, 20000.0], [109296.0, 22940.0], [109296.5, 60.0], [109297.0, 33420.0], [109300.0, 570.0], [109300.5, 42080.0]]}}}
{"jsonrpc": "2.0", "method": "subscription", "params": {"channel": "book.BTC-PERPETUAL.none.20.100ms", "data": {"timestamp": 1756603365630, "change_id": 115676977042, "instrument_name": "BTC-PERPETUAL", "bids": [[109280.0, 1183280.0], [109274.0, 20.0], [109273.5, 20.0], [109273.0, 20.0], [109272.5, 20.0], [109272.0, 20.0], [109271.5, 340.0], [109271.0, 20.0], [109270.5, 20.0], [109269.0, 43470.0], [109267.5, 500.0], [109267.0, 4000.0], [109257.5, 33010.0], [109257.0, 70000.0], [109256.0, 27840.0], [109254.5, 300.0], [109253.0, 27880.0], [109252.0, 4000.0], [109249.0, 25070.0], [109248.0, 42970.0]], "asks": [[109280.5, 1311380.0], [109281.0, 87380.0], [109281.5, 21340.0], [109282.0, 1130.0], [109283.5, 198340.0], [109284.0, 23010.0], [109284.5, 3560.0], [109285.0, 19820.0], [109285.5, 20.0], [109286.0, 1020.0], [109286.5, 15020.0], [109287.0, 20.0], [109290.0, 50010.0], [109290.5, 12350.0], [109291.5, 20680.0], [109294.0, 20000.0], [109296.0, 22940.0], [109296.5, 60.0], [109297.0, 33420.0], [109300.0, 570.0]]}}}
{"jsonrpc": "2.0", "method": "subscription", "params": {"channel": "book.BTC-PERPETUAL.none.20.100ms", "data": {"timestamp": 1756603365998, "change_id": 115676977509, "instrument_name": "BTC-PERPETUAL", "bids": [[109280.0, 1182220.0], [109273.5, 20.0], [109273.0, 20.0], [109272.5, 20.0], [109272.0, 20.0], [109271.5, 340.0], [109271.0, 20.0], [109269.5, 500.0], [109269.0, 43470.0], [109267.0, 4000.0], [109257.5, 33010.0], [109257.0, 70000.0], [109256.0, 27840.0], [109254.5, 300.0], [109253.0, 27880.0], [109252.0, 4000.0], [109249.0, 25070.0], [109248.0, 42970.0], [109247.5, 200.0], [109246.5, 85220.0]], "asks": [[109280.5, 1311400.0], [109281.0, 87380.0], [109281.5, 21340.0], [109282.0, 1130.0], [109283.5, 198340.0], [109284.0, 23010.0], [109284.5, 3560.0], [109285.0, 19820.0], [109285.5, 20.0], [109286.0, 1020.0], [109286.5, 15020.0], [109287.0, 20.0], [109290.0, 50010.0], [109290.5, 12350.0], [109291.5, 20680.0], [109294.0, 20000.0], [109296.0, 22940.0], [109296.5, 560.0], [109297.0, 33420.0], [109300.0, 70.0]]}}}
{"jsonrpc": "2.0", "method": "subscription", "params": {"channel": "book.BTC-PERPETUAL.none.20.100ms", "data": {"timestamp": 1756603366322, "change_id": 115676977894, "instrument_name": "BTC-PERPETUAL", "bids": [[109280.0, 1092020.0], [109273.0, 20.0], [109272.5, 20.0], [109272.0, 20.0], [109271.5, 340.0], [109271.0, 20.0], [109269.5, 500.0], [109267.0, 4000.0], [109257.5, 39010.0], [109257.0, 50000.0], [109256.0, 27840.0], [109254.5, 20300.0], [109253.0, 27880.0], [109252.0, 4000.0], [109249.0, 25070.0], [109248.0, 42970.0], [109247.5, 200.0], [109246.5, 85220.0], [109246.0, 164430.0], [109243.5, 27950.0]], "asks": [[109280.5, 1332400.0], [109281.0, 42880.0], [109281.5, 21340.0], [109282.0, 1130.0], [109283.0, 50010.0], [109284.0, 23010.0], [109284.5, 3560.0], [109285.0, 4840.0], [109286.0, 1020.0], [109286.5, 15020.0], [109287.0, 20.0], [109290.5, 12350.0], [109291.5, 20680.0], [109293.5, 500.0], [109294.0, 20000.0], [109296.0, 22940.0], [109296.5, 60.0], [109297.0, 33420.0], [109300.0, 70.0], [109300.5, 42080.0]]}}}
{"jsonrpc": "2.0", "method": "subscription", "params": {"channel": "book.BTC-PERPETUAL.none.20.100ms", "data": {"timestamp": 1756603366659, "change_id": 115676978140, "instrument_name": "BTC-PERPETUAL", "bids": [[109280.0, 1092020.0], [109274.5, 20.0], [109274.0, 20.0], [109273.5, 20.0], [109273.0, 20.0], [109272.5, 20.0], [109272.0, 20.0], [109271.5, 340.0], [109271.0, 20.0], [109267.5, 500.0], [109267.0, 4000.0], [109257.5, 39010.0], [109257.0, 50000.0], [109256.0, 27840.0], [109254.5, 20300.0], [109253.0, 27880.0], [109252.0, 4000.0], [109249.0, 25070.0], [109248.0, 42970.0], [109247.5, 200.0]], "asks": [[109280.5, 1332380.0], [109281.0, 42880.0], [109281.5, 21340.0], [109282.0, 1130.0], [109283.5, 50010.0], [109284.0, 23010.0], [109284.5, 3560.0], [109285.0, 4820.0], [109286.0, 1020.0], [109286.5, 15020.0], [109287.0, 20.0], [109290.5, 12350.0], [109291.5, 20680.0], [109293.5, 500.0], [109294.0, 20000.0], [109296.0, 22940.0], [109296.5, 60.0], [109297.0, 33420.0], [109300.0, 70.0], [109300.5, 42080.0]]}}}
{"jsonrpc": "2.0", "method": "subscription", "params": {"channel": "book.BTC-PERPETUAL.none.20.100ms", "data": {"timestamp": 1756603366988, "change_id": 115676978588, "instrument_name": "BTC-PERPETUAL", "bids": [[109280.0, 1092020.0], [109274.0, 20.0], [109273.5, 20.0], [109273.0, 20.0], [109272.5, 20.0], [109272.0, 20.0], [109271.5, 340.0], [109271.0, 20.0], [109269.0, 43470.0], [109267.5, 500.0], [109267.0, 4000.0], [109257.5, 39010.0], [109257.0, 50000.0], [109256.0, 47840.0], [109254.5, 300.0], [109253.0, 27880.0], [109252.0, 4000.0], [109249.0, 25070.0], [109248.0, 42970.0], [109247.5, 200.0]], "asks": [[109280.5, 1332380.0], [109281.0, 29710.0], [109281.5, 21340.0], [109282.0, 1130.0], [109284.0, 23010.0], [109284.5, 3560.0], [109285.0, 19220.0], [109286.0, 51030.0], [109286.5, 15020.0], [109287.0, 20.0], [109287.5, 20.0], [109290.5, 12350.0], [109291.5, 20680.0], [109294.0, 20000.0], [109295.5, 500.0], [109296.0, 22940.0], [109296.5, 60.0], [109297.0, 33420.0], [109300.0, 70.0], [109300.5, 42080.0]]}}}
{"jsonrpc": "2.0", "method": "subscription", "params": {"channel": "book.BTC-PERPETUAL.none.20.100ms", "data": {"timestamp": 1756603367293, "change_id": 115676978969, "instrument_name": "BTC-PERPETUAL", "bids": [[109280.0, 1092020.0], [109274.5, 20.0], [109274.0, 20.0], [109273.5, 20.0], [109273.0, 20.0], [109272.5, 20.0], [109272.0, 20.0], [109271.5, 340.0], [109269.5, 500.0], [109269.0, 43470.0], [109267.0, 4000.0], [109257.5, 39010.0], [109257.0, 50000.0], [109256.0, 47840.0], [109254.5, 300.0], [109253.0, 27880.0], [109252.0, 4000.0], [109249.0, 25070.0], [109248.0, 42970.0], [109247.5, 200.0]], "asks": [[109280.5, 1332390.0], [109281.0, 78920.0], [109281.5, 21340.0], [109282.0, 1130.0], [109282.5, 170170.0], [109284.0, 23010.0], [109284.5, 3560.0], [109285.0, 19220.0], [109286.0, 51010.0], [109286.5, 15020.0], [109287.0, 20.0], [109287.5, 20.0], [109290.5, 12350.0], [109291.5, 20680.0], [109294.0, 20000.0], [109295.5, 500.0], [109296.0, 22940.0], [109296.5, 60.0], [109297.0, 33420.0], [109300.0, 70.0]]}}}
{"jsonrpc": "2.0", "method": "subscription", "params": {"channel": "book.BTC-PERPETUAL.none.20.100ms", "data": {"timestamp": 1756603367652, "change_id": 115676979209, "instrument_name": "BTC-PERPETUAL", "bids": [[109280.0, 1092020.0], [109275.0, 20.0], [109274.5, 20.0], [109274.0, 20.0], [109273.5, 20.0], [109273.0, 20.0], [109272.5, 20.0], [109272.0, 20.0], [109271.5, 340.0], [109269.5, 500.0], [109267.0, 4000.0], [109257.5, 39010.0], [109257.0, 50000.0], [109256.0, 47840.0], [109254.5, 300.0], [109253.0, 27880.0], [109252.0, 4000.0], [109249.0, 25070.0], [109248.0, 42970.0], [109247.5, 200.0]], "asks": [[109280.5, 1332370.0], [109281.0, 78920.0], [109281.5, 21340.0], [109282.0, 1130.0], [109282.5, 170170.0], [109283.5, 50010.0], [109284.0, 23010.0], [109284.5, 3560.0], [109285.0, 4820.0], [109286.0, 1000.0], [109286.5, 15020.0], [109287.0, 20.0], [109290.5, 12350.0], [109291.5, 20680.0], [109293.5, 500.0], [109294.0, 20000.0], [109296.0, 22940.0], [109296.5, 60.0], [109297.0, 33420.0], [109300.0, 70.0]]}}}
{"jsonrpc": "2.0", "method": "subscription", "params": {"channel": "book.BTC-PERPETUAL.none.20.100ms", "data": {"timestamp": 1756603367957, "change_id": 115676979546, "instrument_name": "BTC-PERPETUAL", "bids": [[109280.0, 1092020.0], [109273.5, 20.0], [109273.0, 20.0], [109272.5, 20.0], [109272.0, 20.0], [109271.5, 340.0], [109271.0, 20.0], [109270.5, 20.0], [109269.0, 43470.0], [109267.5, 500.0], [109267.0, 4000.0], [109257.5, 39010.0], [109257.0, 50000.0], [109256.0, 47840.0], [109254.5, 300.0], [109253.0, 27880.0], [109252.0, 4000.0], [109249.0, 25070.0], [109248.0, 42970.0], [109247.5, 200.0]], "asks": [[109280.5, 1292350.0], [109281.0, 78920.0], [109281.5, 21340.0], [109282.0, 1130.0], [109282.5, 170170.0], [109284.0, 23010.0], [109284.5, 3560.0], [109285.0, 19220.0], [109286.0, 51030.0], [109286.5, 15020.0], [109287.0, 20.0], [109290.5, 12350.0], [109291.5, 20680.0], [109294.0, 20000.0], [109295.5, 500.0], [109296.0, 22940.0], [109296.5, 60.0], [109297.0, 33420.0], [109300.0, 70.0], [109300.5, 42080.0]]}}}
{"jsonrpc": "2.0", "method": "subscription", "params": {"channel": "book.BTC-PERPETUAL.none.20.100ms", "data": {"timestamp": 1756603368320, "change_id": 115676979994, "instrument_name": "BTC-PERPETUAL", "bids": [[109280.0, 1054690.0], [109274.0, 20.0], [109273.5, 20.0], [109273.0, 20.0], [109272.5, 20.0], [109272.0, 20.0], [109271.5, 340.0], [109269.5, 500.0], [109269.0, 43470.0], [109267.0, 4000.0], [109257.5, 39010.0], [109257.0, 50000.0], [109256.0, 47840.0], [109254.5, 300.0], [109253.0, 27880.0], [109252.0, 4000.0], [109249.0, 25070.0], [109248.0, 42970.0], [109247.5, 200.0], [109246.5, 85220.0]], "asks": [[109280.5, 1292350.0], [109281.0, 78920.0], [109281.5, 21340.0], [109282.0, 51140.0], [109282.5, 170170.0], [109284.0, 23010.0], [109284.5, 3560.0], [109285.0, 4820.0], [109286.0, 1020.0], [109286.5, 15020.0], [109287.0, 20.0], [109287.5, 20.0], [109290.5, 12350.0], [109291.5, 20680.0], [109293.5, 500.0], [109294.0, 20000.0], [109296.0, 22940.0], [109296.5, 60.0], [109297.0, 33420.0], [109300.0, 70.0]]}}}
{"jsonrpc": "2.0", "method": "subscription", "params": {"channel": "book.BTC-PERPETUAL.none.20.100ms", "data": {"timestamp": 1756603368633, "change_id": 115676980229, "instrument_name": "BTC-PERPETUAL", "bids": [[109280.0, 1054690.0], [109273.0, 20.0], [109272.5, 20.0], [109272.0, 20.0], [109271.5, 340.0], [109271.0, 20.0], [109270.5, 20.0], [109270.0, 20.0], [109269.5, 20.0], [109267.0, 4000.0], [109258.0, 500.0], [109257.5, 39010.0], [109257.0, 50000.0], [109256.0, 47840.0], [109254.5, 300.0], [109253.0, 27880.0], [109252.0, 4000.0], [109249.0, 25070.0], [109248.0, 42970.0], [109247.5, 200.0]], "asks": [[109280.5, 1332470.0], [109281.0, 78920.0], [109281.5, 21340.0], [109282.0, 51140.0], [109282.5, 170170.0], [109284.0, 23010.0], [109284.5, 3580.0], [109285.0, 4840.0], [109285.5, 20.0], [109286.0, 1020.0], [109286.5, 15000.0], [109290.5, 12350.0], [109291.5, 20680.0], [109293.5, 500.0], [109294.0, 20000.0], [109296.0, 22940.0], [109296.5, 60.0], [109297.0, 33420.0], [109300.0, 70.0], [109300.5, 42080.0]]}}}
{"jsonrpc": "2.0", "method": "subscription", "params": {"channel": "book.BTC-PERPETUAL.none.20.100ms", "data": {"timestamp": 1756603368975, "change_id": 115676980565, "instrument_name": "BTC-PERPETUAL", "bids": [[109280.0, 1092020.0], [109273.0, 20.0], [109272.5, 20.0], [109272.0, 20.0], [109271.5, 340.0], [109271.0, 20.0], [109270.5, 20.0], [109270.0, 20.0], [109269.5, 20.0], [109267.5, 500.0], [109267.0, 4000.0], [109257.5, 39010.0], [109257.0, 50000.0], [109256.0, 47840.0], [109254.5, 300.0], [109253.0, 27880.0], [109252.0, 4000.0], [109249.0, 25070.0], [109248.0, 42970.0], [109247.5, 200.0]], "asks": [[109280.5, 1332410.0], [109281.0, 78920.0], [109281.5, 21340.0], [109282.0, 51140.0], [109282.5, 170170.0], [109284.0, 23010.0], [109284.5, 3560.0], [109285.0, 4840.0], [109285.5, 20.0], [109286.0, 1020.0], [109286.5, 15000.0], [109290.5, 12350.0], [109291.5, 20680.0], [109293.5, 500.0], [109294.0, 20000.0], [109296.0, 22940.0], [109296.5, 60.0], [109297.0, 33420.0], [109300.0, 70.0], [109300.5, 42080.0]]}}}
{"jsonrpc": "2.0", "method": "subscription", "params": {"channel": "book.BTC-PERPETUAL.none.20.100ms", "data": {"timestamp": 1756603369235, "change_id": 115676980819, "instrument_name": "BTC-PERPETUAL", "bids": [[109280.0, 1019690.0], [109272.5, 20.0], [109272.0, 20.0], [109271.5, 340.0], [109271.0, 20.0], [109270.5, 20.0], [109270.0, 20.0], [109267.5, 500.0], [109267.0, 4000.0], [109257.5, 39010.0], [109257.0, 50000.0], [109256.0, 47840.0], [109254.5, 300.0], [109253.0, 27880.0], [109252.0, 4000.0], [109249.0, 25070.0], [109248.0, 42970.0], [109247.5, 200.0], [109246.5, 85220.0], [109246.0, 164430.0]], "asks": [[109280.5, 1332310.0], [109281.0, 78920.0], [109281.5, 21340.0], [109282.0, 51140.0], [109282.5, 170170.0], [109284.0, 23010.0], [109284.5, 3560.0], [109285.0, 4820.0], [109285.5, 20.0], [109286.0, 1020.0], [109286.5, 15000.0], [109290.5, 12350.0], [109291.5, 20680.0], [109293.5, 500.0], [109294.0, 20000.0], [109296.0, 22940.0], [109296.5, 60.0], [109297.0, 33420.0], [109300.0, 70.0], [109300.5, 42080.0]]}}}
{"jsonrpc": "2.0", "method": "subscription", "params": {"channel": "book.BTC-PERPETUAL.none.20.100ms", "data": {"timestamp": 1756603369642, "change_id": 115676981211, "instrument_name": "BTC-PERPETUAL", "bids": [[109280.0, 1019690.0], [109272.5, 20.0], [109272.0, 20.0], [109271.5, 340.0], [109271.0, 20.0], [109270.5, 20.0], [109270.0, 20.0], [109269.5, 20.0], [109269.0, 20.0], [109267.5, 500.0], [109267.0, 4000.0], [109257.5, 39010.0], [109257.0, 50000.0], [109256.0, 47840.0], [109254.5, 300.0], [109253.0, 27880.0], [109252.0, 4000.0], [109249.0, 25070.0], [109248.0, 42970.0], [109247.5, 200.0]], "asks": [[109280.5, 1332310.0], [109281.0, 78920.0], [109281.5, 21340.0], [109282.0, 51140.0], [109282.5, 170170.0], [109284.0, 23010.0], [109284.5, 3580.0], [109285.0, 4840.0], [109285.5, 20.0], [109286.0, 1020.0], [109286.5, 15000.0], [109290.5, 12350.0], [109291.5, 20680.0], [109293.5, 500.0], [109294.0, 20000.0], [109296.0, 22940.0], [109296.5, 60.0], [109297.0, 33420.0], [109300.0, 70.0], [109300.5, 42080.0]]}}}
{"jsonrpc": "2.0", "method": "subscription", "params": {"channel": "book.BTC-PERPETUAL.none.20.100ms", "data": {"timestamp": 1756603369941, "change_id": 115676981538, "instrument_name": "BTC-PERPETUAL", "bids": [[109280.0, 1092020.0], [109274.0, 20.0], [109273.5, 20.0], [109273.0, 20.0], [109272.5, 20.0], [109272.0, 20.0], [109271.5, 340.0], [109271.0, 20.0], [109270.5, 20.0], [109267.5, 500.0], [109267.0, 4000.0], [109257.5, 39010.0], [109257.0, 50000.0], [109256.0, 47840.0], [109254.5, 300.0], [109253.0, 27880.0], [109252.0, 4000.0], [109249.0, 25070.0], [109248.0, 42970.0], [109247.5, 200.0]], "asks": [[109280.5, 1332300.0], [109281.0, 78920.0], [109281.5, 21340.0], [109282.0, 51140.0], [109282.5, 170170.0], [109284.0, 23010.0], [109284.5, 3560.0], [109285.0, 4820.0], [109285.5, 20.0], [109286.0, 1020.0], [109286.5, 15000.0], [109290.5, 12350.0], [109291.5, 20680.0], [109293.5, 500.0], [109294.0, 20000.0], [109296.0, 22940.0], [109296.5, 60.0], [109297.0, 33420.0], [109300.0, 70.0], [109300.5, 42080.0]]}}}
{"jsonrpc": "2.0", "method": "subscription", "params": {"channel": "book.BTC-PERPETUAL.none.20.100ms", "data": {"timestamp": 1756603370305, "change_id": 115676982071, "instrument_name": "BTC-PERPETUAL", "bids": [[109280.0, 1092020.0], [109271.5, 320.0], [109270.5, 20.0], [109270.0, 20.0], [109269.5, 20.0], [109266.0, 4000.0], [109258.5, 500.0], [109258.0, 6000.0], [109257.5, 59010.0], [109257.0, 50000.0], [109256.0, 27840.0], [109254.5, 300.0], [109253.0, 27880.0], [109252.0, 4000.0], [109249.0, 25070.0], [109248.0, 42970.0], [109247.5, 200.0], [109246.5, 85220.0], [109246.0, 164430.0], [109243.5, 27950.0]], "asks": [[109280.5, 1332250.0], [109281.0, 78920.0], [109281.5, 21340.0], [109282.0, 51140.0], [109282.5, 170170.0], [109284.0, 23010.0], [109284.5, 3560.0], [109285.0, 4820.0], [109285.5, 20.0], [109286.0, 1020.0], [109286.5, 15020.0], [109290.5, 12350.0], [109291.5, 20680.0], [109293.5, 500.0], [109294.0, 20000.0], [109296.0, 22940.0], [109296.5, 60.0], [109297.0, 33420.0], [109300.0, 70.0], [109300.5, 42080.0]]}}}
{"jsonrpc": "2.0", "method": "subscription", "params": {"channel": "book.BTC-PERPETUAL.none.20.100ms", "data": {"timestamp": 1756603370574, "change_id": 115676982217, "instrument_name": "BTC-PERPETUAL", "bids": [[109280.0, 1092020.0], [109272.5, 20.0], [109272.0, 20.0], [109271.5, 340.0], [109271.0, 20.0], [109270.5, 20.0], [109270.0, 20.0], [109269.5, 20.0], [109266.5, 500.0], [109266.0, 4000.0], [109258.0, 6000.0], [109257.5, 59010.0], [109257.0, 50000.0], [109256.0, 27840.0], [109254.5, 300.0], [109253.0, 27880.0], [109252.0, 4000.0], [109249.0, 25070.0], [109248.0, 42970.0], [109247.5, 200.0]], "asks": [[109280.5, 1332200.0], [109281.0, 78920.0], [109281.5, 21340.0], [109282.0, 51140.0], [109282.5, 170170.0], [109284.0, 23010.0], [109284.5, 3560.0], [109285.0, 4820.0], [109285.5, 20.0], [109286.0, 1020.0], [109286.5, 15020.0], [109290.5, 12350.0], [109291.5, 20680.0], [109293.5, 500.0], [109294.0, 20000.0], [109296.0, 22940.0], [109296.5, 60.0], [109297.0, 33420.0], [109300.0, 70.0], [109300.5, 42080.0]]}}}
{"jsonrpc": "2.0", "method": "subscription", "params": {"channel": "book.BTC-PERPETUAL.none.20.100ms", "data": {"timestamp": 1756603370930, "change_id": 115676982599, "instrument_name": "BTC-PERPETUAL", "bids": [[109280.0, 1092020.0], [109272.5, 20.0], [109272.0, 20.0], [109271.5, 340.0], [109271.0, 20.0], [109270.5, 20.0], [109270.0, 20.0], [109269.5, 20.0], [109266.5, 500.0], [109266.0, 4000.0], [109258.0, 6000.0], [109257.5, 59010.0], [109257.0, 50000.0], [109256.0, 27840.0], [109254.5, 300.0], [109253.0, 27880.0], [109252.0, 4000.0], [109249.0, 25070.0], [109248.0, 42970.0], [109247.5, 200.0]], "asks": [[109280.5, 1332200.0], [109281.0, 78920.0], [109281.5, 21340.0], [109282.0, 51140.0], [109282.5, 170170.0], [109284.0, 23010.0], [109284.5, 3560.0], [109285.0, 4820.0], [109285.5, 20.0], [109286.0, 1020.0], [109286.5, 15020.0], [109290.5, 12350.0], [109291.5, 20680.0], [109293.5, 500.0], [109294.0, 20000.0], [109296.0, 22940.0], [109296.5, 60.0], [109297.0, 33420.0], [109300.0, 70.0], [109300.5, 42080.0]]}}}
{"jsonrpc": "2.0", "method": "subscription", "params": {"channel": "book.BTC-PERPETUAL.none.20.100ms", "data": {"timestamp": 1756603371280, "change_id": 115676983058, "instrument_name": "BTC-PERPETUAL", "bids": [[109280.0, 1092020.0], [109272.5, 20.0], [109272.0, 20.0], [109271.5, 340.0], [109271.0, 20.0], [109270.5, 20.0], [109270.0, 20.0], [109266.5, 500.0], [109266.0, 4000.0], [109258.0, 6000.0], [109257.5, 59010.0], [109257.0, 50000.0], [109256.0, 27840.0], [109254.5, 300.0], [109253.0, 27880.0], [109252.0, 4000.0], [109249.0, 25070.0], [109248.0, 42970.0], [109247.5, 200.0], [109246.5, 85220.0]], "asks": [[109280.5, 1332210.0], [109281.0, 78920.0], [109281.5, 21340.0], [109282.0, 51140.0], [109282.5, 170170.0], [109284.0, 23010.0], [109284.5, 3560.0], [109285.0, 4820.0], [109285.5, 20.0], [109286.0, 1020.0], [109286.5, 15020.0], [109290.5, 12350.0], [109291.5, 20680.0], [109293.5, 500.0], [109294.0, 20000.0], [109296.0, 22940.0], [109296.5, 60.0], [109297.0, 33420.0], [109300.0, 70.0], [109300.5, 42080.0]]}}}
{"jsonrpc": "2.0", "method": "subscription", "params": {"channel": "book.BTC-PERPETUAL.none.20.100ms", "data": {"timestamp": 1756603371511, "change_id": 115676983144, "instrument_name": "BTC-PERPETUAL", "bids": [[109280.0, 1090200.0], [109273.0, 20.0], [109272.5, 20.0], [109272.0, 20.0], [109271.5, 340.0], [109271.0, 20.0], [109270.5, 20.0], [109270.0, 20.0], [109269.5, 20.0], [109266.5, 500.0], [109266.0, 4000.0], [109258.0, 6000.0], [109257.5, 59010.0], [109257.0, 50000.0], [109256.0, 27840.0], [109254.5, 300.0], [109253.0, 27880.0], [109252.0, 4000.0], [109249.0, 25070.0], [109248.0, 42970.0]], "asks": [[109280.5, 1332190.0], [109281.0, 78920.0], [109281.5, 21340.0], [109282.0, 51140.0], [109282.5, 170170.0], [109284.0, 23010.0], [109284.5, 3580.0], [109285.0, 4840.0], [109285.5, 20.0], [109286.0, 1000.0], [109286.5, 15000.0], [109290.5, 12350.0], [109291.5, 20680.0], [109293.5, 500.0], [109294.0, 20000.0], [109296.0, 22940.0], [109296.5, 60.0], [109297.0, 33420.0], [109300.0, 70.0], [109300.5, 42080.0]]}}}
