{"jsonrpc": "2.0", "id": 1, "result": ["book.BTC-PERPETUAL.none.20.100ms"], "usIn": 1755911819744715, "usOut": 1755911819744978, "usDiff": 263, "testnet": false}
{"jsonrpc": "2.0", "method": "subscription", "params": {"channel": "book.BTC-PERPETUAL.none.20.100ms", "data": {"timestamp": 1755911819668, "change_id": 114590623867, "instrument_name": "BTC-PERPETUAL", "bids": [[116769.5, 108570.0], [116764.5, 10000.0], [116764.0, 60.0], [116763.5, 5730.0], [116760.0, 260.0], [116757.5, 1020.0], [116755.5, 13520.0], [116755.0, 45000.0], [116753.5, 20.0], [116753.0, 20.0], [116752.5, 20020.0], [116752.0, 36100.0], [116751.5, 20.0], [116751.0, 20.0], [116750.0, 110.0], [116749.5, 40500.0], [116749.0, 83370.0], [116747.5, 8270.0], [116745.0, 350.0], [116744.0, 300.0]], "asks": [[116770.0, 617530.0], [116770.5, 57310.0], [116771.0, 83440.0], [116772.0, 20.0], [116773.0, 101650.0], [116773.5, 500.0], [116774.0, 5730.0], [116775.5, 20000.0], [116780.5, 65080.0], [116782.0, 211930.0], [116784.0, 31170.0], [116784.5, 61640.0], [116785.5, 40000.0], [116788.5, 2270.0], [116790.5, 1440.0], [116795.5, 4810.0], [116799.5, 11240.0], [116800.0, 25460.0], [116802.0, 12030.0], [116803.0, 3900.0]]}}}
{"jsonrpc": "2.0", "method": "subscription", "params": {"channel": "book.BTC-PERPETUAL.none.20.100ms", "data": {"timestamp": 1755911819903, "change_id": 114590624165, "instrument_name": "BTC-PERPETUAL", "bids": [[116769.5, 108570.0], [116764.5, 10000.0], [116764.0, 60.0], [116760.0, 260.0], [116757.5, 1020.0], [116755.5, 13520.0], [116755.0, 45000.0], [116753.5, 20.0], [116753.0, 20.0], [116752.5, 20020.0], [116752.0, 36100.0], [116751.5, 20.0], [116751.0, 20.0], [116750.0, 610.0], [116749.5, 40000.0], [116749.0, 83370.0], [116747.5, 8270.0], [116745.0, 350.0], [116744.0, 300.0], [116743.5, 25400.0]], "asks": [[116770.0, 617530.0], [116770.5, 57310.0], [116771.0, 83440.0], [116772.0, 20.0], [116773.0, 101650.0], [116773.5, 500.0], [116774.0, 5730.0], [116775.5, 20000.0], [116780.5, 65080.0], [116782.0, 211930.0], [116784.0, 31170.0], [116784.5, 61640.0], [116785.5, 40000.0], [116788.5, 2270.0], [116790.5, 1440.0], [116795.5, 4810.0], [116799.5, 11240.0], [116800.0, 25460.0], [116802.0, 12030.0], [116803.0, 3900.0]]}}}
{"jsonrpc": "2.0", "method": "subscription", "params": {"channel": "book.BTC-PERPETUAL.none.20.100ms", "data": {"timestamp": 1755911820269, "change_id": 114590624766, "instrument_name": "BTC-PERPETUAL", "bids": [[116769.5, 108570.0], [116765.5, 5730.0], [116764.5, 10000.0], [116764.0, 60.0], [116760.0, 260.0], [116757.5, 1020.0], [116755.5, 13500.0], [116755.0, 45020.0], [116754.5, 20.0], [116754.0, 20.0], [116753.5, 20.0], [116753.0, 20.0], [116752.5, 20.0], [116752.0, 36080.0], [116750.5, 20000.0], [116750.0, 110.0], [116749.5, 40000.0], [116749.0, 83370.0], [116747.5, 8270.0], [116745.5, 500.0]], "asks": [[116770.0, 610530.0], [116770.5, 57310.0], [116771.0, 83440.0], [116771.5, 20.0], [116772.0, 520.0], [116772.5, 20.0], [116773.0, 101670.0], [116774.0, 5730.0], [116775.5, 20000.0], [116780.5, 65080.0], [116782.0, 211930.0], [116784.0, 31170.0], [116784.5, 61640.0], [116785.5, 40000.0], [116788.5, 2270.0], [116790.5, 1440.0], [116795.5, 4810.0], [116799.5, 11240.0], [116800.0, 25460.0], [116802.0, 12030.0]]}}}
{"jsonrpc": "2.0", "method": "subscription", "params": {"channel": "book.BTC-PERPETUAL.none.20.100ms", "data": {"timestamp": 1755911820577, "change_id": 114590625078, "instrument_name": "BTC-PERPETUAL", "bids": [[116769.5, 201570.0], [116765.5, 34300.0], [116765.0, 84900.0], [116764.5, 10000.0], [116764.0, 60.0], [116760.0, 260.0], [116758.0, 20.0], [116757.5, 1040.0], [116755.0, 20.0], [116754.5, 20.0], [116754.0, 20.0], [116753.5, 20.0], [116753.0, 20.0], [116752.5, 20.0], [116752.0, 36080.0], [116750.0, 110.0], [116749.5, 40000.0], [116749.0, 83370.0], [116748.0, 500.0], [116747.5, 16380.0]], "asks": [[116770.0, 540080.0], [116770.5, 57310.0], [116771.0, 83440.0], [116772.5, 500.0], [116773.0, 101650.0], [116775.5, 20000.0], [116780.0, 61990.0], [116780.5, 65080.0], [116782.0, 211930.0], [116784.0, 19170.0], [116788.5, 2270.0], [116790.0, 61640.0], [116790.5, 1440.0], [116795.5, 4810.0], [116799.5, 11240.0], [116800.0, 25460.0], [116802.0, 12030.0], [116803.0, 3900.0], [116806.5, 40000.0], [116807.0, 90.0]]}}}
{"jsonrpc": "2.0", "method": "subscription", "params": {"channel": "book.BTC-PERPETUAL.none.20.100ms", "data": {"timestamp": 1755911820900, "change_id": 114590625771, "instrument_name": "BTC-PERPETUAL", "bids": [[116769.5, 117300.0], [116765.5, 10000.0], [116765.0, 17710.0], [116764.0, 60.0], [116760.5, 50000.0], [116760.0, 260.0], [116759.0, 12320.0], [116758.5, 40000.0], [116757.5, 1020.0], [116755.0, 20.0], [116754.5, 20.0], [116754.0, 20.0], [116753.5, 20.0], [116753.0, 20.0], [116752.5, 20.0], [116752.0, 24060.0], [116750.0, 110.0], [116749.0, 83370.0], [116748.0, 500.0], [116747.5, 16380.0]], "asks": [[116770.0, 540280.0], [116770.5, 57310.0], [116771.0, 83440.0], [116772.5, 500.0], [116773.0, 101650.0], [116775.5, 20000.0], [116779.5, 9240.0], [116780.0, 52750.0], [116780.5, 65080.0], [116782.0, 211930.0], [116784.0, 19170.0], [116788.5, 2270.0], [116790.0, 61640.0], [116790.5, 13260.0], [116794.5, 40000.0], [116795.5, 4810.0], [116799.5, 11240.0], [116800.0, 25460.0], [116802.0, 12030.0], [116803.0, 3900.0]]}}}
{"jsonrpc": "2.0", "method": "subscription", "params": {"channel": "book.BTC-PERPETUAL.none.20.100ms", "data": {"timestamp": 1755911821269, "change_id": 114590626432, "instrument_name": "BTC-PERPETUAL", "bids": [[116769.5, 167300.0], [116765.5, 10000.0], [116764.0, 60.0], [116760.0, 260.0], [116759.0, 12320.0], [116758.5, 40000.0], [116758.0, 20.0], [116757.5, 1040.0], [116757.0, 20.0], [116756.5, 20.0], [116756.0, 20.0], [116755.5, 20.0], [116755.0, 20.0], [116754.5, 20.0], [116752.0, 24060.0], [116750.0, 110.0], [116749.0, 83370.0], [116748.0, 500.0], [116747.5, 16380.0], [116745.0, 350.0]], "asks": [[116770.0, 540280.0], [116770.5, 57310.0], [116771.0, 83440.0], [116772.0, 500.0], [116773.0, 101650.0], [116773.5, 20.0], [116774.0, 20.0], [116774.5, 20.0], [116775.0, 21030.0], [116775.5, 20020.0], [116779.0, 9240.0], [116780.0, 31740.0], [116780.5, 65080.0], [116782.0, 211930.0], [116784.0, 19170.0], [116788.5, 2270.0], [116790.0, 61640.0], [116790.5, 13260.0], [116794.5, 40000.0], [116795.5, 4810.0]]}}}
{"jsonrpc": "2.0", "method": "subscription", "params": {"channel": "book.BTC-PERPETUAL.none.20.100ms", "data": {"timestamp": 1755911821594, "change_id": 114590626787, "instrument_name": "BTC-PERPETUAL", "bids": [[116769.5, 188800.0], [116766.0, 50500.0], [116765.5, 10000.0], [116764.0, 60.0], [116760.0, 260.0], [116759.0, 12340.0], [116758.5, 40020.0], [116758.0, 20.0], [116757.5, 1040.0], [116757.0, 20.0], [116752.5, 500.0], [116752.0, 24060.0], [116751.5, 20000.0], [116750.0, 110.0], [116749.0, 83370.0], [116747.5, 16380.0], [116745.0, 350.0], [116744.0, 300.0], [116743.5, 45400.0], [116742.5, 12000.0]], "asks": [[116770.0, 540280.0], [116770.5, 57310.0], [116771.0, 83440.0], [116773.0, 101650.0], [116775.5, 20000.0], [116778.5, 500.0], [116779.0, 9240.0], [116779.5, 21010.0], [116780.0, 31740.0], [116780.5, 65080.0], [116782.0, 211930.0], [116784.0, 19170.0], [116788.5, 2270.0], [116790.0, 61640.0], [116790.5, 13260.0], [116794.5, 40000.0], [116795.5, 4810.0], [116799.5, 11240.0], [116800.0, 25460.0], [116802.0, 12030.0]]}}}
{"jsonrpc": "2.0", "method": "subscription", "params": {"channel": "book.BTC-PERPETUAL.none.20.100ms", "data": {"timestamp": 1755911821933, "change_id": 114590627096, "instrument_name": "BTC-PERPETUAL", "bids": [[116769.5, 228800.0], [116766.0, 50500.0], [116765.5, 10000.0], [116764.0, 60.0], [116760.0, 260.0], [116759.0, 20.0], [116758.5, 20.0], [116758.0, 20.0], [116757.5, 1040.0], [116757.0, 20.0], [116753.0, 20500.0], [116752.0, 24060.0], [116750.0, 110.0], [116749.0, 83370.0], [116747.5, 16380.0], [116745.0, 350.0], [116744.0, 300.0], [116743.5, 45400.0], [116742.5, 12000.0], [116742.0, 63350.0]], "asks": [[116770.0, 540280.0], [116770.5, 57310.0], [116771.0, 83440.0], [116773.0, 101650.0], [116775.5, 20000.0], [116777.5, 9240.0], [116778.0, 500.0], [116779.5, 21010.0], [116780.0, 31740.0], [116780.5, 65080.0], [116782.0, 211930.0], [116784.0, 19170.0], [116788.5, 2270.0], [116790.0, 61640.0], [116790.5, 13260.0], [116794.5, 40000.0], [116795.5, 4810.0], [116799.5, 11240.0], [116800.0, 25460.0], [116802.0, 12030.0]]}}}
{"jsonrpc": "2.0", "method": "subscription", "params": {"channel": "book.BTC-PERPETUAL.none.20.100ms", "data": {"timestamp": 1755911822258, "change_id": 114590627637, "instrument_name": "BTC-PERPETUAL", "bids": [[116769.5, 228800.0], [116766.0, 47400.0], [116765.5, 10000.0], [116764.0, 60.0], [116760.0, 260.0], [116758.0, 20.0], [116757.5, 1040.0], [116757.0, 20.0], [116754.0, 500.0], [116752.0, 24060.0], [116751.0, 20000.0], [116750.0, 110.0], [116749.0, 83370.0], [116747.5, 8270.0], [116745.0, 350.0], [116744.0, 300.0], [116743.5, 25400.0], [116743.0, 11000.0], [116742.5, 1000.0], [116742.0, 63350.0]], "asks": [[116770.0, 540280.0], [116770.5, 57310.0], [116771.0, 83440.0], [116773.0, 101650.0], [116775.5, 20000.0], [116777.0, 26010.0], [116777.5, 9240.0], [116779.0, 500.0], [116779.5, 21010.0], [116780.0, 5730.0], [116780.5, 65080.0], [116782.0, 211930.0], [116784.0, 19170.0], [116788.5, 2270.0], [116790.0, 61640.0], [116790.5, 13260.0], [116794.5, 40000.0], [116795.5, 4810.0], [116799.5, 11240.0], [116800.0, 25460.0]]}}}
{"jsonrpc": "2.0", "method": "subscription", "params": {"channel": "book.BTC-PERPETUAL.none.20.100ms", "data": {"timestamp": 1755911822571, "change_id": 114590627886, "instrument_name": "BTC-PERPETUAL", "bids": [[116769.5, 228800.0], [116766.5, 14220.0], [116766.0, 50500.0], [116765.5, 10000.0], [116764.0, 60.0], [116760.5, 20.0], [116760.0, 280.0], [116759.5, 20.0], [116759.0, 20.0], [116758.5, 20.0], [116758.0, 20.0], [116757.5, 1040.0], [116757.0, 20.0], [116754.5, 500.0], [116753.0, 20000.0], [116752.0, 24060.0], [116750.0, 110.0], [116749.0, 83370.0], [116747.5, 8270.0], [116745.0, 350.0]], "asks": [[116770.0, 540080.0], [116770.5, 57310.0], [116771.0, 83440.0], [116773.0, 101650.0], [116775.5, 20000.0], [116776.0, 20.0], [116776.5, 20.0], [116777.0, 26030.0], [116777.5, 9260.0], [116779.5, 21510.0], [116780.0, 5730.0], [116780.5, 65080.0], [116782.0, 211930.0], [116784.0, 19170.0], [116788.5, 2270.0], [116790.0, 61640.0], [116790.5, 13260.0], [116794.5, 40000.0], [116795.5, 4810.0], [116799.5, 11240.0]]}}}
{"jsonrpc": "2.0", "method": "subscription", "params": {"channel": "book.BTC-PERPETUAL.none.20.100ms", "data": {"timestamp": 1755911822928, "change_id": 114590628199, "instrument_name": "BTC-PERPETUAL", "bids": [[116769.5, 228800.0], [116766.5, 14220.0], [116766.0, 50500.0], [116765.5, 10000.0], [116764.0, 60.0], [116760.0, 280.0], [116759.5, 20.0], [116759.0, 20.0], [116758.5, 20.0], [116758.0, 20.0], [116757.5, 1040.0], [116757.0, 20.0], [116755.5, 500.0], [116753.0, 20000.0], [116752.0, 24060.0], [116750.0, 110.0], [116749.0, 83370.0], [116747.5, 8270.0], [116745.0, 350.0], [116744.0, 300.0]], "asks": [[116770.0, 540280.0], [116770.5, 57310.0], [116771.0, 83440.0], [116773.0, 101650.0], [116775.5, 20000.0], [116776.5, 20.0], [116777.0, 20.0], [116777.5, 9260.0], [116779.0, 26010.0], [116779.5, 21510.0], [116780.0, 5730.0], [116780.5, 65080.0], [116782.0, 211930.0], [116784.0, 19170.0], [116788.5, 2270.0], [116790.0, 61640.0], [116790.5, 13260.0], [116794.5, 40000.0], [116795.5, 4810.0], [116799.5, 11240.0]]}}}
{"jsonrpc": "2.0", "method": "subscription", "params": {"channel": "book.BTC-PERPETUAL.none.20.100ms", "data": {"timestamp": 1755911823254, "change_id": 114590628732, "instrument_name": "BTC-PERPETUAL", "bids": [[116769.5, 228800.0], [116766.5, 14220.0], [116766.0, 50500.0], [116765.5, 10000.0], [116764.0, 60.0], [116760.5, 20.0], [116760.0, 280.0], [116759.5, 20.0], [116759.0, 20.0], [116758.5, 20.0], [116758.0, 20.0], [116757.5, 1040.0], [116757.0, 20.0], [116755.0, 500.0], [116753.0, 20000.0], [116752.0, 24060.0], [116750.0, 110.0], [116749.0, 83370.0], [116747.5, 16380.0], [116745.0, 350.0]], "asks": [[116770.0, 540280.0], [116770.5, 57310.0], [116771.0, 83440.0], [116773.0, 101650.0], [116775.5, 20000.0], [116776.5, 20.0], [116777.0, 20.0], [116777.5, 9260.0], [116779.0, 31740.0], [116779.5, 21010.0], [116780.0, 500.0], [116780.5, 65080.0], [116782.0, 211930.0], [116784.0, 19170.0], [116788.5, 2270.0], [116790.0, 61640.0], [116790.5, 13260.0], [116794.5, 40000.0], [116795.5, 4810.0], [116799.5, 11240.0]]}}}
{"jsonrpc": "2.0", "method": "subscription", "params": {"channel": "book.BTC-PERPETUAL.none.20.100ms", "data": {"timestamp": 1755911823586, "change_id": 114590629245, "instrument_name": "BTC-PERPETUAL", "bids": [[116769.5, 328200.0], [116766.5, 14220.0], [116766.0, 74000.0], [116765.5, 10000.0], [116764.0, 60.0], [116761.0, 20.0], [116760.5, 520.0], [116760.0, 280.0], [116759.5, 20.0], [116759.0, 20.0], [116757.5, 1020.0], [116755.5, 3300.0], [116755.0, 11000.0], [116752.0, 33140.0], [116750.0, 110.0], [116749.5, 26000.0], [116749.0, 83370.0], [116747.5, 28860.0], [116745.0, 350.0], [116744.0, 9540.0]], "asks": [[116770.0, 352850.0], [116774.5, 21010.0], [116775.0, 50020.0], [116775.5, 20000.0], [116778.0, 3300.0], [116778.5, 11000.0], [116788.0, 500.0], [116788.5, 2270.0], [116790.5, 20840.0], [116794.0, 56260.0], [116794.5, 40000.0], [116795.5, 4810.0], [116798.5, 27210.0], [116799.5, 3600.0], [116800.0, 25460.0], [116801.5, 61640.0], [116802.0, 12030.0], [116803.0, 3900.0], [116806.5, 40000.0], [116807.0, 90.0]]}}}
{"jsonrpc": "2.0", "method": "subscription", "params": {"channel": "book.BTC-PERPETUAL.none.20.100ms", "data": {"timestamp": 1755911823919, "change_id": 114590629965, "instrument_name": "BTC-PERPETUAL", "bids": [[116769.5, 368500.0], [116767.5, 20.0], [116767.0, 20.0], [116766.5, 22490.0], [116766.0, 108630.0], [116764.0, 60.0], [116761.0, 20.0], [116760.5, 520.0], [116760.0, 83620.0], [116757.5, 1020.0], [116752.0, 9330.0], [116750.0, 110.0], [116749.5, 20000.0], [116748.0, 11000.0], [116747.5, 13150.0], [116745.0, 350.0], [116744.5, 26000.0], [116743.5, 25400.0], [116742.5, 1000.0], [116742.0, 63350.0]], "asks": [[116770.0, 257730.0], [116771.5, 11000.0], [116772.0, 23240.0], [116775.0, 50020.0], [116775.5, 20000.0], [116778.0, 66610.0], [116781.0, 168480.0], [116783.0, 50000.0], [116786.0, 26510.0], [116786.5, 63550.0], [116787.0, 211320.0], [116787.5, 21010.0], [116789.0, 9240.0], [116790.5, 19170.0], [116794.5, 40000.0], [116795.5, 4810.0], [116798.5, 26120.0], [116800.0, 25460.0], [116801.5, 61640.0], [116802.0, 12030.0]]}}}
{"jsonrpc": "2.0", "method": "subscription", "params": {"channel": "book.BTC-PERPETUAL.none.20.100ms", "data": {"timestamp": 1755911824240, "change_id": 114590630603, "instrument_name": "BTC-PERPETUAL", "bids": [[116769.5, 368500.0], [116766.5, 22490.0], [116766.0, 108630.0], [116764.0, 60.0], [116761.0, 20.0], [116760.5, 520.0], [116760.0, 83620.0], [116757.5, 1020.0], [116752.0, 8580.0], [116750.0, 110.0], [116749.5, 20000.0], [116748.0, 11000.0], [116747.5, 13150.0], [116745.0, 350.0], [116744.0, 26000.0], [116743.5, 25400.0], [116742.5, 1000.0], [116742.0, 63350.0], [116741.5, 168480.0], [116741.0, 11000.0]], "asks": [[116770.0, 307730.0], [116770.5, 11000.0], [116771.0, 23240.0], [116775.0, 50020.0], [116775.5, 20000.0], [116778.0, 66610.0], [116781.0, 168480.0], [116782.5, 30250.0], [116784.0, 130870.0], [116784.5, 128460.0], [116785.5, 500.0], [116787.0, 211320.0], [116790.5, 19170.0], [116794.5, 40000.0], [116795.5, 4810.0], [116797.5, 26130.0], [116798.0, 61640.0], [116800.0, 25460.0], [116802.0, 12030.0], [116803.0, 3900.0]]}}}
{"jsonrpc": "2.0", "method": "subscription", "params": {"channel": "book.BTC-PERPETUAL.none.20.100ms", "data": {"timestamp": 1755911824581, "change_id": 114590630916, "instrument_name": "BTC-PERPETUAL", "bids": [[116769.5, 368500.0], [116767.5, 11620.0], [116767.0, 28700.0], [116766.5, 20.0], [116766.0, 37750.0], [116765.5, 20.0], [116765.0, 20.0], [116764.5, 20.0], [116764.0, 80.0], [116760.5, 500.0], [116760.0, 83620.0], [116757.5, 1020.0], [116752.0, 8580.0], [116750.0, 110.0], [116749.5, 20000.0], [116748.0, 11000.0], [116747.5, 13150.0], [116745.0, 350.0], [116744.0, 26000.0], [116743.5, 25400.0]], "asks": [[116770.0, 307730.0], [116770.5, 11000.0], [116771.0, 23240.0], [116774.0, 50020.0], [116775.5, 20000.0], [116778.0, 66610.0], [116781.0, 168480.0], [116782.5, 30270.0], [116783.0, 20.0], [116783.5, 20.0], [116784.0, 130890.0], [116784.5, 128460.0], [116785.0, 500.0], [116787.0, 211320.0], [116790.5, 35990.0], [116794.0, 61640.0], [116794.5, 40000.0], [116795.5, 4810.0], [116797.5, 7640.0], [116800.0, 25460.0]]}}}
{"jsonrpc": "2.0", "method": "subscription", "params": {"channel": "book.BTC-PERPETUAL.none.20.100ms", "data": {"timestamp": 1755911824913, "change_id": 114590631320, "instrument_name": "BTC-PERPETUAL", "bids": [[116769.5, 368500.0], [116767.5, 8620.0], [116767.0, 28700.0], [116766.0, 27750.0], [116765.5, 10020.0], [116765.0, 20.0], [116764.5, 20.0], [116764.0, 80.0], [116763.5, 20.0], [116763.0, 20.0], [116761.0, 500.0], [116760.0, 83620.0], [116757.5, 1020.0], [116752.0, 8580.0], [116750.0, 110.0], [116749.5, 20000.0], [116748.0, 11000.0], [116747.5, 13150.0], [116745.0, 350.0], [116744.0, 26000.0]], "asks": [[116770.0, 307730.0], [116771.0, 23240.0], [116774.5, 61020.0], [116775.5, 20000.0], [116778.0, 66610.0], [116781.0, 168480.0], [116781.5, 20.0], [116782.0, 20.0], [116782.5, 30270.0], [116783.0, 20.0], [116783.5, 20.0], [116784.0, 130870.0], [116784.5, 128460.0], [116786.0, 500.0], [116787.0, 211320.0], [116790.5, 35990.0], [116794.0, 61640.0], [116794.5, 40000.0], [116795.5, 4810.0], [116797.5, 7640.0]]}}}
{"jsonrpc": "2.0", "method": "subscription", "params": {"channel": "book.BTC-PERPETUAL.none.20.100ms", "data": {"timestamp": 1755911825242, "change_id": 114590631893, "instrument_name": "BTC-PERPETUAL", "bids": [[116769.5, 362770.0], [116766.0, 27730.0], [116765.5, 10020.0], [116765.0, 20.0], [116764.5, 20.0], [116764.0, 80.0], [116763.5, 20.0], [116761.0, 20000.0], [116760.5, 500.0], [116760.0, 83620.0], [116757.5, 1020.0], [116752.0, 8580.0], [116750.0, 110.0], [116749.5, 20000.0], [116748.0, 11000.0], [116747.5, 13150.0], [116745.0, 350.0], [116744.0, 26000.0], [116743.5, 25400.0], [116742.5, 1000.0]], "asks": [[116770.0, 307730.0], [116771.0, 23240.0], [116774.0, 50020.0], [116774.5, 11000.0], [116775.5, 20000.0], [116778.0, 66610.0], [116781.0, 168480.0], [116782.0, 20.0], [116782.5, 21030.0], [116783.0, 20.0], [116783.5, 26030.0], [116784.0, 104860.0], [116784.5, 128460.0], [116785.5, 500.0], [116786.0, 9240.0], [116787.0, 211320.0], [116790.5, 19170.0], [116794.5, 40000.0], [116795.5, 4810.0], [116796.5, 26130.0]]}}}
{"jsonrpc": "2.0", "method": "subscription", "params": {"channel": "book.BTC-PERPETUAL.none.20.100ms", "data": {"timestamp": 1755911825563, "change_id": 114590632186, "instrument_name": "BTC-PERPETUAL", "bids": [[116769.5, 281200.0], [116767.0, 13500.0], [116766.5, 45000.0], [116766.0, 27730.0], [116765.5, 10000.0], [116764.0, 60.0], [116763.5, 20.0], [116763.0, 20.0], [116762.5, 20.0], [116761.0, 20000.0], [116760.5, 500.0], [116760.0, 83620.0], [116757.5, 1020.0], [116752.0, 8580.0], [116750.0, 110.0], [116749.5, 20000.0], [116748.0, 11000.0], [116747.5, 13150.0], [116745.0, 350.0], [116744.0, 26000.0]], "asks": [[116770.0, 307730.0], [116771.0, 23240.0], [116773.0, 50020.0], [116773.5, 11000.0], [116775.5, 20000.0], [116778.0, 66610.0], [116781.0, 168480.0], [116782.0, 20.0], [116782.5, 21030.0], [116783.0, 9260.0], [116783.5, 26030.0], [116784.0, 104860.0], [116784.5, 128460.0], [116785.0, 500.0], [116787.0, 211320.0], [116790.5, 35990.0], [116794.5, 40000.0], [116795.0, 61640.0], [116795.5, 4810.0], [116796.5, 7640.0]]}}}
{"jsonrpc": "2.0", "method": "subscription", "params": {"channel": "book.BTC-PERPETUAL.none.20.100ms", "data": {"timestamp": 1755911825880, "change_id": 114590632567, "instrument_name": "BTC-PERPETUAL", "bids": [[116769.5, 281200.0], [116767.0, 13500.0], [116766.5, 45000.0], [116766.0, 27750.0], [116765.5, 10020.0], [116765.0, 20.0], [116764.5, 20.0], [116764.0, 80.0], [116763.5, 20.0], [116763.0, 20.0], [116762.5, 20020.0], [116760.5, 500.0], [116760.0, 83620.0], [116757.5, 1020.0], [116752.0, 8580.0], [116750.0, 11110.0], [116749.5, 20000.0], [116747.5, 13150.0], [116745.0, 350.0], [116744.0, 26000.0]], "asks": [[116770.0, 306730.0], [116771.0, 23240.0], [116774.0, 50020.0], [116774.5, 11000.0], [116775.5, 20000.0], [116778.0, 66610.0], [116781.0, 168480.0], [116782.0, 20.0], [116782.5, 21030.0], [116783.0, 9260.0], [116783.5, 26030.0], [116784.0, 104860.0], [116784.5, 128460.0], [116786.5, 500.0], [116787.0, 211320.0], [116790.5, 35990.0], [116794.5, 40000.0], [116795.0, 61640.0], [116795.5, 4810.0], [116796.5, 7640.0]]}}}
{"jsonrpc": "2.0", "method": "subscription", "params": {"channel": "book.BTC-PERPETUAL.none.20.100ms", "data": {"timestamp": 1755911826221, "change_id": 114590633211, "instrument_name": "BTC-PERPETUAL", "bids": [[116769.5, 281200.0], [116767.0, 13500.0], [116766.5, 45000.0], [116766.0, 27730.0], [116765.5, 10000.0], [116764.5, 20.0], [116764.0, 80.0], [116763.5, 20.0], [116763.0, 20.0], [116762.5, 20.0], [116762.0, 20.0], [116761.5, 20.0], [116760.5, 500.0], [116760.0, 103620.0], [116757.5, 1020.0], [116752.0, 9330.0], [116750.0, 110.0], [116749.5, 20000.0], [116748.0, 11000.0], [116747.5, 14820.0]], "asks": [[116770.0, 306730.0], [116770.5, 11000.0], [116771.0, 23240.0], [116774.0, 50020.0], [116775.5, 20000.0], [116778.0, 66610.0], [116779.5, 20.0], [116780.0, 20.0], [116780.5, 20.0], [116781.0, 168500.0], [116781.5, 20.0], [116782.5, 26010.0], [116783.0, 9240.0], [116784.0, 104860.0], [116784.5, 128460.0], [116785.5, 500.0], [116786.0, 21010.0], [116787.0, 211320.0], [116790.5, 35990.0], [116794.5, 40000.0]]}}}
{"jsonrpc": "2.0", "method": "subscription", "params": {"channel": "book.BTC-PERPETUAL.none.20.100ms", "data": {"timestamp": 1755911826548, "change_id": 114590633497, "instrument_name": "BTC-PERPETUAL", "bids": [[116769.5, 323100.0], [116769.0, 13700.0], [116767.0, 13500.0], [116766.5, 45000.0], [116766.0, 39700.0], [116765.5, 10000.0], [116764.5, 20.0], [116764.0, 80.0], [116763.5, 20.0], [116763.0, 20.0], [116762.5, 20.0], [116762.0, 20.0], [116761.0, 500.0], [116760.0, 103620.0], [116757.5, 1020.0], [116752.0, 8580.0], [116750.0, 110.0], [116749.5, 20000.0], [116748.0, 11000.0], [116747.5, 14820.0]], "asks": [[116770.0, 306730.0], [116770.5, 11000.0], [116771.0, 23240.0], [116775.0, 50020.0], [116775.5, 20000.0], [116778.0, 66610.0], [116781.0, 168480.0], [116783.0, 9240.0], [116784.0, 130870.0], [116784.5, 128460.0], [116785.5, 500.0], [116786.0, 21010.0], [116787.0, 211320.0], [116790.5, 35990.0], [116794.5, 40000.0], [116795.0, 61640.0], [116795.5, 4810.0], [116796.5, 7640.0], [116800.0, 25460.0], [116802.0, 12030.0]]}}}
{"jsonrpc": "2.0", "method": "subscription", "params": {"channel": "book.BTC-PERPETUAL.none.20.100ms", "data": {"timestamp": 1755911826896, "change_id": 114590633804, "instrument_name": "BTC-PERPETUAL", "bids": [[116769.5, 323100.0], [116769.0, 13700.0], [116767.0, 13500.0], [116766.5, 45000.0], [116766.0, 39700.0], [116765.5, 10000.0], [116764.5, 20.0], [116764.0, 80.0], [116763.5, 20.0], [116763.0, 20.0], [116761.0, 500.0], [116760.0, 103620.0], [116757.5, 1020.0], [116752.0, 6030.0], [116750.0, 110.0], [116749.5, 20000.0], [116747.5, 14820.0], [116745.5, 11000.0], [116745.0, 350.0], [116744.0, 26000.0]], "asks": [[116770.0, 317730.0], [116771.0, 20260.0], [116773.5, 50020.0], [116775.5, 20000.0], [116778.0, 66610.0], [116780.5, 21010.0], [116781.0, 168480.0], [116783.0, 9240.0], [116784.0, 130870.0], [116784.5, 128960.0], [116787.0, 211320.0], [116790.5, 35990.0], [116794.5, 40000.0], [116795.0, 61640.0], [116795.5, 4810.0], [116796.5, 7640.0], [116800.0, 25460.0], [116802.0, 12030.0], [116803.0, 3900.0], [116806.5, 40000.0]]}}}
{"jsonrpc": "2.0", "method": "subscription", "params": {"channel": "book.BTC-PERPETUAL.none.20.100ms", "data": {"timestamp": 1755911827229, "change_id": 114590634391, "instrument_name": "BTC-PERPETUAL", "bids": [[116769.5, 323100.0], [116769.0, 13700.0], [116766.5, 20.0], [116766.0, 39700.0], [116765.5, 10020.0], [116765.0, 20.0], [116764.5, 20.0], [116764.0, 80.0], [116763.5, 20.0], [116760.5, 500.0], [116760.0, 103620.0], [116757.5, 1020.0], [116752.0, 6030.0], [116750.0, 110.0], [116749.5, 20000.0], [116747.5, 14820.0], [116745.5, 11000.0], [116745.0, 350.0], [116744.0, 26000.0], [116743.5, 25400.0]], "asks": [[116770.0, 317730.0], [116771.0, 20260.0], [116775.0, 50020.0], [116775.5, 20000.0], [116778.0, 66610.0], [116780.5, 21010.0], [116781.0, 168480.0], [116782.5, 20.0], [116783.0, 9260.0], [116783.5, 26030.0], [116784.0, 104880.0], [116784.5, 128460.0], [116786.0, 500.0], [116787.0, 217050.0], [116790.5, 30260.0], [116794.5, 40000.0], [116795.0, 61640.0], [116795.5, 4810.0], [116796.5, 7640.0], [116800.0, 25460.0]]}}}
{"jsonrpc": "2.0", "method": "subscription", "params": {"channel": "book.BTC-PERPETUAL.none.20.100ms", "data": {"timestamp": 1755911827556, "change_id": 114590634633, "instrument_name": "BTC-PERPETUAL", "bids": [[116769.5, 323100.0], [116769.0, 13700.0], [116767.0, 20.0], [116766.5, 56920.0], [116766.0, 39700.0], [116765.5, 10000.0], [116765.0, 20.0], [116764.5, 20.0], [116764.0, 80.0], [116763.5, 20.0], [116760.0, 103620.0], [116758.0, 500.0], [116757.5, 1020.0], [116750.0, 6110.0], [116749.5, 20000.0], [116747.5, 14820.0], [116745.5, 11000.0], [116745.0, 350.0], [116743.5, 25400.0], [116742.5, 27000.0]], "asks": [[116770.0, 317730.0], [116771.0, 20260.0], [116775.0, 50020.0], [116775.5, 20000.0], [116778.0, 66610.0], [116780.5, 21010.0], [116781.0, 168480.0], [116782.0, 9240.0], [116782.5, 26010.0], [116784.0, 105360.0], [116784.5, 128460.0], [116787.0, 217050.0], [116790.5, 30260.0], [116794.5, 40000.0], [116795.0, 61640.0], [116795.5, 4810.0], [116796.5, 7640.0], [116800.0, 25460.0], [116802.0, 12030.0], [116803.0, 3900.0]]}}}
{"jsonrpc": "2.0", "method": "subscription", "params": {"channel": "book.BTC-PERPETUAL.none.20.100ms", "data": {"timestamp": 1755911827884, "change_id": 114590634939, "instrument_name": "BTC-PERPETUAL", "bids": [[116769.5, 323100.0], [116769.0, 13700.0], [116766.5, 56920.0], [116766.0, 20.0], [116765.5, 10000.0], [116765.0, 20.0], [116764.5, 20.0], [116764.0, 80.0], [116763.5, 20.0], [116761.5, 20000.0], [116760.0, 83620.0], [116759.0, 500.0], [116757.5, 1020.0], [116750.0, 8660.0], [116749.5, 20000.0], [116748.0, 11000.0], [116747.5, 14820.0], [116745.0, 350.0], [116743.5, 25400.0], [116742.5, 27000.0]], "asks": [[116770.0, 317730.0], [116771.0, 20260.0], [116775.0, 50020.0], [116775.5, 20000.0], [116778.0, 66610.0], [116780.5, 21010.0], [116781.0, 168480.0], [116782.0, 9240.0], [116782.5, 26010.0], [116783.5, 500.0], [116784.0, 104860.0], [116784.5, 128460.0], [116787.0, 217050.0], [116790.5, 30260.0], [116794.5, 40000.0], [116795.0, 61640.0], [116795.5, 4810.0], [116796.5, 7640.0], [116800.0, 25460.0], [116802.0, 12030.0]]}}}
{"jsonrpc": "2.0", "method": "subscription", "params": {"channel": "book.BTC-PERPETUAL.none.20.100ms", "data": {"timestamp": 1755911828215, "change_id": 114590635583, "instrument_name": "BTC-PERPETUAL", "bids": [[116769.5, 181770.0], [116765.5, 10000.0], [116764.0, 60.0], [116760.0, 83620.0], [116758.0, 40000.0], [116757.5, 1020.0], [116750.5, 500.0], [116750.0, 110.0], [116747.5, 14820.0], [116745.0, 350.0], [116744.0, 11000.0], [116743.5, 25400.0], [116742.5, 1000.0], [116742.0, 63350.0], [116741.5, 168480.0], [116740.0, 25410.0], [116739.5, 350.0], [116737.0, 37000.0], [116736.5, 350.0], [116736.0, 37610.0]], "asks": [[116770.0, 371000.0], [116771.0, 6000.0], [116774.5, 500.0], [116775.5, 20000.0], [116777.5, 9240.0], [116778.0, 66610.0], [116780.0, 26010.0], [116780.5, 21010.0], [116781.0, 168480.0], [116781.5, 20.0], [116782.0, 20.0], [116782.5, 20.0], [116783.0, 20.0], [116783.5, 20.0], [116784.0, 104860.0], [116784.5, 128460.0], [116787.0, 217050.0], [116790.0, 61640.0], [116790.5, 13440.0], [116794.5, 40000.0]]}}}
{"jsonrpc": "2.0", "method": "subscription", "params": {"channel": "book.BTC-PERPETUAL.none.20.100ms", "data": {"timestamp": 1755911828535, "change_id": 114590635932, "instrument_name": "BTC-PERPETUAL", "bids": [[116769.5, 294510.0], [116769.0, 13700.0], [116767.5, 20.0], [116767.0, 20.0], [116766.5, 23700.0], [116766.0, 78920.0], [116765.5, 10020.0], [116765.0, 20.0], [116764.5, 20.0], [116764.0, 80.0], [116761.0, 500.0], [116760.5, 25090.0], [116760.0, 83620.0], [116758.5, 12310.0], [116758.0, 40000.0], [116757.5, 1020.0], [116750.0, 110.0], [116747.5, 14820.0], [116746.5, 11000.0], [116745.0, 350.0]], "asks": [[116770.0, 306740.0], [116771.0, 20260.0], [116775.0, 61020.0], [116775.5, 20000.0], [116778.0, 66610.0], [116781.0, 168480.0], [116782.0, 20.0], [116783.5, 30270.0], [116784.0, 104860.0], [116784.5, 128460.0], [116785.5, 5730.0], [116786.5, 26510.0], [116787.0, 211320.0], [116790.5, 30250.0], [116794.5, 40000.0], [116795.5, 4800.0], [116796.0, 61640.0], [116796.5, 7640.0], [116800.0, 25460.0], [116802.0, 12030.0]]}}}
{"jsonrpc": "2.0", "method": "subscription", "params": {"channel": "book.BTC-PERPETUAL.none.20.100ms", "data": {"timestamp": 1755911828858, "change_id": 114590636228, "instrument_name": "BTC-PERPETUAL", "bids": [[116769.5, 334510.0], [116769.0, 13700.0], [116768.0, 20.0], [116767.5, 20.0], [116767.0, 20.0], [116766.5, 23700.0], [116766.0, 78920.0], [116765.5, 10020.0], [116765.0, 20.0], [116764.0, 60.0], [116761.5, 500.0], [116760.5, 25090.0], [116760.0, 83620.0], [116757.5, 1020.0], [116750.0, 110.0], [116747.5, 14820.0], [116746.5, 11000.0], [116745.0, 350.0], [116743.5, 25400.0], [116743.0, 26000.0]], "asks": [[116770.0, 317740.0], [116771.0, 20260.0], [116774.5, 50020.0], [116775.5, 20000.0], [116778.0, 66610.0], [116781.0, 168480.0], [116783.5, 30250.0], [116784.0, 130870.0], [116784.5, 128460.0], [116785.5, 5730.0], [116786.5, 500.0], [116787.0, 211320.0], [116790.5, 30250.0], [116794.5, 40000.0], [116795.5, 4800.0], [116796.0, 61640.0], [116796.5, 7640.0], [116800.0, 25460.0], [116802.0, 12030.0], [116803.0, 3900.0]]}}}
{"jsonrpc": "2.0", "method": "subscription", "params": {"channel": "book.BTC-PERPETUAL.none.20.100ms", "data": {"timestamp": 1755911829215, "change_id": 114590636844, "instrument_name": "BTC-PERPETUAL", "bids": [[116769.5, 334540.0], [116767.0, 20.0], [116766.5, 23700.0], [116766.0, 78920.0], [116765.5, 10020.0], [116765.0, 20.0], [116764.5, 20.0], [116764.0, 60.0], [116761.0, 500.0], [116760.5, 25090.0], [116760.0, 83620.0], [116757.5, 1020.0], [116750.5, 6030.0], [116750.0, 110.0], [116749.5, 20000.0], [116747.5, 20570.0], [116745.5, 11000.0], [116745.0, 350.0], [116744.0, 26000.0], [116743.5, 25400.0]], "asks": [[116770.0, 317740.0], [116771.0, 20260.0], [116773.5, 50020.0], [116775.5, 20000.0], [116778.0, 66610.0], [116781.0, 168480.0], [116782.0, 20.0], [116782.5, 20.0], [116783.0, 20.0], [116783.5, 21030.0], [116784.0, 130890.0], [116784.5, 128460.0], [116785.0, 9740.0], [116785.5, 5730.0], [116787.0, 211320.0], [116790.5, 30250.0], [116794.5, 40000.0], [116795.5, 4800.0], [116796.0, 61640.0], [116796.5, 7640.0]]}}}
{"jsonrpc": "2.0", "method": "subscription", "params": {"channel": "book.BTC-PERPETUAL.none.20.100ms", "data": {"timestamp": 1755911829545, "change_id": 114590637070, "instrument_name": "BTC-PERPETUAL", "bids": [[116769.5, 334540.0], [116769.0, 13720.0], [116768.5, 20.0], [116768.0, 20.0], [116767.5, 20.0], [116767.0, 20.0], [116766.5, 23700.0], [116766.0, 112010.0], [116765.5, 10020.0], [116764.0, 60.0], [116763.5, 83310.0], [116762.0, 20000.0], [116761.0, 500.0], [116760.0, 260.0], [116757.5, 1020.0], [116754.5, 1000.0], [116750.5, 8580.0], [116750.0, 110.0], [116749.5, 20000.0], [116748.0, 11000.0]], "asks": [[116770.0, 306740.0], [116770.5, 11000.0], [116771.0, 20260.0], [116774.0, 50020.0], [116775.5, 20000.0], [116778.0, 66610.0], [116781.0, 168480.0], [116783.0, 9240.0], [116783.5, 21010.0], [116784.0, 130870.0], [116784.5, 128480.0], [116785.0, 20.0], [116785.5, 5750.0], [116786.5, 500.0], [116787.0, 211320.0], [116790.5, 30250.0], [116794.5, 40000.0], [116795.5, 4800.0], [116796.0, 61640.0], [116796.5, 7640.0]]}}}
{"jsonrpc": "2.0", "method": "subscription", "params": {"channel": "book.BTC-PERPETUAL.none.20.100ms", "data": {"timestamp": 1755911829864, "change_id": 114590637586, "instrument_name": "BTC-PERPETUAL", "bids": [[116769.5, 334540.0], [116769.0, 13700.0], [116768.0, 20.0], [116767.5, 20.0], [116767.0, 20.0], [116766.5, 23700.0], [116766.0, 122010.0], [116765.5, 20.0], [116764.0, 60.0], [116763.5, 83310.0], [116760.5, 500.0], [116760.0, 260.0], [116757.5, 1020.0], [116754.5, 1000.0], [116754.0, 15970.0], [116752.5, 20000.0], [116750.0, 110.0], [116748.5, 26000.0], [116748.0, 11000.0], [116747.5, 17460.0]], "asks": [[116770.0, 171180.0], [116771.0, 20260.0], [116774.0, 50020.0], [116775.0, 11000.0], [116775.5, 20000.0], [116778.0, 66610.0], [116781.0, 168480.0], [116784.0, 104860.0], [116784.5, 128460.0], [116786.0, 9740.0], [116786.5, 50000.0], [116787.0, 211320.0], [116790.0, 47020.0], [116790.5, 13440.0], [116794.5, 40000.0], [116795.5, 4800.0], [116796.5, 25180.0], [116800.0, 25460.0], [116801.5, 61640.0], [116802.0, 12030.0]]}}}
{"jsonrpc": "2.0", "method": "subscription", "params": {"channel": "book.BTC-PERPETUAL.none.20.100ms", "data": {"timestamp": 1755911830203, "change_id": 114590638247, "instrument_name": "BTC-PERPETUAL", "bids": [[116769.5, 334540.0], [116769.0, 13700.0], [116768.0, 20.0], [116767.5, 20.0], [116767.0, 20.0], [116766.5, 33700.0], [116766.0, 112010.0], [116765.5, 20.0], [116764.0, 60.0], [116763.5, 83310.0], [116760.5, 500.0], [116760.0, 260.0], [116757.5, 1020.0], [116756.0, 6300.0], [116755.5, 20000.0], [116754.5, 1000.0], [116754.0, 9330.0], [116753.0, 11000.0], [116750.0, 110.0], [116749.0, 26000.0]], "asks": [[116770.0, 254490.0], [116774.0, 58570.0], [116775.5, 20000.0], [116777.5, 11000.0], [116778.0, 66610.0], [116781.0, 168480.0], [116784.0, 104860.0], [116784.5, 128460.0], [116785.5, 500.0], [116786.5, 50000.0], [116787.0, 211320.0], [116789.0, 9240.0], [116789.5, 26010.0], [116790.0, 21010.0], [116790.5, 19170.0], [116794.5, 40000.0], [116795.5, 4800.0], [116796.5, 25180.0], [116800.0, 25460.0], [116801.5, 61640.0]]}}}
{"jsonrpc": "2.0", "method": "subscription", "params": {"channel": "book.BTC-PERPETUAL.none.20.100ms", "data": {"timestamp": 1755911830534, "change_id": 114590638578, "instrument_name": "BTC-PERPETUAL", "bids": [[116769.5, 364360.0], [116769.0, 13720.0], [116768.5, 20.0], [116768.0, 16270.0], [116767.5, 20420.0], [116767.0, 23720.0], [116766.5, 10020.0], [116766.0, 33110.0], [116764.0, 60.0], [116763.5, 83310.0], [116760.5, 500.0], [116760.0, 260.0], [116757.5, 1020.0], [116756.0, 6300.0], [116755.5, 20000.0], [116754.5, 1000.0], [116754.0, 10720.0], [116750.0, 110.0], [116749.5, 11000.0], [116748.0, 26000.0]], "asks": [[116770.0, 170800.0], [116771.0, 83310.0], [116774.0, 23140.0], [116774.5, 11000.0], [116775.0, 50020.0], [116775.5, 20000.0], [116778.0, 66610.0], [116781.0, 168480.0], [116784.0, 104860.0], [116784.5, 128460.0], [116786.0, 35250.0], [116786.5, 50520.0], [116787.0, 211340.0], [116787.5, 20.0], [116788.5, 21010.0], [116790.5, 19170.0], [116794.5, 40000.0], [116795.5, 4800.0], [116796.5, 25180.0], [116800.0, 25460.0]]}}}
{"jsonrpc": "2.0", "method": "subscription", "params": {"channel": "book.BTC-PERPETUAL.none.20.100ms", "data": {"timestamp": 1755911830855, "change_id": 114590639299, "instrument_name": "BTC-PERPETUAL", "bids": [[116769.5, 384860.0], [116769.0, 13720.0], [116768.5, 20.0], [116768.0, 39230.0], [116767.5, 103720.0], [116767.0, 23720.0], [116766.5, 10020.0], [116766.0, 9280.0], [116764.0, 60.0], [116762.5, 20000.0], [116761.5, 5730.0], [116760.0, 260.0], [116758.5, 8410.0], [116758.0, 11000.0], [116757.5, 1020.0], [116755.0, 26000.0], [116754.5, 1000.0], [116750.5, 6110.0], [116750.0, 110.0], [116748.5, 9240.0]], "asks": [[116770.0, 89290.0], [116773.5, 94300.0], [116774.0, 6000.0], [116775.5, 20000.0], [116778.0, 66610.0], [116781.0, 168480.0], [116783.5, 11000.0], [116784.0, 104860.0], [116784.5, 128460.0], [116786.0, 50020.0], [116787.0, 211320.0], [116790.0, 16880.0], [116794.0, 21010.0], [116795.0, 9240.0], [116795.5, 4800.0], [116796.0, 26010.0], [116796.5, 9510.0], [116798.5, 5730.0], [116799.5, 500.0], [116800.0, 25460.0]]}}}
{"jsonrpc": "2.0", "method": "subscription", "params": {"channel": "book.BTC-PERPETUAL.none.20.100ms", "data": {"timestamp": 1755911831197, "change_id": 114590640087, "instrument_name": "BTC-PERPETUAL", "bids": [[116769.5, 384860.0], [116769.0, 23720.0], [116768.5, 20.0], [116768.0, 39230.0], [116767.5, 103720.0], [116767.0, 23720.0], [116766.5, 20.0], [116766.0, 57220.0], [116764.0, 60.0], [116762.5, 20000.0], [116762.0, 11000.0], [116761.5, 5730.0], [116761.0, 168480.0], [116760.0, 260.0], [116759.5, 8410.0], [116759.0, 26000.0], [116757.5, 1020.0], [116754.5, 1000.0], [116752.0, 9240.0], [116751.5, 23820.0]], "asks": [[116770.0, 89290.0], [116775.0, 11000.0], [116775.5, 20000.0], [116778.0, 27880.0], [116779.0, 83300.0], [116783.5, 11000.0], [116784.0, 104860.0], [116786.5, 50020.0], [116787.0, 211320.0], [116788.5, 50000.0], [116790.0, 66750.0], [116792.5, 168480.0], [116795.5, 4800.0], [116796.5, 22650.0], [116797.5, 26010.0], [116798.0, 35980.0], [116799.5, 500.0], [116800.0, 25460.0], [116807.0, 90.0], [116810.5, 61640.0]]}}}
{"jsonrpc": "2.0", "method": "subscription", "params": {"channel": "book.BTC-PERPETUAL.none.20.100ms", "data": {"timestamp": 1755911831525, "change_id": 114590640467, "instrument_name": "BTC-PERPETUAL", "bids": [[116769.5, 408160.0], [116769.0, 85530.0], [116768.5, 78520.0], [116768.0, 20.0], [116767.5, 103720.0], [116767.0, 20.0], [116766.5, 20.0], [116766.0, 57220.0], [116764.0, 60.0], [116762.5, 20000.0], [116762.0, 11000.0], [116761.5, 31730.0], [116761.0, 168480.0], [116760.0, 260.0], [116758.5, 3910.0], [116757.5, 1020.0], [116755.0, 11000.0], [116754.5, 1000.0], [116753.0, 24590.0], [116752.5, 61610.0]], "asks": [[116770.0, 68090.0], [116777.5, 11000.0], [116778.0, 27880.0], [116779.0, 83300.0], [116784.0, 104860.0], [116787.0, 211320.0], [116787.5, 11000.0], [116788.5, 50000.0], [116789.5, 50020.0], [116790.0, 66750.0], [116792.0, 85230.0], [116792.5, 168480.0], [116795.5, 4800.0], [116796.5, 16860.0], [116798.0, 21010.0], [116798.5, 9240.0], [116799.5, 500.0], [116800.0, 25460.0], [116802.0, 26010.0], [116802.5, 5730.0]]}}}
{"jsonrpc": "2.0", "method": "subscription", "params": {"channel": "book.BTC-PERPETUAL.none.20.100ms", "data": {"timestamp": 1755911831857, "change_id": 114590641451, "instrument_name": "BTC-PERPETUAL", "bids": [[116775.5, 654840.0], [116773.5, 500.0], [116773.0, 20.0], [116772.5, 20.0], [116772.0, 20.0], [116770.0, 28010.0], [116769.5, 66550.0], [116769.0, 10020.0], [116768.5, 20.0], [116768.0, 11020.0], [116767.5, 20.0], [116766.0, 58200.0], [116764.0, 60.0], [116763.0, 26000.0], [116761.5, 5730.0], [116761.0, 168480.0], [116760.0, 260.0], [116759.5, 18060.0], [116759.0, 9240.0], [116757.5, 1020.0]], "asks": [[116776.0, 25000.0], [116781.5, 83390.0], [116783.5, 11000.0], [116784.0, 78400.0], [116787.0, 211320.0], [116790.0, 66750.0], [116791.5, 11000.0], [116792.0, 85230.0], [116792.5, 168480.0], [116795.5, 4800.0], [116800.5, 22200.0], [116801.0, 71030.0], [116805.5, 2800.0], [116806.0, 9240.0], [116806.5, 500.0], [116807.0, 90.0], [116810.5, 26010.0], [116811.0, 14050.0], [116811.5, 25460.0], [116814.5, 2280.0]]}}}
{"jsonrpc": "2.0", "method": "subscription", "params": {"channel": "book.BTC-PERPETUAL.none.20.100ms", "data": {"timestamp": 1755911832186, "change_id": 114590642377, "instrument_name": "BTC-PERPETUAL", "bids": [[116775.5, 695340.0], [116774.0, 3170.0], [116773.5, 10500.0], [116773.0, 20.0], [116772.5, 20.0], [116772.0, 20.0], [116770.0, 14590.0], [116769.5, 26050.0], [116769.0, 20.0], [116768.5, 20.0], [116768.0, 20.0], [116767.5, 20.0], [116766.5, 11000.0], [116766.0, 57200.0], [116764.0, 60.0], [116763.0, 26000.0], [116761.5, 5730.0], [116761.0, 168480.0], [116760.0, 260.0], [116759.5, 6380.0]], "asks": [[116776.0, 41980.0], [116783.0, 36020.0], [116783.5, 83390.0], [116784.0, 78400.0], [116787.0, 211320.0], [116789.5, 11000.0], [116790.0, 66750.0], [116792.0, 135250.0], [116792.5, 168480.0], [116795.5, 4800.0], [116798.5, 15150.0], [116800.5, 50000.0], [116804.5, 17560.0], [116805.0, 56760.0], [116807.0, 90.0], [116811.0, 8320.0], [116811.5, 25460.0], [116814.5, 2280.0], [116815.5, 38070.0], [116816.0, 61640.0]]}}}
{"jsonrpc": "2.0", "method": "subscription", "params": {"channel": "book.BTC-PERPETUAL.none.20.100ms", "data": {"timestamp": 1755911832519, "change_id": 114590643078, "instrument_name": "BTC-PERPETUAL", "bids": [[116775.5, 695360.0], [116775.0, 20.0], [116774.5, 20.0], [116774.0, 3190.0], [116773.5, 10520.0], [116773.0, 20.0], [116772.5, 20.0], [116772.0, 20.0], [116770.0, 7830.0], [116769.5, 26030.0], [116766.5, 11000.0], [116766.0, 57200.0], [116764.0, 60.0], [116763.0, 26000.0], [116761.5, 5730.0], [116761.0, 168480.0], [116760.0, 260.0], [116759.0, 6380.0], [116758.5, 9240.0], [116758.0, 11000.0]], "asks": [[116776.0, 37810.0], [116783.0, 36020.0], [116783.5, 83390.0], [116784.0, 78400.0], [116787.0, 211320.0], [116789.0, 50020.0], [116789.5, 11000.0], [116790.0, 66750.0], [116791.5, 50000.0], [116792.0, 85230.0], [116792.5, 168480.0], [116795.5, 4800.0], [116798.0, 20.0], [116798.5, 20.0], [116799.0, 6320.0], [116799.5, 21010.0], [116803.0, 12470.0], [116803.5, 9740.0], [116804.0, 26010.0], [116805.5, 5730.0]]}}}
{"jsonrpc": "2.0", "method": "subscription", "params": {"channel": "book.BTC-PERPETUAL.none.20.100ms", "data": {"timestamp": 1755911832850, "change_id": 114590643384, "instrument_name": "BTC-PERPETUAL", "bids": [[116775.5, 694860.0], [116775.0, 20.0], [116774.5, 520.0], [116774.0, 3190.0], [116773.5, 10520.0], [116773.0, 20.0], [116772.5, 20.0], [116772.0, 20.0], [116770.0, 7830.0], [116769.5, 26030.0], [116766.5, 11000.0], [116766.0, 57200.0], [116764.0, 60.0], [116763.0, 26000.0], [116761.5, 5730.0], [116761.0, 168480.0], [116760.0, 260.0], [116759.0, 5930.0], [116758.0, 20240.0], [116757.5, 1020.0]], "asks": [[116776.0, 37810.0], [116783.0, 36020.0], [116783.5, 83390.0], [116784.0, 78400.0], [116787.0, 211320.0], [116789.0, 50020.0], [116790.0, 66750.0], [116791.0, 11000.0], [116791.5, 50000.0], [116792.0, 85230.0], [116792.5, 168480.0], [116795.5, 4800.0], [116798.0, 20.0], [116798.5, 20.0], [116799.0, 20.0], [116802.0, 500.0], [116802.5, 18770.0], [116803.0, 21010.0], [116803.5, 9240.0], [116804.0, 26010.0]]}}}
{"jsonrpc": "2.0", "method": "subscription", "params": {"channel": "book.BTC-PERPETUAL.none.20.100ms", "data": {"timestamp": 1755911833178, "change_id": 114590644115, "instrument_name": "BTC-PERPETUAL", "bids": [[116775.5, 725360.0], [116775.0, 20.0], [116774.5, 20.0], [116774.0, 20.0], [116773.5, 520.0], [116773.0, 20.0], [116772.5, 20.0], [116772.0, 20.0], [116770.0, 4880.0], [116769.5, 6030.0], [116766.5, 11000.0], [116766.0, 57200.0], [116764.0, 60.0], [116761.5, 31730.0], [116761.0, 168480.0], [116760.0, 260.0], [116759.0, 21640.0], [116758.5, 9240.0], [116758.0, 11000.0], [116757.5, 1020.0]], "asks": [[116776.0, 57810.0], [116782.5, 20000.0], [116783.0, 36020.0], [116783.5, 83390.0], [116784.0, 78400.0], [116787.0, 211320.0], [116790.0, 102520.0], [116791.0, 61020.0], [116791.5, 50000.0], [116792.0, 85230.0], [116792.5, 168480.0], [116795.5, 4800.0], [116801.5, 500.0], [116802.5, 18770.0], [116803.0, 21010.0], [116803.5, 9240.0], [116804.0, 26010.0], [116805.5, 5730.0], [116807.0, 390.0], [116811.0, 8320.0]]}}}
{"jsonrpc": "2.0", "method": "subscription", "params": {"channel": "book.BTC-PERPETUAL.none.20.100ms", "data": {"timestamp": 1755911833515, "change_id": 114590644467, "instrument_name": "BTC-PERPETUAL", "bids": [[116775.5, 725360.0], [116775.0, 20.0], [116774.5, 20.0], [116774.0, 20.0], [116773.5, 520.0], [116773.0, 20.0], [116772.5, 20.0], [116772.0, 20.0], [116770.5, 12270.0], [116770.0, 11000.0], [116769.5, 6030.0], [116766.5, 26000.0], [116766.0, 57200.0], [116764.0, 60.0], [116762.0, 11000.0], [116761.5, 5730.0], [116761.0, 168480.0], [116760.0, 24380.0], [116759.5, 9240.0], [116758.0, 61610.0]], "asks": [[116776.0, 57810.0], [116782.5, 20000.0], [116783.0, 25020.0], [116783.5, 94390.0], [116784.0, 78400.0], [116787.0, 211320.0], [116790.0, 102520.0], [116792.0, 85230.0], [116792.5, 168480.0], [116795.0, 11000.0], [116795.5, 4800.0], [116801.5, 15010.0], [116802.0, 73310.0], [116802.5, 50000.0], [116805.0, 9240.0], [116805.5, 5730.0], [116806.5, 21510.0], [116807.0, 390.0], [116810.5, 26010.0], [116811.0, 8320.0]]}}}
{"jsonrpc": "2.0", "method": "subscription", "params": {"channel": "book.BTC-PERPETUAL.none.20.100ms", "data": {"timestamp": 1755911833846, "change_id": 114590644809, "instrument_name": "BTC-PERPETUAL", "bids": [[116775.5, 727360.0], [116775.0, 20.0], [116774.5, 20.0], [116774.0, 20.0], [116773.5, 520.0], [116773.0, 20.0], [116772.5, 20.0], [116772.0, 20.0], [116770.5, 5110.0], [116769.5, 3030.0], [116767.0, 11000.0], [116766.0, 57200.0], [116764.0, 60.0], [116762.0, 26000.0], [116761.5, 5730.0], [116761.0, 168480.0], [116760.0, 6250.0], [116759.5, 11000.0], [116758.0, 9240.0], [116757.5, 1020.0]], "asks": [[116776.0, 57810.0], [116782.5, 20000.0], [116783.5, 94390.0], [116784.0, 78400.0], [116787.0, 211320.0], [116790.0, 55280.0], [116792.0, 11000.0], [116792.5, 168480.0], [116795.5, 4800.0], [116799.0, 20.0], [116799.5, 15040.0], [116800.0, 50040.0], [116800.5, 20.0], [116801.0, 20.0], [116802.0, 23290.0], [116802.5, 50000.0], [116804.5, 9240.0], [116805.0, 26010.0], [116805.5, 5730.0], [116806.0, 500.0]]}}}
{"jsonrpc": "2.0", "method": "subscription", "params": {"channel": "book.BTC-PERPETUAL.none.20.100ms", "data": {"timestamp": 1755911834136, "change_id": 114590645298, "instrument_name": "BTC-PERPETUAL", "bids": [[116775.5, 727360.0], [116775.0, 20.0], [116774.5, 20.0], [116774.0, 20.0], [116773.5, 520.0], [116773.0, 20.0], [116772.5, 20.0], [116772.0, 20.0], [116770.5, 5110.0], [116769.5, 3030.0], [116768.0, 1000.0], [116767.0, 11000.0], [116766.0, 57200.0], [116764.0, 60.0], [116762.0, 26000.0], [116761.5, 5730.0], [116761.0, 168480.0], [116760.0, 6250.0], [116758.5, 11000.0], [116758.0, 9240.0]], "asks": [[116776.0, 57810.0], [116782.5, 20000.0], [116783.5, 94390.0], [116784.0, 78400.0], [116787.0, 211320.0], [116790.0, 55280.0], [116792.0, 11000.0], [116792.5, 168480.0], [116793.5, 50000.0], [116795.5, 4800.0], [116798.0, 50020.0], [116798.5, 36690.0], [116799.0, 20.0], [116799.5, 20.0], [116800.0, 20.0], [116800.5, 20.0], [116801.0, 128500.0], [116802.0, 17670.0], [116804.0, 47020.0], [116804.5, 9240.0]]}}}
{"jsonrpc": "2.0", "method": "subscription", "params": {"channel": "book.BTC-PERPETUAL.none.20.100ms", "data": {"timestamp": 1755911834507, "change_id": 114590645674, "instrument_name": "BTC-PERPETUAL", "bids": [[116775.5, 727360.0], [116775.0, 20.0], [116774.5, 20.0], [116774.0, 20.0], [116773.5, 520.0], [116773.0, 20.0], [116772.5, 20.0], [116772.0, 20.0], [116770.5, 9870.0], [116769.5, 3030.0], [116769.0, 20000.0], [116768.5, 11000.0], [116768.0, 1000.0], [116766.0, 57200.0], [116764.0, 60.0], [116762.0, 26000.0], [116761.5, 5730.0], [116761.0, 168480.0], [116760.0, 6250.0], [116758.5, 11000.0]], "asks": [[116776.0, 90990.0], [116782.5, 20000.0], [116783.5, 94390.0], [116784.0, 78400.0], [116787.0, 211320.0], [116790.0, 55280.0], [116792.0, 11000.0], [116792.5, 168480.0], [116793.5, 50000.0], [116795.5, 4800.0], [116797.5, 20.0], [116798.0, 50040.0], [116798.5, 36710.0], [116799.0, 20.0], [116799.5, 20.0], [116801.0, 128480.0], [116802.0, 17670.0], [116804.0, 47020.0], [116804.5, 9240.0], [116805.5, 5730.0]]}}}
{"jsonrpc": "2.0", "method": "subscription", "params": {"channel": "book.BTC-PERPETUAL.none.20.100ms", "data": {"timestamp": 1755911834826, "change_id": 114590645950, "instrument_name": "BTC-PERPETUAL", "bids": [[116775.5, 727360.0], [116775.0, 20.0], [116774.5, 20.0], [116774.0, 20.0], [116773.5, 520.0], [116773.0, 20.0], [116772.5, 20.0], [116772.0, 20.0], [116770.5, 9870.0], [116769.5, 3030.0], [116769.0, 20000.0], [116768.0, 1000.0], [116766.5, 11000.0], [116766.0, 57200.0], [116764.0, 60.0], [116762.0, 26000.0], [116761.5, 5730.0], [116761.0, 168480.0], [116760.0, 6640.0], [116758.5, 11000.0]], "asks": [[116776.0, 90990.0], [116782.5, 20000.0], [116783.0, 28320.0], [116783.5, 94390.0], [116784.0, 78400.0], [116787.0, 211320.0], [116789.5, 11000.0], [116790.0, 78380.0], [116792.5, 168480.0], [116793.0, 50020.0], [116793.5, 50000.0], [116795.0, 20.0], [116795.5, 4820.0], [116796.0, 20.0], [116796.5, 61390.0], [116797.0, 20.0], [116800.5, 9240.0], [116801.0, 128480.0], [116801.5, 26010.0], [116802.0, 8290.0]]}}}
{"jsonrpc": "2.0", "method": "subscription", "params": {"channel": "book.BTC-PERPETUAL.none.20.100ms", "data": {"timestamp": 1755911835160, "change_id": 114590646585, "instrument_name": "BTC-PERPETUAL", "bids": [[116775.5, 727360.0], [116775.0, 20.0], [116774.5, 20.0], [116774.0, 20.0], [116773.5, 520.0], [116773.0, 20.0], [116772.5, 20.0], [116772.0, 20.0], [116770.5, 9870.0], [116769.5, 3030.0], [116769.0, 20000.0], [116768.0, 1000.0], [116766.5, 11000.0], [116766.0, 57200.0], [116764.0, 60.0], [116762.0, 26000.0], [116761.5, 5730.0], [116761.0, 168480.0], [116760.0, 6250.0], [116758.5, 11000.0]], "asks": [[116776.0, 90990.0], [116782.5, 20000.0], [116783.0, 28320.0], [116783.5, 94390.0], [116784.0, 78400.0], [116787.0, 211320.0], [116789.5, 11000.0], [116790.0, 78380.0], [116792.0, 50020.0], [116792.5, 168480.0], [116793.5, 50000.0], [116795.0, 320.0], [116795.5, 4820.0], [116796.0, 20.0], [116796.5, 41340.0], [116797.0, 20.0], [116800.5, 35250.0], [116801.0, 128480.0], [116801.5, 500.0], [116802.0, 8290.0]]}}}
{"jsonrpc": "2.0", "method": "subscription", "params": {"channel": "book.BTC-PERPETUAL.none.20.100ms", "data": {"timestamp": 1755911835493, "change_id": 114590646883, "instrument_name": "BTC-PERPETUAL", "bids": [[116775.5, 610960.0], [116775.0, 20.0], [116774.5, 20.0], [116774.0, 20.0], [116773.5, 520.0], [116773.0, 20.0], [116772.5, 20.0], [116772.0, 20.0], [116770.5, 5110.0], [116769.5, 3030.0], [116769.0, 20000.0], [116768.0, 1000.0], [116766.0, 57200.0], [116764.0, 60.0], [116762.5, 11000.0], [116762.0, 26000.0], [116761.5, 5730.0], [116761.0, 168480.0], [116760.0, 6250.0], [116758.5, 11000.0]], "asks": [[116776.0, 91290.0], [116782.5, 20000.0], [116783.0, 28320.0], [116783.5, 94390.0], [116784.0, 78400.0], [116785.0, 50000.0], [116786.5, 11000.0], [116787.0, 211320.0], [116790.0, 55280.0], [116792.0, 50020.0], [116792.5, 168480.0], [116795.0, 20.0], [116795.5, 4820.0], [116796.0, 20.0], [116796.5, 10730.0], [116800.5, 35250.0], [116801.5, 500.0], [116802.0, 8290.0], [116804.0, 21010.0], [116805.5, 5730.0]]}}}
{"jsonrpc": "2.0", "method": "subscription", "params": {"channel": "book.BTC-PERPETUAL.none.20.100ms", "data": {"timestamp": 1755911835811, "change_id": 114590647202, "instrument_name": "BTC-PERPETUAL", "bids": [[116775.5, 613960.0], [116775.0, 20.0], [116774.5, 20.0], [116774.0, 20.0], [116773.5, 520.0], [116773.0, 20.0], [116772.5, 20.0], [116772.0, 20.0], [116770.5, 5110.0], [116769.5, 3030.0], [116769.0, 20000.0], [116768.0, 1000.0], [116766.0, 57200.0], [116764.0, 60.0], [116762.5, 11000.0], [116761.5, 5730.0], [116761.0, 168480.0], [116760.5, 26000.0], [116760.0, 6250.0], [116758.0, 11000.0]], "asks": [[116776.0, 141290.0], [116782.5, 20000.0], [116783.0, 28320.0], [116783.5, 94390.0], [116784.0, 78400.0], [116787.0, 211320.0], [116789.0, 11000.0], [116789.5, 68320.0], [116790.0, 55280.0], [116792.5, 168480.0], [116794.0, 20.0], [116794.5, 20.0], [116795.0, 20.0], [116795.5, 4820.0], [116796.0, 20.0], [116796.5, 10730.0], [116800.5, 35250.0], [116801.5, 500.0], [116802.0, 8290.0], [116804.0, 21010.0]]}}}
{"jsonrpc": "2.0", "method": "subscription", "params": {"channel": "book.BTC-PERPETUAL.none.20.100ms", "data": {"timestamp": 1755911836147, "change_id": 114590647772, "instrument_name": "BTC-PERPETUAL", "bids": [[116775.5, 613960.0], [116775.0, 20.0], [116774.5, 20.0], [116774.0, 20.0], [116773.5, 520.0], [116773.0, 20.0], [116772.5, 20.0], [116772.0, 20.0], [116770.5, 9870.0], [116769.5, 3030.0], [116769.0, 20000.0], [116768.0, 1000.0], [116766.5, 11000.0], [116766.0, 57200.0], [116764.0, 60.0], [116763.0, 26000.0], [116761.5, 5730.0], [116761.0, 168480.0], [116760.0, 6250.0], [116758.0, 11000.0]], "asks": [[116776.0, 142290.0], [116780.0, 34310.0], [116780.5, 83360.0], [116781.5, 11000.0], [116782.5, 20000.0], [116784.0, 78400.0], [116787.0, 211320.0], [116789.0, 11000.0], [116789.5, 68320.0], [116790.0, 55280.0], [116792.5, 168480.0], [116793.5, 20.0], [116794.0, 20.0], [116794.5, 20.0], [116795.0, 20.0], [116795.5, 4820.0], [116796.5, 10730.0], [116800.5, 35250.0], [116801.5, 500.0], [116802.0, 8290.0]]}}}
{"jsonrpc": "2.0", "method": "subscription", "params": {"channel": "book.BTC-PERPETUAL.none.20.100ms", "data": {"timestamp": 1755911836493, "change_id": 114590648157, "instrument_name": "BTC-PERPETUAL", "bids": [[116775.5, 613960.0], [116775.0, 20.0], [116774.5, 20.0], [116774.0, 20.0], [116773.5, 520.0], [116773.0, 20.0], [116772.5, 20.0], [116772.0, 20.0], [116770.5, 5110.0], [116769.5, 3030.0], [116769.0, 20000.0], [116768.0, 1000.0], [116766.0, 57200.0], [116764.0, 60.0], [116762.0, 11000.0], [116761.5, 5730.0], [116761.0, 168480.0], [116760.5, 26000.0], [116760.0, 3340.0], [116757.5, 1020.0]], "asks": [[116776.0, 142290.0], [116780.0, 34310.0], [116780.5, 83360.0], [116781.5, 11000.0], [116782.5, 20000.0], [116784.0, 78400.0], [116786.5, 11000.0], [116787.0, 211320.0], [116789.0, 50020.0], [116789.5, 18300.0], [116790.0, 55280.0], [116792.5, 168480.0], [116793.5, 20.0], [116794.0, 20.0], [116794.5, 20.0], [116795.5, 4800.0], [116796.5, 10730.0], [116800.5, 35750.0], [116802.0, 8290.0], [116804.0, 21010.0]]}}}
{"jsonrpc": "2.0", "method": "subscription", "params": {"channel": "book.BTC-PERPETUAL.none.20.100ms", "data": {"timestamp": 1755911836823, "change_id": 114590648640, "instrument_name": "BTC-PERPETUAL", "bids": [[116775.5, 553440.0], [116774.0, 500.0], [116773.5, 500.0], [116773.0, 20.0], [116772.5, 20.0], [116772.0, 1230.0], [116769.5, 3030.0], [116768.0, 1000.0], [116766.0, 57200.0], [116764.0, 60.0], [116761.5, 5730.0], [116761.0, 168480.0], [116760.0, 14100.0], [116758.0, 22000.0], [116757.5, 1020.0], [116754.5, 26000.0], [116754.0, 14410.0], [116750.0, 110.0], [116749.5, 25210.0], [116745.5, 61610.0]], "asks": [[116776.0, 92290.0], [116779.5, 15130.0], [116780.0, 45310.0], [116780.5, 83360.0], [116782.5, 20000.0], [116784.0, 78400.0], [116786.5, 50020.0], [116787.0, 211320.0], [116789.5, 18300.0], [116790.0, 55280.0], [116792.0, 9240.0], [116792.5, 168480.0], [116793.0, 20.0], [116793.5, 20.0], [116795.0, 26010.0], [116795.5, 4800.0], [116796.0, 21010.0], [116798.0, 500.0], [116807.0, 90.0], [116810.5, 61640.0]]}}}
{"jsonrpc": "2.0", "method": "subscription", "params": {"channel": "book.BTC-PERPETUAL.none.20.100ms", "data": {"timestamp": 1755911837149, "change_id": 114590649580, "instrument_name": "BTC-PERPETUAL", "bids": [[116775.5, 145580.0], [116775.0, 10000.0], [116769.5, 3030.0], [116764.5, 90880.0], [116764.0, 83380.0], [116762.5, 300.0], [116762.0, 500.0], [116761.0, 168480.0], [116760.5, 50000.0], [116760.0, 260.0], [116757.5, 1020.0], [116754.0, 7600.0], [116750.0, 110.0], [116749.5, 25210.0], [116746.5, 11000.0], [116745.5, 11000.0], [116745.0, 350.0], [116744.5, 36530.0], [116744.0, 120730.0], [116743.5, 1000.0]], "asks": [[116776.0, 307630.0], [116779.5, 4130.0], [116781.5, 13800.0], [116782.0, 35250.0], [116782.5, 20000.0], [116784.0, 78400.0], [116785.5, 5730.0], [116786.0, 500.0], [116787.0, 211320.0], [116789.0, 21010.0], [116789.5, 18300.0], [116790.0, 55280.0], [116792.0, 61640.0], [116792.5, 168480.0], [116793.0, 20.0], [116793.5, 20.0], [116795.5, 4800.0], [116806.5, 12030.0], [116807.0, 40090.0], [116811.5, 25460.0]]}}}
{"jsonrpc": "2.0", "method": "subscription", "params": {"channel": "book.BTC-PERPETUAL.none.20.100ms", "data": {"timestamp": 1755911837483, "change_id": 114590650161, "instrument_name": "BTC-PERPETUAL", "bids": [[116775.5, 125580.0], [116775.0, 10000.0], [116770.0, 5730.0], [116769.5, 3030.0], [116764.5, 90880.0], [116764.0, 83380.0], [116762.5, 300.0], [116761.0, 168480.0], [116760.5, 50000.0], [116760.0, 260.0], [116757.5, 1020.0], [116756.0, 6000.0], [116755.5, 20000.0], [116754.0, 18650.0], [116752.5, 500.0], [116752.0, 40000.0], [116750.0, 110.0], [116749.5, 25210.0], [116746.5, 9410.0], [116746.0, 20000.0]], "asks": [[116776.0, 342330.0], [116778.5, 23100.0], [116779.0, 56760.0], [116779.5, 4130.0], [116780.0, 5730.0], [116781.5, 6000.0], [116782.5, 20000.0], [116784.0, 78400.0], [116787.0, 211320.0], [116789.5, 18300.0], [116790.0, 55280.0], [116791.5, 40000.0], [116792.0, 61640.0], [116792.5, 168480.0], [116793.0, 20.0], [116793.5, 20.0], [116795.5, 4800.0], [116801.5, 1080.0], [116802.0, 3600.0], [116806.5, 12030.0]]}}}
{"jsonrpc": "2.0", "method": "subscription", "params": {"channel": "book.BTC-PERPETUAL.none.20.100ms", "data": {"timestamp": 1755911837795, "change_id": 114590650655, "instrument_name": "BTC-PERPETUAL", "bids": [[116775.5, 125580.0], [116775.0, 10000.0], [116770.0, 5730.0], [116769.5, 3030.0], [116764.5, 15190.0], [116764.0, 60.0], [116762.5, 300.0], [116760.5, 50000.0], [116760.0, 25640.0], [116759.5, 83410.0], [116759.0, 20.0], [116758.5, 20.0], [116758.0, 20.0], [116757.5, 1040.0], [116757.0, 20.0], [116756.5, 20.0], [116754.0, 18650.0], [116752.0, 40000.0], [116750.0, 110.0], [116749.5, 25210.0]], "asks": [[116776.0, 459720.0], [116776.5, 20.0], [116777.0, 168500.0], [116777.5, 20.0], [116778.0, 20.0], [116778.5, 23100.0], [116779.5, 4130.0], [116781.5, 6000.0], [116782.5, 20000.0], [116784.0, 78400.0], [116787.0, 211320.0], [116789.0, 61640.0], [116790.0, 13440.0], [116791.5, 40000.0], [116795.5, 4800.0], [116801.5, 1080.0], [116802.0, 5870.0], [116806.5, 12030.0], [116807.0, 40090.0], [116808.0, 5730.0]]}}}
{"jsonrpc": "2.0", "method": "subscription", "params": {"channel": "book.BTC-PERPETUAL.none.20.100ms", "data": {"timestamp": 1755911838062, "change_id": 114590651074, "instrument_name": "BTC-PERPETUAL", "bids": [[116775.5, 125580.0], [116771.0, 10000.0], [116770.0, 5730.0], [116769.5, 3030.0], [116764.5, 15190.0], [116764.0, 60.0], [116762.5, 300.0], [116760.5, 50000.0], [116760.0, 25620.0], [116759.5, 83410.0], [116759.0, 20.0], [116758.5, 20.0], [116758.0, 20.0], [116757.5, 1040.0], [116757.0, 20.0], [116756.5, 20.0], [116754.0, 18650.0], [116752.0, 40000.0], [116750.0, 110.0], [116749.5, 25210.0]], "asks": [[116776.0, 468740.0], [116776.5, 20.0], [116777.0, 168500.0], [116777.5, 20.0], [116778.0, 20.0], [116778.5, 23100.0], [116780.0, 5730.0], [116781.5, 6000.0], [116782.5, 20000.0], [116784.0, 78400.0], [116787.0, 211320.0], [116789.0, 61640.0], [116790.0, 13440.0], [116791.5, 40000.0], [116795.5, 4800.0], [116801.5, 1080.0], [116802.0, 5870.0], [116806.5, 12030.0], [116807.0, 40090.0], [116808.0, 5730.0]]}}}
{"jsonrpc": "2.0", "method": "subscription", "params": {"channel": "book.BTC-PERPETUAL.none.20.100ms", "data": {"timestamp": 1755911838472, "change_id": 114590651572, "instrument_name": "BTC-PERPETUAL", "bids": [[116775.5, 105680.0], [116771.0, 10000.0], [116770.0, 5730.0], [116769.5, 3030.0], [116764.5, 15190.0], [116764.0, 60.0], [116762.5, 300.0], [116760.5, 50000.0], [116760.0, 25640.0], [116759.5, 83410.0], [116759.0, 20.0], [116758.5, 20.0], [116758.0, 20.0], [116757.5, 1040.0], [116757.0, 20.0], [116756.5, 20.0], [116754.0, 18650.0], [116752.0, 40000.0], [116750.0, 110.0], [116749.5, 25210.0]], "asks": [[116776.0, 465150.0], [116776.5, 65230.0], [116777.0, 168500.0], [116777.5, 20.0], [116778.0, 20.0], [116780.0, 5730.0], [116782.5, 20000.0], [116784.0, 78400.0], [116787.0, 211320.0], [116789.0, 61640.0], [116790.0, 13440.0], [116791.5, 40000.0], [116795.5, 4800.0], [116801.5, 1080.0], [116802.0, 5870.0], [116806.5, 12030.0], [116807.0, 40090.0], [116808.0, 5730.0], [116809.5, 3900.0], [116811.5, 25460.0]]}}}
{"jsonrpc": "2.0", "method": "subscription", "params": {"channel": "book.BTC-PERPETUAL.none.20.100ms", "data": {"timestamp": 1755911838791, "change_id": 114590651888, "instrument_name": "BTC-PERPETUAL", "bids": [[116775.5, 105680.0], [116771.0, 10000.0], [116770.0, 5730.0], [116769.5, 3030.0], [116764.0, 60.0], [116762.5, 300.0], [116760.0, 25620.0], [116759.5, 83390.0], [116759.0, 20.0], [116758.5, 20.0], [116758.0, 20.0], [116757.5, 1040.0], [116757.0, 20.0], [116756.5, 20.0], [116754.0, 32410.0], [116752.0, 40000.0], [116750.0, 50610.0], [116749.5, 25210.0], [116747.5, 50660.0], [116747.0, 168480.0]], "asks": [[116776.0, 463570.0], [116776.5, 65230.0], [116777.0, 168500.0], [116777.5, 20.0], [116778.0, 20.0], [116780.0, 5730.0], [116782.5, 20000.0], [116784.0, 78400.0], [116787.0, 211320.0], [116789.0, 61640.0], [116790.0, 13440.0], [116791.5, 40000.0], [116795.5, 4800.0], [116801.5, 1080.0], [116802.0, 5870.0], [116806.5, 12030.0], [116807.0, 40090.0], [116808.0, 5730.0], [116809.5, 3900.0], [116811.5, 25460.0]]}}}
{"jsonrpc": "2.0", "method": "subscription", "params": {"channel": "book.BTC-PERPETUAL.none.20.100ms", "data": {"timestamp": 1755911839126, "change_id": 114590652335, "instrument_name": "BTC-PERPETUAL", "bids": [[116775.5, 105680.0], [116770.0, 5730.0], [116769.5, 3030.0], [116767.5, 10000.0], [116764.0, 60.0], [116762.5, 300.0], [116760.5, 20.0], [116760.0, 37470.0], [116759.5, 83410.0], [116759.0, 20.0], [116758.5, 20.0], [116758.0, 20.0], [116757.5, 51040.0], [116757.0, 20.0], [116754.0, 19750.0], [116752.0, 40000.0], [116750.0, 610.0], [116749.5, 25210.0], [116747.5, 50660.0], [116747.0, 168480.0]], "asks": [[116776.0, 463570.0], [116776.5, 65230.0], [116777.0, 168500.0], [116777.5, 20.0], [116778.0, 20.0], [116778.5, 69650.0], [116780.0, 5730.0], [116782.5, 20000.0], [116784.0, 78400.0], [116787.0, 211320.0], [116789.0, 61640.0], [116790.0, 13440.0], [116791.5, 40000.0], [116795.5, 4800.0], [116801.5, 1080.0], [116802.0, 5870.0], [116806.5, 12030.0], [116807.0, 40090.0], [116808.0, 5730.0], [116809.5, 3900.0]]}}}
{"jsonrpc": "2.0", "method": "subscription", "params": {"channel": "book.BTC-PERPETUAL.none.20.100ms", "data": {"timestamp": 1755911839443, "change_id": 114590652702, "instrument_name": "BTC-PERPETUAL", "bids": [[116775.5, 105680.0], [116770.0, 5730.0], [116769.5, 3030.0], [116767.5, 10000.0], [116764.0, 60.0], [116762.5, 300.0], [116760.0, 37450.0], [116759.5, 83390.0], [116759.0, 20.0], [116758.5, 20.0], [116758.0, 20.0], [116757.5, 51040.0], [116757.0, 20.0], [116756.5, 20.0], [116756.0, 20.0], [116754.0, 19750.0], [116753.5, 20000.0], [116752.0, 40000.0], [116750.0, 610.0], [116749.5, 25210.0]], "asks": [[116776.0, 463570.0], [116776.5, 65230.0], [116777.0, 168500.0], [116777.5, 20.0], [116778.0, 20.0], [116780.0, 5730.0], [116782.5, 20000.0], [116784.0, 78400.0], [116786.5, 61640.0], [116787.0, 211320.0], [116790.0, 13440.0], [116791.5, 40000.0], [116795.5, 4800.0], [116801.5, 1080.0], [116802.0, 5870.0], [116806.5, 12030.0], [116807.0, 40090.0], [116808.0, 5730.0], [116809.5, 3900.0], [116811.0, 7640.0]]}}}
{"jsonrpc": "2.0", "method": "subscription", "params": {"channel": "book.BTC-PERPETUAL.none.20.100ms", "data": {"timestamp": 1755911839780, "change_id": 114590652976, "instrument_name": "BTC-PERPETUAL", "bids": [[116775.5, 105680.0], [116769.5, 3030.0], [116767.5, 10000.0], [116764.0, 60.0], [116760.0, 37470.0], [116759.5, 83410.0], [116757.5, 51020.0], [116754.0, 19750.0], [116753.5, 20000.0], [116752.0, 40000.0], [116750.0, 110.0], [116749.5, 25210.0], [116749.0, 300.0], [116748.5, 500.0], [116747.5, 50660.0], [116747.0, 168480.0], [116745.0, 350.0], [116742.5, 20000.0], [116742.0, 30.0], [116741.5, 1000.0]], "asks": [[116776.0, 463550.0], [116776.5, 65210.0], [116777.0, 168480.0], [116778.5, 70910.0], [116780.0, 5730.0], [116782.5, 20000.0], [116784.0, 78400.0], [116786.5, 61640.0], [116787.0, 211320.0], [116790.0, 13440.0], [116791.5, 40000.0], [116795.5, 4800.0], [116801.5, 1080.0], [116802.0, 5870.0], [116806.5, 12030.0], [116807.0, 40090.0], [116808.0, 5730.0], [116809.5, 3900.0], [116811.0, 7640.0], [116811.5, 25460.0]]}}}
{"jsonrpc": "2.0", "method": "subscription", "params": {"channel": "book.BTC-PERPETUAL.none.20.100ms", "data": {"timestamp": 1755911840124, "change_id": 114590653417, "instrument_name": "BTC-PERPETUAL", "bids": [[116775.5, 105680.0], [116769.5, 3030.0], [116768.0, 5730.0], [116767.5, 10000.0], [116764.0, 60.0], [116760.0, 37470.0], [116759.5, 83410.0], [116757.5, 51020.0], [116754.0, 19750.0], [116753.0, 20000.0], [116752.0, 40000.0], [116750.0, 110.0], [116749.5, 25210.0], [116749.0, 800.0], [116747.5, 50660.0], [116747.0, 168480.0], [116745.0, 350.0], [116742.5, 20000.0], [116742.0, 30.0], [116741.5, 1000.0]], "asks": [[116776.0, 463550.0], [116776.5, 65210.0], [116777.0, 168480.0], [116778.5, 70910.0], [116779.5, 5730.0], [116782.5, 20000.0], [116784.0, 78400.0], [116786.5, 61640.0], [116787.0, 211320.0], [116790.0, 13440.0], [116791.5, 40000.0], [116795.5, 4800.0], [116801.5, 1080.0], [116802.0, 5870.0], [116806.5, 12030.0], [116807.0, 40090.0], [116808.0, 5730.0], [116809.5, 3900.0], [116811.0, 7640.0], [116811.5, 25460.0]]}}}
{"jsonrpc": "2.0", "method": "subscription", "params": {"channel": "book.BTC-PERPETUAL.none.20.100ms", "data": {"timestamp": 1755911840447, "change_id": 114590653820, "instrument_name": "BTC-PERPETUAL", "bids": [[116775.5, 105680.0], [116769.5, 3030.0], [116768.0, 5730.0], [116767.5, 10000.0], [116764.0, 60.0], [116761.5, 20.0], [116761.0, 20.0], [116760.0, 37470.0], [116759.5, 83410.0], [116757.5, 51020.0], [116754.0, 19750.0], [116753.0, 20000.0], [116752.0, 40000.0], [116750.0, 110.0], [116749.5, 25210.0], [116749.0, 300.0], [116748.0, 500.0], [116747.5, 50660.0], [116747.0, 168480.0], [116745.0, 350.0]], "asks": [[116776.0, 473700.0], [116776.5, 65210.0], [116777.0, 168480.0], [116779.5, 5730.0], [116782.0, 61640.0], [116782.5, 20000.0], [116784.0, 78400.0], [116787.0, 211320.0], [116790.0, 13440.0], [116791.5, 40000.0], [116795.5, 4800.0], [116801.5, 1080.0], [116802.0, 5870.0], [116806.5, 12030.0], [116807.0, 40090.0], [116808.0, 5730.0], [116809.5, 3900.0], [116811.0, 7640.0], [116811.5, 25460.0], [116817.0, 19580.0]]}}}
{"jsonrpc": "2.0", "method": "subscription", "params": {"channel": "book.BTC-PERPETUAL.none.20.100ms", "data": {"timestamp": 1755911840786, "change_id": 114590654172, "instrument_name": "BTC-PERPETUAL", "bids": [[116775.5, 105680.0], [116769.5, 3030.0], [116767.5, 10000.0], [116764.0, 60.0], [116760.0, 35910.0], [116759.5, 83390.0], [116757.5, 1020.0], [116755.5, 45000.0], [116754.0, 19750.0], [116753.0, 20000.0], [116752.0, 40000.0], [116750.0, 110.0], [116749.5, 25210.0], [116749.0, 300.0], [116747.5, 51160.0], [116747.0, 168480.0], [116745.0, 350.0], [116742.5, 20000.0], [116742.0, 30.0], [116741.5, 1000.0]], "asks": [[116776.0, 474040.0], [116776.5, 105540.0], [116777.0, 168480.0], [116778.5, 123120.0], [116779.5, 5730.0], [116782.0, 61640.0], [116782.5, 20000.0], [116784.0, 78400.0], [116787.0, 211320.0], [116790.0, 13440.0], [116791.5, 40000.0], [116795.5, 4800.0], [116801.5, 1080.0], [116802.0, 5870.0], [116806.5, 12030.0], [116807.0, 40090.0], [116808.0, 5730.0], [116809.5, 3900.0], [116811.0, 7640.0], [116811.5, 25460.0]]}}}
{"jsonrpc": "2.0", "method": "subscription", "params": {"channel": "book.BTC-PERPETUAL.none.20.100ms", "data": {"timestamp": 1755911841109, "change_id": 114590654607, "instrument_name": "BTC-PERPETUAL", "bids": [[116775.5, 105680.0], [116769.5, 3030.0], [116767.0, 10000.0], [116766.5, 5730.0], [116764.0, 60.0], [116760.0, 35910.0], [116759.5, 83390.0], [116758.5, 20.0], [116758.0, 20.0], [116757.5, 1040.0], [116757.0, 20.0], [116756.5, 20.0], [116756.0, 20.0], [116755.5, 45020.0], [116754.0, 19750.0], [116753.0, 20000.0], [116752.0, 40000.0], [116750.0, 110.0], [116749.5, 25210.0], [116749.0, 300.0]], "asks": [[116776.0, 474060.0], [116776.5, 65230.0], [116777.0, 168500.0], [116777.5, 20.0], [116778.0, 20.0], [116779.5, 5730.0], [116782.0, 61640.0], [116782.5, 20000.0], [116784.0, 78400.0], [116787.0, 211320.0], [116790.0, 13440.0], [116791.5, 40000.0], [116795.5, 4800.0], [116801.5, 1080.0], [116802.0, 5870.0], [116806.5, 12030.0], [116807.0, 40090.0], [116808.0, 5730.0], [116809.5, 3900.0], [116811.0, 7640.0]]}}}
{"jsonrpc": "2.0", "method": "subscription", "params": {"channel": "book.BTC-PERPETUAL.none.20.100ms", "data": {"timestamp": 1755911841425, "change_id": 114590654963, "instrument_name": "BTC-PERPETUAL", "bids": [[116775.5, 105680.0], [116769.5, 3030.0], [116767.0, 10000.0], [116766.5, 5730.0], [116764.0, 60.0], [116760.0, 35910.0], [116759.5, 83390.0], [116759.0, 20.0], [116758.5, 20.0], [116758.0, 20.0], [116757.5, 1040.0], [116757.0, 20.0], [116756.5, 20.0], [116756.0, 20.0], [116755.5, 45020.0], [116754.0, 19750.0], [116753.0, 20000.0], [116752.0, 40000.0], [116750.0, 110.0], [116749.5, 25210.0]], "asks": [[116776.0, 474060.0], [116776.5, 65230.0], [116777.0, 168500.0], [116777.5, 20.0], [116778.0, 20.0], [116779.5, 5730.0], [116782.0, 61640.0], [116782.5, 20000.0], [116784.0, 78400.0], [116787.0, 211320.0], [116790.0, 13440.0], [116791.5, 40000.0], [116795.5, 4800.0], [116801.5, 1080.0], [116802.0, 5870.0], [116806.5, 12030.0], [116807.0, 40090.0], [116808.0, 5730.0], [116809.5, 3900.0], [116811.0, 7640.0]]}}}
{"jsonrpc": "2.0", "method": "subscription", "params": {"channel": "book.BTC-PERPETUAL.none.20.100ms", "data": {"timestamp": 1755911841784, "change_id": 114590655865, "instrument_name": "BTC-PERPETUAL", "bids": [[116775.5, 14850.0], [116769.5, 3030.0], [116767.0, 10000.0], [116764.0, 60.0], [116760.0, 260.0], [116759.0, 5730.0], [116757.5, 1020.0], [116756.0, 24980.0], [116755.5, 83270.0], [116754.0, 3910.0], [116750.0, 110.0], [116749.5, 12610.0], [116749.0, 300.0], [116747.5, 50660.0], [116747.0, 168480.0], [116745.0, 350.0], [116744.0, 57600.0], [116742.0, 30.0], [116741.0, 29870.0], [116740.5, 25750.0]], "asks": [[116776.0, 571220.0], [116776.5, 65230.0], [116777.0, 168500.0], [116777.5, 20.0], [116778.0, 20.0], [116779.5, 5730.0], [116782.5, 20000.0], [116784.0, 78400.0], [116787.0, 211320.0], [116790.0, 13440.0], [116791.5, 40000.0], [116795.5, 4800.0], [116799.5, 2930.0], [116800.0, 3900.0], [116802.0, 5870.0], [116806.5, 12030.0], [116807.0, 40090.0], [116808.0, 5730.0], [116811.0, 7640.0], [116811.5, 25460.0]]}}}
{"jsonrpc": "2.0", "method": "subscription", "params": {"channel": "book.BTC-PERPETUAL.none.20.100ms", "data": {"timestamp": 1755911842111, "change_id": 114590656489, "instrument_name": "BTC-PERPETUAL", "bids": [[116775.5, 14850.0], [116769.5, 3030.0], [116766.0, 10000.0], [116764.0, 60.0], [116760.0, 260.0], [116757.5, 1020.0], [116754.0, 50970.0], [116752.5, 83260.0], [116751.5, 45000.0], [116750.0, 110.0], [116749.5, 12610.0], [116749.0, 40300.0], [116747.5, 50660.0], [116747.0, 188480.0], [116745.0, 350.0], [116744.0, 12600.0], [116743.5, 500.0], [116742.0, 30.0], [116741.0, 14090.0], [116740.5, 25250.0]], "asks": [[116776.0, 625960.0], [116776.5, 65230.0], [116777.0, 168500.0], [116777.5, 20.0], [116778.0, 20.0], [116779.5, 5730.0], [116782.5, 20000.0], [116784.0, 78400.0], [116787.0, 211320.0], [116790.0, 13440.0], [116791.5, 40000.0], [116795.5, 4800.0], [116799.5, 2930.0], [116800.0, 3900.0], [116802.0, 5870.0], [116806.5, 12030.0], [116807.0, 40090.0], [116808.0, 5730.0], [116811.0, 7640.0], [116811.5, 25460.0]]}}}
{"jsonrpc": "2.0", "method": "subscription", "params": {"channel": "book.BTC-PERPETUAL.none.20.100ms", "data": {"timestamp": 1755911842413, "change_id": 114590656905, "instrument_name": "BTC-PERPETUAL", "bids": [[116775.5, 14850.0], [116769.5, 3030.0], [116766.0, 10000.0], [116764.0, 60.0], [116760.0, 260.0], [116759.0, 5730.0], [116757.5, 1020.0], [116754.0, 50970.0], [116752.5, 83260.0], [116751.5, 45000.0], [116750.0, 110.0], [116749.5, 12610.0], [116749.0, 40300.0], [116747.5, 50660.0], [116747.0, 188480.0], [116745.0, 350.0], [116744.0, 13100.0], [116742.0, 30.0], [116741.0, 14090.0], [116740.5, 25250.0]], "asks": [[116776.0, 644960.0], [116776.5, 65230.0], [116777.0, 168500.0], [116777.5, 20.0], [116778.0, 20.0], [116782.5, 20000.0], [116784.0, 78400.0], [116787.0, 211320.0], [116790.0, 13440.0], [116791.5, 40000.0], [116795.5, 4800.0], [116799.5, 2930.0], [116800.0, 3900.0], [116802.0, 5870.0], [116806.5, 12030.0], [116807.0, 40090.0], [116808.0, 5730.0], [116811.0, 7640.0], [116811.5, 25460.0], [116817.0, 19580.0]]}}}
{"jsonrpc": "2.0", "method": "subscription", "params": {"channel": "book.BTC-PERPETUAL.none.20.100ms", "data": {"timestamp": 1755911842776, "change_id": 114590657166, "instrument_name": "BTC-PERPETUAL", "bids": [[116775.5, 14850.0], [116769.5, 3030.0], [116766.0, 10000.0], [116764.0, 60.0], [116760.0, 260.0], [116759.0, 5730.0], [116757.5, 1020.0], [116754.0, 50970.0], [116752.5, 83260.0], [116751.5, 45000.0], [116750.0, 110.0], [116749.5, 12610.0], [116749.0, 60300.0], [116747.5, 50660.0], [116747.0, 168480.0], [116745.0, 350.0], [116744.0, 12600.0], [116742.0, 530.0], [116741.0, 14090.0], [116740.5, 25250.0]], "asks": [[116776.0, 644960.0], [116776.5, 65230.0], [116777.0, 168500.0], [116777.5, 20.0], [116778.0, 20.0], [116782.5, 20000.0], [116784.0, 78400.0], [116787.0, 211320.0], [116790.0, 13440.0], [116791.5, 40000.0], [116795.5, 4800.0], [116799.5, 2930.0], [116800.0, 3900.0], [116802.0, 5870.0], [116806.5, 12030.0], [116807.0, 40090.0], [116808.0, 5730.0], [116811.0, 7640.0], [116811.5, 25460.0], [116817.0, 19580.0]]}}}
{"jsonrpc": "2.0", "method": "subscription", "params": {"channel": "book.BTC-PERPETUAL.none.20.100ms", "data": {"timestamp": 1755911843105, "change_id": 114590657593, "instrument_name": "BTC-PERPETUAL", "bids": [[116775.5, 14850.0], [116769.5, 3030.0], [116764.0, 10060.0], [116760.0, 260.0], [116757.5, 1020.0], [116754.0, 50970.0], [116753.0, 20.0], [116752.5, 83280.0], [116752.0, 20.0], [116751.5, 45020.0], [116751.0, 20.0], [116750.5, 20.0], [116750.0, 130.0], [116749.5, 12610.0], [116749.0, 60300.0], [116747.5, 50660.0], [116747.0, 168480.0], [116745.0, 350.0], [116744.0, 12600.0], [116743.5, 500.0]], "asks": [[116776.0, 644920.0], [116776.5, 65230.0], [116777.0, 168500.0], [116777.5, 20.0], [116778.0, 20.0], [116782.5, 20000.0], [116784.0, 78400.0], [116787.0, 211320.0], [116790.0, 13440.0], [116791.5, 40000.0], [116795.5, 4800.0], [116799.5, 2930.0], [116800.0, 3900.0], [116802.0, 5870.0], [116806.5, 12030.0], [116807.0, 40090.0], [116808.0, 5730.0], [116811.0, 7640.0], [116811.5, 25460.0], [116817.0, 19580.0]]}}}
{"jsonrpc": "2.0", "method": "subscription", "params": {"channel": "book.BTC-PERPETUAL.none.20.100ms", "data": {"timestamp": 1755911843434, "change_id": 114590658984, "instrument_name": "BTC-PERPETUAL", "bids": [[116764.0, 60.0], [116760.0, 260.0], [116757.5, 1020.0], [116750.0, 110.0], [116749.0, 300.0], [116746.0, 10000.0], [116745.5, 25160.0], [116745.0, 83820.0], [116742.0, 20520.0], [116741.5, 45000.0], [116739.5, 350.0], [116736.5, 350.0], [116736.0, 69800.0], [116735.5, 168480.0], [116735.0, 490.0], [116733.5, 500.0], [116733.0, 21350.0], [116730.0, 350.0], [116729.0, 13590.0], [116728.5, 17530.0]], "asks": [[116764.5, 558960.0], [116765.0, 5730.0], [116769.5, 24110.0], [116770.0, 89890.0], [116770.5, 20.0], [116771.0, 20.0], [116771.5, 20.0], [116775.0, 61640.0], [116775.5, 128990.0], [116776.0, 86580.0], [116777.0, 168480.0], [116784.0, 78400.0], [116787.0, 211320.0], [116790.0, 19330.0], [116791.5, 40000.0], [116794.5, 25230.0], [116795.5, 4800.0], [116800.0, 3900.0], [116802.0, 2270.0], [116806.5, 12030.0]]}}}
{"jsonrpc": "2.0", "method": "subscription", "params": {"channel": "book.BTC-PERPETUAL.none.20.100ms", "data": {"timestamp": 1755911843765, "change_id": 114590659758, "instrument_name": "BTC-PERPETUAL", "bids": [[116764.0, 5660.0], [116760.0, 260.0], [116757.5, 1020.0], [116754.5, 5730.0], [116750.0, 110.0], [116749.0, 300.0], [116746.0, 10000.0], [116745.5, 25160.0], [116745.0, 83820.0], [116742.0, 32960.0], [116741.5, 45000.0], [116740.5, 40000.0], [116739.5, 350.0], [116738.0, 20000.0], [116736.5, 350.0], [116736.0, 69800.0], [116735.5, 168480.0], [116735.0, 490.0], [116733.0, 1350.0], [116730.5, 500.0]], "asks": [[116764.5, 632560.0], [116765.0, 5730.0], [116769.0, 61640.0], [116770.0, 20430.0], [116770.5, 20.0], [116771.0, 20.0], [116771.5, 20.0], [116775.5, 105420.0], [116776.0, 15170.0], [116777.0, 168480.0], [116778.0, 3600.0], [116790.0, 19330.0], [116791.5, 40000.0], [116794.5, 25230.0], [116795.5, 4800.0], [116800.0, 3900.0], [116802.0, 2270.0], [116806.5, 12030.0], [116807.0, 40090.0], [116808.0, 5730.0]]}}}
{"jsonrpc": "2.0", "method": "subscription", "params": {"channel": "book.BTC-PERPETUAL.none.20.100ms", "data": {"timestamp": 1755911844101, "change_id": 114590660239, "instrument_name": "BTC-PERPETUAL", "bids": [[116764.0, 5660.0], [116760.0, 260.0], [116757.5, 1020.0], [116750.0, 110.0], [116749.0, 300.0], [116746.0, 10000.0], [116745.5, 25160.0], [116745.0, 83800.0], [116743.0, 20.0], [116742.0, 32960.0], [116741.5, 45000.0], [116741.0, 20000.0], [116740.5, 40000.0], [116739.5, 350.0], [116736.5, 350.0], [116736.0, 69800.0], [116735.5, 168480.0], [116735.0, 490.0], [116733.0, 1350.0], [116731.5, 500.0]], "asks": [[116764.5, 643700.0], [116765.0, 5730.0], [116769.0, 61640.0], [116770.0, 20020.0], [116770.5, 20.0], [116771.0, 20.0], [116771.5, 20.0], [116775.5, 105420.0], [116776.0, 15170.0], [116777.0, 168480.0], [116778.0, 3600.0], [116790.0, 19330.0], [116791.5, 40000.0], [116794.5, 25230.0], [116795.5, 4800.0], [116800.0, 3900.0], [116802.0, 2270.0], [116806.5, 12030.0], [116807.0, 40090.0], [116808.0, 5730.0]]}}}
{"jsonrpc": "2.0", "method": "subscription", "params": {"channel": "book.BTC-PERPETUAL.none.20.100ms", "data": {"timestamp": 1755911844427, "change_id": 114590660808, "instrument_name": "BTC-PERPETUAL", "bids": [[116764.0, 96560.0], [116761.0, 10000.0], [116760.0, 260.0], [116757.5, 1020.0], [116750.0, 110.0], [116749.0, 300.0], [116745.5, 25150.0], [116745.0, 83800.0], [116742.0, 35530.0], [116741.5, 45020.0], [116741.0, 20.0], [116740.5, 40000.0], [116739.5, 350.0], [116738.0, 12590.0], [116736.5, 350.0], [116736.0, 63950.0], [116735.5, 168480.0], [116735.0, 490.0], [116734.5, 25210.0], [116733.5, 500.0]], "asks": [[116764.5, 638510.0], [116765.0, 20.0], [116765.5, 20.0], [116766.0, 20.0], [116766.5, 20.0], [116768.5, 6000.0], [116770.0, 20000.0], [116775.0, 61640.0], [116775.5, 65420.0], [116776.0, 5000.0], [116777.0, 168480.0], [116778.0, 3600.0], [116790.0, 19330.0], [116791.5, 40000.0], [116794.5, 25230.0], [116795.5, 4800.0], [116799.5, 1850.0], [116800.0, 3900.0], [116802.0, 2270.0], [116806.5, 12030.0]]}}}
{"jsonrpc": "2.0", "method": "subscription", "params": {"channel": "book.BTC-PERPETUAL.none.20.100ms", "data": {"timestamp": 1755911844763, "change_id": 114590661147, "instrument_name": "BTC-PERPETUAL", "bids": [[116764.0, 92560.0], [116761.0, 10000.0], [116760.0, 260.0], [116758.5, 5600.0], [116757.5, 1020.0], [116750.0, 110.0], [116749.0, 300.0], [116745.5, 25150.0], [116745.0, 83800.0], [116742.0, 35530.0], [116741.5, 45020.0], [116741.0, 20.0], [116740.5, 40000.0], [116739.5, 350.0], [116738.0, 12590.0], [116736.5, 350.0], [116736.0, 63950.0], [116735.5, 168480.0], [116735.0, 490.0], [116734.5, 25210.0]], "asks": [[116764.5, 638510.0], [116765.0, 20.0], [116765.5, 20.0], [116766.0, 20.0], [116766.5, 20.0], [116767.5, 71810.0], [116768.0, 213630.0], [116768.5, 5730.0], [116770.0, 20000.0], [116775.0, 61640.0], [116775.5, 65420.0], [116776.0, 5000.0], [116777.0, 168480.0], [116778.0, 3600.0], [116790.0, 19330.0], [116791.5, 40000.0], [116794.5, 25230.0], [116795.5, 4800.0], [116799.5, 1850.0], [116800.0, 3900.0]]}}}
{"jsonrpc": "2.0", "method": "subscription", "params": {"channel": "book.BTC-PERPETUAL.none.20.100ms", "data": {"timestamp": 1755911845045, "change_id": 114590661417, "instrument_name": "BTC-PERPETUAL", "bids": [[116764.0, 92560.0], [116760.0, 260.0], [116759.0, 10000.0], [116758.5, 5600.0], [116757.5, 1020.0], [116750.0, 13700.0], [116749.5, 45000.0], [116749.0, 300.0], [116745.5, 25150.0], [116745.0, 83800.0], [116742.0, 19810.0], [116741.5, 20.0], [116741.0, 20.0], [116740.5, 40000.0], [116740.0, 20000.0], [116739.5, 350.0], [116738.0, 12590.0], [116736.5, 350.0], [116736.0, 63950.0], [116735.5, 168480.0]], "asks": [[116764.5, 638510.0], [116765.0, 20.0], [116765.5, 20.0], [116766.0, 20.0], [116766.5, 20.0], [116767.5, 71810.0], [116768.0, 213630.0], [116768.5, 5730.0], [116770.0, 20000.0], [116775.0, 61640.0], [116775.5, 65420.0], [116776.0, 5000.0], [116777.0, 168480.0], [116778.0, 3600.0], [116790.0, 19330.0], [116791.5, 40000.0], [116794.5, 25230.0], [116795.5, 4800.0], [116799.5, 1850.0], [116800.0, 3900.0]]}}}
{"jsonrpc": "2.0", "method": "subscription", "params": {"channel": "book.BTC-PERPETUAL.none.20.100ms", "data": {"timestamp": 1755911845414, "change_id": 114590662032, "instrument_name": "BTC-PERPETUAL", "bids": [[116764.0, 92890.0], [116760.0, 260.0], [116759.0, 10000.0], [116758.5, 10040.0], [116757.5, 1020.0], [116755.5, 5730.0], [116750.0, 13700.0], [116749.5, 45000.0], [116749.0, 300.0], [116748.0, 20.0], [116747.5, 20.0], [116747.0, 20.0], [116746.5, 20.0], [116746.0, 20.0], [116745.5, 25170.0], [116745.0, 83820.0], [116744.5, 20.0], [116742.0, 19810.0], [116740.5, 40000.0], [116740.0, 20000.0]], "asks": [[116764.5, 647710.0], [116765.0, 20.0], [116765.5, 20.0], [116766.0, 20.0], [116766.5, 20.0], [116767.5, 71810.0], [116768.0, 213630.0], [116768.5, 5730.0], [116770.0, 20000.0], [116775.0, 61640.0], [116775.5, 65420.0], [116776.0, 5000.0], [116777.0, 168480.0], [116778.0, 3600.0], [116790.0, 19330.0], [116791.5, 40000.0], [116794.5, 25230.0], [116795.5, 4800.0], [116799.5, 1850.0], [116800.0, 3900.0]]}}}
{"jsonrpc": "2.0", "method": "subscription", "params": {"channel": "book.BTC-PERPETUAL.none.20.100ms", "data": {"timestamp": 1755911845753, "change_id": 114590662345, "instrument_name": "BTC-PERPETUAL", "bids": [[116764.0, 92890.0], [116760.0, 260.0], [116759.0, 10000.0], [116758.5, 10170.0], [116757.5, 1020.0], [116753.0, 10000.0], [116750.0, 13700.0], [116749.5, 45020.0], [116749.0, 320.0], [116748.5, 20.0], [116748.0, 20.0], [116747.5, 20.0], [116745.5, 25150.0], [116745.0, 83800.0], [116743.5, 20000.0], [116742.0, 19810.0], [116740.5, 40000.0], [116739.5, 350.0], [116738.0, 12590.0], [116736.5, 350.0]], "asks": [[116764.5, 660250.0], [116766.5, 20.0], [116767.5, 6000.0], [116770.0, 20000.0], [116771.5, 5730.0], [116775.0, 61640.0], [116775.5, 65420.0], [116777.0, 168480.0], [116778.0, 3600.0], [116790.0, 19330.0], [116791.5, 40000.0], [116794.5, 25230.0], [116795.5, 4800.0], [116799.5, 1850.0], [116800.0, 3900.0], [116802.0, 2270.0], [116806.5, 12030.0], [116807.0, 40090.0], [116808.0, 5730.0], [116811.0, 7640.0]]}}}
{"jsonrpc": "2.0", "method": "subscription", "params": {"channel": "book.BTC-PERPETUAL.none.20.100ms", "data": {"timestamp": 1755911846061, "change_id": 114590662818, "instrument_name": "BTC-PERPETUAL", "bids": [[116764.0, 92830.0], [116763.5, 60.0], [116760.0, 260.0], [116759.0, 10000.0], [116758.5, 4440.0], [116757.5, 6750.0], [116753.0, 10000.0], [116750.0, 13700.0], [116749.5, 45000.0], [116749.0, 300.0], [116748.0, 20.0], [116747.5, 20.0], [116745.5, 25150.0], [116745.0, 83800.0], [116743.5, 20000.0], [116742.0, 19810.0], [116740.5, 40000.0], [116739.5, 350.0], [116738.0, 12590.0], [116736.5, 850.0]], "asks": [[116764.5, 655090.0], [116766.5, 20.0], [116767.5, 71190.0], [116768.0, 214080.0], [116770.0, 25730.0], [116775.0, 61640.0], [116775.5, 65420.0], [116777.0, 168480.0], [116778.0, 3600.0], [116790.0, 19330.0], [116791.5, 40000.0], [116794.5, 25230.0], [116795.5, 4800.0], [116799.5, 1850.0], [116800.0, 3900.0], [116802.0, 2270.0], [116806.5, 12030.0], [116807.0, 40090.0], [116808.0, 5730.0], [116811.0, 7640.0]]}}}
{"jsonrpc": "2.0", "method": "subscription", "params": {"channel": "book.BTC-PERPETUAL.none.20.100ms", "data": {"timestamp": 1755911846415, "change_id": 114590663328, "instrument_name": "BTC-PERPETUAL", "bids": [[116764.0, 92830.0], [116763.5, 60.0], [116760.0, 260.0], [116759.0, 10000.0], [116757.5, 1020.0], [116753.0, 12200.0], [116750.0, 110.0], [116749.5, 45000.0], [116749.0, 300.0], [116745.0, 83800.0], [116742.0, 30.0], [116741.0, 19770.0], [116740.5, 40000.0], [116739.5, 350.0], [116738.0, 12590.0], [116736.5, 350.0], [116736.0, 63950.0], [116735.5, 168480.0], [116735.0, 490.0], [116734.5, 25210.0]], "asks": [[116764.5, 550900.0], [116765.0, 20.0], [116765.5, 20.0], [116766.0, 20.0], [116766.5, 20.0], [116767.5, 71190.0], [116768.0, 214080.0], [116770.0, 25730.0], [116775.0, 61640.0], [116775.5, 65420.0], [116777.0, 168480.0], [116778.0, 3600.0], [116790.0, 19330.0], [116791.5, 40000.0], [116794.5, 25230.0], [116795.5, 4800.0], [116799.5, 1850.0], [116800.0, 3900.0], [116802.0, 2270.0], [116806.5, 12030.0]]}}}
{"jsonrpc": "2.0", "method": "subscription", "params": {"channel": "book.BTC-PERPETUAL.none.20.100ms", "data": {"timestamp": 1755911846722, "change_id": 114590663516, "instrument_name": "BTC-PERPETUAL", "bids": [[116764.0, 92830.0], [116763.5, 60.0], [116760.0, 260.0], [116759.0, 10000.0], [116757.5, 1020.0], [116756.0, 5730.0], [116753.0, 2200.0], [116750.0, 13700.0], [116749.5, 45000.0], [116749.0, 300.0], [116748.0, 20.0], [116747.5, 12000.0], [116746.5, 20.0], [116746.0, 20.0], [116745.5, 25180.0], [116745.0, 83820.0], [116744.5, 20.0], [116744.0, 20.0], [116743.5, 20.0], [116742.0, 30.0]], "asks": [[116764.5, 536310.0], [116765.0, 20.0], [116765.5, 20.0], [116766.0, 20.0], [116766.5, 20.0], [116767.5, 71190.0], [116768.0, 214080.0], [116770.0, 25730.0], [116775.0, 61640.0], [116775.5, 65420.0], [116777.0, 168480.0], [116778.0, 3600.0], [116790.0, 19330.0], [116791.5, 40000.0], [116794.5, 25230.0], [116795.5, 4800.0], [116799.5, 1850.0], [116800.0, 3900.0], [116802.0, 2270.0], [116806.5, 12030.0]]}}}
{"jsonrpc": "2.0", "method": "subscription", "params": {"channel": "book.BTC-PERPETUAL.none.20.100ms", "data": {"timestamp": 1755911847041, "change_id": 114590664111, "instrument_name": "BTC-PERPETUAL", "bids": [[116764.0, 92830.0], [116763.5, 60.0], [116760.0, 260.0], [116759.0, 10000.0], [116757.5, 1020.0], [116756.0, 5730.0], [116753.0, 2200.0], [116750.0, 13700.0], [116749.5, 45000.0], [116749.0, 300.0], [116747.5, 12020.0], [116746.5, 20.0], [116746.0, 20.0], [116745.5, 25180.0], [116745.0, 83820.0], [116744.5, 20.0], [116744.0, 20.0], [116743.5, 20.0], [116742.0, 30.0], [116741.0, 19770.0]], "asks": [[116764.5, 536310.0], [116765.0, 20.0], [116765.5, 20.0], [116766.0, 20.0], [116766.5, 20.0], [116767.5, 71190.0], [116768.0, 214080.0], [116770.0, 25730.0], [116775.0, 61640.0], [116775.5, 65420.0], [116777.0, 168480.0], [116778.0, 3600.0], [116790.0, 19330.0], [116791.5, 40000.0], [116794.5, 25230.0], [116795.5, 4800.0], [116799.5, 1850.0], [116800.0, 3900.0], [116802.0, 2270.0], [116806.5, 12030.0]]}}}
{"jsonrpc": "2.0", "method": "subscription", "params": {"channel": "book.BTC-PERPETUAL.none.20.100ms", "data": {"timestamp": 1755911847410, "change_id": 114590665925, "instrument_name": "BTC-PERPETUAL", "bids": [[116757.5, 3020.0], [116750.0, 110.0], [116747.5, 1400.0], [116745.0, 350.0], [116743.0, 7730.0], [116742.5, 10000.0], [116742.0, 10030.0], [116741.0, 20.0], [116740.5, 20.0], [116740.0, 20.0], [116739.5, 350.0], [116737.5, 20.0], [116737.0, 25300.0], [116736.5, 84320.0], [116736.0, 42970.0], [116735.5, 168480.0], [116735.0, 810.0], [116734.5, 20.0], [116734.0, 20.0], [116733.5, 20.0]], "asks": [[116758.0, 266780.0], [116760.0, 198050.0], [116760.5, 122350.0], [116761.0, 168480.0], [116764.5, 247130.0], [116765.0, 20.0], [116765.5, 20.0], [116766.0, 20.0], [116766.5, 20.0], [116767.0, 61640.0], [116767.5, 70220.0], [116768.0, 214080.0], [116770.0, 20000.0], [116775.5, 1140.0], [116778.0, 3600.0], [116779.0, 12000.0], [116779.5, 40000.0], [116784.5, 8570.0], [116785.0, 3900.0], [116788.0, 25150.0]]}}}
{"jsonrpc": "2.0", "method": "subscription", "params": {"channel": "book.BTC-PERPETUAL.none.20.100ms", "data": {"timestamp": 1755911847728, "change_id": 114590666434, "instrument_name": "BTC-PERPETUAL", "bids": [[116757.5, 3020.0], [116750.0, 110.0], [116749.0, 5730.0], [116747.5, 1400.0], [116745.0, 350.0], [116743.0, 7730.0], [116742.5, 10000.0], [116742.0, 10030.0], [116739.5, 350.0], [116737.0, 25300.0], [116736.5, 84340.0], [116736.0, 59130.0], [116735.5, 168480.0], [116735.0, 810.0], [116734.5, 20.0], [116734.0, 45000.0], [116733.0, 350.0], [116730.0, 350.0], [116729.5, 30770.0], [116729.0, 32550.0]], "asks": [[116758.0, 471500.0], [116759.0, 3250.0], [116760.0, 147500.0], [116760.5, 128440.0], [116761.0, 168480.0], [116762.0, 2750.0], [116763.5, 61640.0], [116764.0, 9480.0], [116764.5, 50020.0], [116765.0, 20.0], [116765.5, 20.0], [116766.0, 20.0], [116766.5, 20.0], [116767.5, 70220.0], [116768.0, 214080.0], [116775.5, 1140.0], [116778.0, 3600.0], [116778.5, 2270.0], [116779.0, 12000.0], [116779.5, 40000.0]]}}}
{"jsonrpc": "2.0", "method": "subscription", "params": {"channel": "book.BTC-PERPETUAL.none.20.100ms", "data": {"timestamp": 1755911848068, "change_id": 114590667147, "instrument_name": "BTC-PERPETUAL", "bids": [[116757.5, 3020.0], [116750.0, 110.0], [116747.5, 1400.0], [116745.0, 350.0], [116742.5, 10000.0], [116742.0, 10030.0], [116739.5, 350.0], [116736.5, 84320.0], [116735.5, 168480.0], [116735.0, 790.0], [116733.0, 350.0], [116730.0, 350.0], [116729.5, 33000.0], [116729.0, 12550.0], [116728.5, 40000.0], [116727.5, 60.0], [116726.5, 45350.0], [116725.0, 50.0], [116723.5, 350.0], [116722.5, 190.0]], "asks": [[116758.0, 569990.0], [116760.0, 107770.0], [116760.5, 116620.0], [116761.0, 168480.0], [116764.5, 25020.0], [116765.0, 20.0], [116765.5, 20.0], [116766.0, 20.0], [116766.5, 20.0], [116767.5, 70220.0], [116768.0, 214080.0], [116775.5, 1140.0], [116778.0, 3600.0], [116778.5, 2270.0], [116779.0, 12000.0], [116779.5, 40000.0], [116784.5, 8570.0], [116785.0, 3900.0], [116788.0, 25150.0], [116790.0, 19330.0]]}}}
{"jsonrpc": "2.0", "method": "subscription", "params": {"channel": "book.BTC-PERPETUAL.none.20.100ms", "data": {"timestamp": 1755911848394, "change_id": 114590668715, "instrument_name": "BTC-PERPETUAL", "bids": [[116750.0, 110.0], [116747.5, 1400.0], [116745.0, 350.0], [116742.5, 10000.0], [116742.0, 10030.0], [116739.5, 350.0], [116736.5, 350.0], [116735.0, 790.0], [116733.0, 350.0], [116732.5, 20.0], [116731.5, 20.0], [116731.0, 20.0], [116730.0, 370.0], [116729.5, 84150.0], [116727.5, 60.0], [116726.5, 350.0], [116725.0, 50.0], [116723.5, 71520.0], [116723.0, 168980.0], [116722.5, 190.0]], "asks": [[116750.5, 361600.0], [116754.0, 2430.0], [116757.0, 117730.0], [116757.5, 69000.0], [116758.0, 98130.0], [116760.0, 67970.0], [116761.0, 168480.0], [116764.5, 25020.0], [116765.0, 20.0], [116765.5, 20.0], [116766.0, 20.0], [116766.5, 20.0], [116767.0, 40000.0], [116767.5, 70220.0], [116768.0, 214080.0], [116775.5, 1140.0], [116778.0, 3600.0], [116778.5, 2270.0], [116779.0, 18040.0], [116779.5, 40000.0]]}}}
{"jsonrpc": "2.0", "method": "subscription", "params": {"channel": "book.BTC-PERPETUAL.none.20.100ms", "data": {"timestamp": 1755911848726, "change_id": 114590669800, "instrument_name": "BTC-PERPETUAL", "bids": [[116750.0, 110.0], [116747.5, 1400.0], [116745.0, 350.0], [116742.5, 10000.0], [116742.0, 10030.0], [116739.5, 350.0], [116736.5, 350.0], [116735.0, 490.0], [116733.0, 350.0], [116731.0, 20.0], [116730.5, 20.0], [116730.0, 350.0], [116729.0, 20.0], [116727.5, 60.0], [116726.5, 350.0], [116725.5, 25260.0], [116725.0, 84190.0], [116723.5, 350.0], [116722.5, 190.0], [116720.0, 400.0]], "asks": [[116750.5, 503020.0], [116751.0, 128440.0], [116751.5, 20.0], [116754.0, 320.0], [116756.0, 26700.0], [116757.0, 20000.0], [116757.5, 69000.0], [116760.0, 67970.0], [116761.0, 168480.0], [116764.5, 5020.0], [116765.0, 20.0], [116766.5, 12000.0], [116767.0, 40000.0], [116773.5, 6660.0], [116774.0, 3900.0], [116774.5, 15570.0], [116775.5, 60.0], [116778.0, 3600.0], [116778.5, 2270.0], [116779.0, 18040.0]]}}}
{"jsonrpc": "2.0", "method": "subscription", "params": {"channel": "book.BTC-PERPETUAL.none.20.100ms", "data": {"timestamp": 1755911849063, "change_id": 114590671167, "instrument_name": "BTC-PERPETUAL", "bids": [[116750.0, 102940.0], [116747.5, 1400.0], [116745.0, 350.0], [116743.5, 5730.0], [116742.0, 10030.0], [116739.5, 350.0], [116736.5, 350.0], [116735.0, 490.0], [116733.0, 350.0], [116731.0, 20.0], [116730.5, 20.0], [116730.0, 350.0], [116729.0, 20.0], [116727.5, 60.0], [116726.5, 350.0], [116725.5, 25260.0], [116725.0, 84190.0], [116724.0, 25080.0], [116723.5, 850.0], [116723.0, 35980.0]], "asks": [[116750.5, 350200.0], [116752.5, 9240.0], [116753.0, 26700.0], [116757.0, 20000.0], [116757.5, 69000.0], [116760.0, 67970.0], [116761.0, 168480.0], [116764.0, 61640.0], [116764.5, 5020.0], [116765.0, 20.0], [116773.5, 6660.0], [116774.0, 3900.0], [116774.5, 15570.0], [116775.5, 60.0], [116778.0, 3600.0], [116778.5, 2270.0], [116779.0, 18040.0], [116779.5, 40000.0], [116780.5, 25140.0], [116784.5, 8570.0]]}}}
{"jsonrpc": "2.0", "method": "subscription", "params": {"channel": "book.BTC-PERPETUAL.none.20.100ms", "data": {"timestamp": 1755911849394, "change_id": 114590672128, "instrument_name": "BTC-PERPETUAL", "bids": [[116750.0, 173440.0], [116747.5, 1400.0], [116747.0, 7830.0], [116746.5, 10000.0], [116746.0, 5730.0], [116745.0, 350.0], [116742.0, 10030.0], [116739.5, 350.0], [116738.0, 15110.0], [116737.5, 50000.0], [116736.5, 350.0], [116735.0, 490.0], [116733.0, 350.0], [116731.0, 20.0], [116730.5, 20.0], [116730.0, 350.0], [116729.0, 520.0], [116728.5, 300.0], [116727.5, 60.0], [116727.0, 11000.0]], "asks": [[116750.5, 331070.0], [116752.0, 79880.0], [116752.5, 215520.0], [116754.5, 500.0], [116757.0, 20000.0], [116760.0, 67970.0], [116761.0, 168480.0], [116761.5, 5730.0], [116764.0, 56260.0], [116764.5, 5020.0], [116765.0, 20.0], [116772.5, 24560.0], [116773.0, 61640.0], [116774.0, 3900.0], [116774.5, 15570.0], [116775.5, 60.0], [116778.0, 3600.0], [116778.5, 2270.0], [116779.0, 6040.0], [116780.5, 25140.0]]}}}
{"jsonrpc": "2.0", "method": "subscription", "params": {"channel": "book.BTC-PERPETUAL.none.20.100ms", "data": {"timestamp": 1755911849716, "change_id": 114590672568, "instrument_name": "BTC-PERPETUAL", "bids": [[116750.0, 162840.0], [116747.5, 1400.0], [116747.0, 7830.0], [116746.5, 10000.0], [116746.0, 5730.0], [116745.0, 350.0], [116743.0, 20.0], [116742.5, 20.0], [116742.0, 10050.0], [116739.5, 350.0], [116738.0, 15110.0], [116736.5, 350.0], [116736.0, 40000.0], [116735.0, 490.0], [116733.0, 350.0], [116732.0, 6110.0], [116731.5, 20000.0], [116730.0, 350.0], [116728.5, 300.0], [116728.0, 500.0]], "asks": [[116750.5, 345170.0], [116751.5, 44480.0], [116752.0, 79880.0], [116752.5, 215520.0], [116756.5, 500.0], [116757.0, 20000.0], [116760.0, 67970.0], [116760.5, 35250.0], [116761.0, 168480.0], [116762.5, 5730.0], [116764.0, 21010.0], [116764.5, 20.0], [116765.0, 20.0], [116772.5, 24560.0], [116773.0, 61640.0], [116774.0, 3900.0], [116774.5, 15570.0], [116775.5, 60.0], [116778.5, 2270.0], [116779.0, 6040.0]]}}}
{"jsonrpc": "2.0", "method": "subscription", "params": {"channel": "book.BTC-PERPETUAL.none.20.100ms", "data": {"timestamp": 1755911850046, "change_id": 114590673554, "instrument_name": "BTC-PERPETUAL", "bids": [[116750.0, 162840.0], [116747.5, 1400.0], [116747.0, 13560.0], [116746.5, 10000.0], [116745.0, 350.0], [116743.0, 20.0], [116742.5, 20.0], [116742.0, 10050.0], [116739.5, 350.0], [116738.0, 15110.0], [116736.5, 350.0], [116736.0, 40000.0], [116735.0, 490.0], [116733.0, 350.0], [116732.0, 6110.0], [116731.5, 20000.0], [116730.0, 350.0], [116728.5, 300.0], [116728.0, 500.0], [116727.5, 60.0]], "asks": [[116750.5, 333280.0], [116751.5, 44480.0], [116752.0, 79880.0], [116752.5, 215520.0], [116755.5, 500.0], [116757.0, 20000.0], [116760.0, 67970.0], [116760.5, 40980.0], [116761.0, 168480.0], [116764.0, 21010.0], [116764.5, 20.0], [116765.0, 20.0], [116772.5, 24560.0], [116773.0, 61640.0], [116774.0, 3900.0], [116774.5, 15570.0], [116775.5, 60.0], [116778.5, 2270.0], [116779.0, 18790.0], [116779.5, 40000.0]]}}}
{"jsonrpc": "2.0", "method": "subscription", "params": {"channel": "book.BTC-PERPETUAL.none.20.100ms", "data": {"timestamp": 1755911850385, "change_id": 114590674339, "instrument_name": "BTC-PERPETUAL", "bids": [[116750.0, 216040.0], [116747.5, 1400.0], [116747.0, 11850.0], [116746.5, 10000.0], [116745.0, 350.0], [116742.5, 20.0], [116742.0, 10050.0], [116741.5, 20.0], [116741.0, 20.0], [116739.5, 350.0], [116736.5, 350.0], [116736.0, 19860.0], [116735.5, 45000.0], [116735.0, 490.0], [116733.0, 350.0], [116731.5, 20000.0], [116730.0, 350.0], [116729.0, 500.0], [116728.5, 300.0], [116727.5, 60.0]], "asks": [[116750.5, 342960.0], [116751.5, 44480.0], [116752.0, 79880.0], [116752.5, 215520.0], [116755.0, 500.0], [116757.0, 20000.0], [116759.5, 30250.0], [116760.0, 67970.0], [116760.5, 31740.0], [116761.0, 168480.0], [116764.5, 20.0], [116765.0, 20.0], [116772.5, 24560.0], [116773.0, 61640.0], [116774.0, 3900.0], [116774.5, 15570.0], [116775.5, 60.0], [116778.5, 2270.0], [116779.0, 18790.0], [116779.5, 40000.0]]}}}
{"jsonrpc": "2.0", "method": "subscription", "params": {"channel": "book.BTC-PERPETUAL.none.20.100ms", "data": {"timestamp": 1755911850713, "change_id": 114590674593, "instrument_name": "BTC-PERPETUAL", "bids": [[116750.0, 216040.0], [116747.5, 1400.0], [116747.0, 11850.0], [116746.5, 10000.0], [116745.0, 370.0], [116744.5, 20.0], [116744.0, 20.0], [116743.5, 20.0], [116743.0, 20.0], [116742.5, 20.0], [116742.0, 10030.0], [116739.5, 350.0], [116736.5, 350.0], [116736.0, 19860.0], [116735.5, 45000.0], [116735.0, 490.0], [116733.0, 350.0], [116731.5, 20000.0], [116730.5, 500.0], [116730.0, 350.0]], "asks": [[116750.5, 333840.0], [116751.5, 44480.0], [116752.0, 79880.0], [116752.5, 215520.0], [116756.5, 500.0], [116757.0, 20000.0], [116759.5, 30250.0], [116760.0, 67970.0], [116760.5, 26010.0], [116761.0, 168480.0], [116761.5, 20.0], [116762.0, 20.0], [116762.5, 20.0], [116772.5, 24560.0], [116773.0, 61640.0], [116774.0, 3900.0], [116774.5, 15570.0], [116775.5, 60.0], [116778.5, 2270.0], [116779.0, 18790.0]]}}}
{"jsonrpc": "2.0", "method": "subscription", "params": {"channel": "book.BTC-PERPETUAL.none.20.100ms", "data": {"timestamp": 1755911851037, "change_id": 114590675103, "instrument_name": "BTC-PERPETUAL", "bids": [[116750.0, 261040.0], [116747.5, 31720.0], [116747.0, 15730.0], [116746.5, 20.0], [116746.0, 20.0], [116745.5, 78100.0], [116745.0, 370.0], [116744.5, 20.0], [116744.0, 20.0], [116743.5, 20.0], [116743.0, 20.0], [116742.5, 20.0], [116742.0, 10030.0], [116739.5, 350.0], [116736.5, 350.0], [116736.0, 6510.0], [116735.0, 490.0], [116733.0, 350.0], [116732.5, 500.0], [116731.5, 20000.0]], "asks": [[116750.5, 368840.0], [116752.0, 79880.0], [116752.5, 215520.0], [116756.5, 500.0], [116757.0, 20000.0], [116759.5, 21010.0], [116760.0, 50550.0], [116761.0, 174210.0], [116762.5, 20.0], [116771.5, 7800.0], [116772.0, 35250.0], [116772.5, 24560.0], [116773.0, 61640.0], [116774.0, 3900.0], [116774.5, 15570.0], [116775.5, 60.0], [116778.5, 2270.0], [116779.0, 18790.0], [116779.5, 40000.0], [116780.5, 25140.0]]}}}
