{"jsonrpc": "2.0", "id": 1, "result": ["book.BTC-PERPETUAL.none.20.100ms"], "usIn": 1761906081890345, "usOut": 1761906081890623, "usDiff": 278, "testnet": false}
{"jsonrpc": "2.0", "method": "subscription", "params": {"channel": "book.BTC-PERPETUAL.none.20.100ms", "data": {"timestamp": 1761906081890, "change_id": 124515667583, "instrument_name": "BTC-PERPETUAL", "bids": [[109918.5, 455780.0], [109917.0, 20.0], [109916.5, 20370.0], [109916.0, 18000.0], [109914.0, 45000.0], [109913.0, 11000.0], [109912.5, 2500.0], [109912.0, 5770.0], [109911.5, 18210.0], [109910.0, 30000.0], [109909.5, 11000.0], [109908.5, 50000.0], [109906.5, 12370.0], [109905.5, 10440.0], [109905.0, 26000.0], [109904.5, 5000.0], [109901.0, 14450.0], [109900.5, 25000.0], [109897.0, 40610.0], [109895.5, 75580.0]], "asks": [[109919.0, 38160.0], [109920.0, 50.0], [109922.0, 30.0], [109923.0, 6040.0], [109923.5, 3360.0], [109925.0, 5640.0], [109927.0, 8000.0], [109928.0, 50000.0], [109929.5, 1170.0], [109930.0, 3910.0], [109934.5, 18150.0], [109935.5, 18000.0], [109936.0, 12870.0], [109938.5, 11020.0], [109939.0, 20.0], [109939.5, 29750.0], [109940.0, 20.0], [109940.5, 20.0], [109941.0, 40.0], [109941.5, 40.0]]}}}
{"jsonrpc": "2.0", "method": "subscription", "params": {"channel": "book.BTC-PERPETUAL.none.20.100ms", "data": {"timestamp": 1761906081896, "change_id": 124515667592, "instrument_name": "BTC-PERPETUAL", "bids": [[109918.5, 455780.0], [109917.0, 20.0], [109916.5, 20370.0], [109916.0, 18000.0], [109914.0, 45000.0], [109913.0, 11000.0], [109912.5, 2500.0], [109912.0, 5770.0], [109911.5, 18210.0], [109910.0, 30000.0], [109909.5, 11000.0], [109908.5, 50000.0], [109906.5, 12370.0], [109905.5, 10440.0], [109905.0, 26000.0], [109904.5, 5000.0], [109901.0, 14450.0], [109900.5, 25000.0], [109897.0, 40610.0], [109895.5, 75580.0]], "asks": [[109919.0, 38160.0], [109920.0, 50.0], [109922.0, 30.0], [109923.0, 6040.0], [109923.5, 3360.0], [109925.0, 5640.0], [109927.0, 8000.0], [109928.0, 50000.0], [109930.0, 3910.0], [109934.5, 12520.0], [109935.5, 18000.0], [109936.0, 12870.0], [109938.5, 16790.0], [109939.0, 20.0], [109939.5, 29750.0], [109940.0, 20.0], [109940.5, 20.0], [109941.0, 40.0], [109941.5, 40.0], [109942.0, 11020.0]]}}}
{"jsonrpc": "2.0", "method": "subscription", "params": {"channel": "book.BTC-PERPETUAL.none.20.100ms", "data": {"timestamp": 1761906082229, "change_id": 124515668369, "instrument_name": "BTC-PERPETUAL", "bids": [[109918.5, 455780.0], [109917.0, 11000.0], [109916.5, 21270.0], [109916.0, 18000.0], [109914.0, 45000.0], [109912.5, 13500.0], [109912.0, 5770.0], [109911.5, 18210.0], [109909.0, 30000.0], [109908.5, 50000.0], [109906.5, 18250.0], [109906.0, 26000.0], [109905.5, 10440.0], [109903.5, 25000.0], [109901.0, 14450.0], [109897.0, 40610.0], [109895.5, 75580.0], [109893.5, 87910.0], [109893.0, 18000.0], [109891.0, 61590.0]], "asks": [[109919.0, 46240.0], [109920.0, 50.0], [109922.0, 30.0], [109923.0, 40.0], [109923.5, 60.0], [109924.5, 50000.0], [109925.0, 5640.0], [109926.5, 7570.0], [109927.0, 8000.0], [109929.5, 2960.0], [109930.0, 3910.0], [109931.0, 6000.0], [109934.5, 9210.0], [109935.5, 18000.0], [109936.0, 12870.0], [109939.5, 41440.0], [109940.0, 5770.0], [109940.5, 11000.0], [109941.0, 7980.0], [109941.5, 40.0]]}}}
{"jsonrpc": "2.0", "method": "subscription", "params": {"channel": "book.BTC-PERPETUAL.none.20.100ms", "data": {"timestamp": 1761906082566, "change_id": 124515669932, "instrument_name": "BTC-PERPETUAL", "bids": [[109924.5, 303540.0], [109923.5, 229440.0], [109923.0, 59040.0], [109919.5, 110000.0], [109919.0, 46240.0], [109918.5, 68350.0], [109918.0, 20.0], [109917.5, 38530.0], [109917.0, 11020.0], [109916.5, 20.0], [109916.0, 68020.0], [109915.5, 20.0], [109915.0, 20.0], [109914.5, 30000.0], [109913.5, 25000.0], [109912.0, 5770.0], [109906.5, 35320.0], [109905.5, 10440.0], [109905.0, 5000.0], [109903.0, 40610.0]], "asks": [[109925.0, 5640.0], [109929.5, 7570.0], [109933.0, 3860.0], [109939.0, 6000.0], [109941.0, 20.0], [109941.5, 20.0], [109946.0, 5000.0], [109947.0, 5380.0], [109947.5, 8000.0], [109949.5, 11000.0], [109950.0, 50.0], [109950.5, 23480.0], [109955.0, 37000.0], [109955.5, 7930.0], [109960.0, 12900.0], [109961.0, 25450.0], [109961.5, 92130.0], [109962.5, 18080.0], [109963.0, 63000.0], [109965.5, 12710.0]]}}}
{"jsonrpc": "2.0", "method": "subscription", "params": {"channel": "book.BTC-PERPETUAL.none.20.100ms", "data": {"timestamp": 1761906082895, "change_id": 124515671213, "instrument_name": "BTC-PERPETUAL", "bids": [[109929.0, 389190.0], [109925.5, 11000.0], [109925.0, 98170.0], [109924.5, 148820.0], [109923.5, 112300.0], [109923.0, 47500.0], [109921.0, 6410.0], [109920.5, 11000.0], [109918.5, 11970.0], [109918.0, 20.0], [109917.5, 36610.0], [109917.0, 20.0], [109916.5, 20.0], [109916.0, 68020.0], [109915.5, 20.0], [109915.0, 20.0], [109913.0, 26000.0], [109912.5, 25000.0], [109912.0, 5770.0], [109907.5, 8960.0]], "asks": [[109929.5, 154220.0], [109933.0, 3860.0], [109937.5, 3950.0], [109939.0, 6000.0], [109939.5, 8000.0], [109941.0, 1520.0], [109941.5, 5020.0], [109947.0, 9500.0], [109949.0, 18000.0], [109950.0, 16820.0], [109950.5, 40860.0], [109951.0, 11000.0], [109951.5, 40610.0], [109952.5, 30010.0], [109954.5, 52040.0], [109955.5, 7930.0], [109959.0, 30530.0], [109959.5, 40610.0], [109960.0, 60.0], [109961.5, 61620.0]]}}}
{"jsonrpc": "2.0", "method": "subscription", "params": {"channel": "book.BTC-PERPETUAL.none.20.100ms", "data": {"timestamp": 1761906083228, "change_id": 124515672019, "instrument_name": "BTC-PERPETUAL", "bids": [[109929.0, 403470.0], [109925.5, 11000.0], [109925.0, 98170.0], [109924.5, 127700.0], [109924.0, 20.0], [109923.5, 112300.0], [109923.0, 48300.0], [109918.5, 20.0], [109918.0, 11020.0], [109917.5, 36610.0], [109917.0, 20.0], [109916.5, 20.0], [109916.0, 68020.0], [109913.5, 26000.0], [109912.5, 55000.0], [109912.0, 5770.0], [109906.5, 21780.0], [109905.5, 13460.0], [109905.0, 7790.0], [109903.0, 40610.0]], "asks": [[109929.5, 103230.0], [109933.0, 3860.0], [109937.5, 1790.0], [109939.0, 6000.0], [109940.0, 7200.0], [109940.5, 24070.0], [109941.0, 20.0], [109941.5, 20.0], [109947.0, 9500.0], [109949.0, 18000.0], [109950.0, 16820.0], [109950.5, 60030.0], [109951.0, 11000.0], [109951.5, 40610.0], [109953.5, 26000.0], [109954.0, 30010.0], [109954.5, 25540.0], [109955.0, 500.0], [109955.5, 84930.0], [109957.5, 30530.0]]}}}
{"jsonrpc": "2.0", "method": "subscription", "params": {"channel": "book.BTC-PERPETUAL.none.20.100ms", "data": {"timestamp": 1761906083545, "change_id": 124515672661, "instrument_name": "BTC-PERPETUAL", "bids": [[109929.0, 403550.0], [109925.5, 11000.0], [109925.0, 98190.0], [109924.5, 127720.0], [109924.0, 20.0], [109923.5, 123320.0], [109923.0, 45020.0], [109922.5, 20.0], [109922.0, 20.0], [109921.5, 20.0], [109917.5, 36590.0], [109916.0, 68000.0], [109915.5, 5000.0], [109913.5, 26000.0], [109913.0, 30000.0], [109912.5, 25000.0], [109912.0, 5770.0], [109906.5, 21780.0], [109905.5, 13460.0], [109903.0, 40610.0]], "asks": [[109929.5, 103230.0], [109933.0, 3860.0], [109937.5, 1790.0], [109939.0, 6000.0], [109940.0, 7200.0], [109940.5, 24070.0], [109941.0, 20.0], [109941.5, 20.0], [109947.0, 9520.0], [109947.5, 20.0], [109948.0, 20.0], [109948.5, 20.0], [109949.0, 18020.0], [109949.5, 20.0], [109950.0, 5820.0], [109950.5, 60030.0], [109951.0, 22000.0], [109951.5, 40610.0], [109953.5, 26000.0], [109954.0, 30010.0]]}}}
{"jsonrpc": "2.0", "method": "subscription", "params": {"channel": "book.BTC-PERPETUAL.none.20.100ms", "data": {"timestamp": 1761906083861, "change_id": 124515673267, "instrument_name": "BTC-PERPETUAL", "bids": [[109929.0, 414260.0], [109925.5, 11000.0], [109925.0, 98170.0], [109924.5, 127700.0], [109924.0, 20.0], [109923.5, 123320.0], [109923.0, 45020.0], [109922.5, 20.0], [109922.0, 20.0], [109921.5, 20.0], [109919.5, 2370.0], [109918.0, 7940.0], [109917.5, 36590.0], [109916.0, 93000.0], [109915.5, 5000.0], [109913.5, 30000.0], [109913.0, 26000.0], [109912.0, 5770.0], [109910.0, 26240.0], [109909.5, 87920.0]], "asks": [[109929.5, 53230.0], [109930.0, 50000.0], [109933.0, 3860.0], [109938.0, 2690.0], [109938.5, 3000.0], [109939.0, 6000.0], [109940.0, 7200.0], [109940.5, 24070.0], [109941.0, 20.0], [109941.5, 20.0], [109944.0, 5000.0], [109947.0, 9520.0], [109947.5, 20.0], [109948.0, 20.0], [109948.5, 20.0], [109949.0, 18020.0], [109949.5, 20.0], [109950.0, 5840.0], [109950.5, 71050.0], [109951.0, 11000.0]]}}}
{"jsonrpc": "2.0", "method": "subscription", "params": {"channel": "book.BTC-PERPETUAL.none.20.100ms", "data": {"timestamp": 1761906084199, "change_id": 124515673818, "instrument_name": "BTC-PERPETUAL", "bids": [[109929.0, 398290.0], [109925.5, 11000.0], [109925.0, 98170.0], [109924.5, 127720.0], [109924.0, 20.0], [109923.5, 123320.0], [109923.0, 45020.0], [109922.5, 20.0], [109922.0, 20.0], [109921.5, 20.0], [109920.5, 2370.0], [109918.0, 7940.0], [109917.5, 36590.0], [109916.0, 68000.0], [109915.5, 5000.0], [109914.0, 26000.0], [109912.5, 30000.0], [109912.0, 5770.0], [109911.0, 25000.0], [109910.0, 26240.0]], "asks": [[109929.5, 45660.0], [109932.0, 50000.0], [109932.5, 8640.0], [109935.5, 4210.0], [109936.0, 5090.0], [109938.5, 3000.0], [109939.0, 6000.0], [109940.0, 7200.0], [109940.5, 24070.0], [109941.0, 20.0], [109941.5, 20.0], [109943.0, 5000.0], [109947.0, 9500.0], [109947.5, 20.0], [109948.0, 20.0], [109948.5, 20.0], [109949.0, 18020.0], [109949.5, 20.0], [109950.0, 5840.0], [109950.5, 71050.0]]}}}
{"jsonrpc": "2.0", "method": "subscription", "params": {"channel": "book.BTC-PERPETUAL.none.20.100ms", "data": {"timestamp": 1761906084486, "change_id": 124515674196, "instrument_name": "BTC-PERPETUAL", "bids": [[109929.0, 530650.0], [109926.0, 20.0], [109925.5, 11020.0], [109925.0, 54880.0], [109924.5, 127720.0], [109924.0, 20.0], [109923.5, 11020.0], [109923.0, 45020.0], [109922.5, 20.0], [109922.0, 2500.0], [109920.5, 2370.0], [109918.0, 7940.0], [109917.5, 36590.0], [109916.0, 68000.0], [109915.5, 5000.0], [109914.0, 26000.0], [109912.5, 30000.0], [109912.0, 5770.0], [109911.0, 25000.0], [109910.0, 26240.0]], "asks": [[109929.5, 45660.0], [109932.0, 50000.0], [109932.5, 8640.0], [109935.5, 4210.0], [109936.0, 5090.0], [109938.5, 3000.0], [109939.0, 6000.0], [109940.0, 7200.0], [109940.5, 24070.0], [109941.0, 20.0], [109941.5, 20.0], [109943.0, 5000.0], [109947.0, 9500.0], [109947.5, 20.0], [109948.0, 20.0], [109948.5, 20.0], [109949.0, 18020.0], [109949.5, 20.0], [109950.0, 5840.0], [109950.5, 71050.0]]}}}
{"jsonrpc": "2.0", "method": "subscription", "params": {"channel": "book.BTC-PERPETUAL.none.20.100ms", "data": {"timestamp": 1761906084861, "change_id": 124515674627, "instrument_name": "BTC-PERPETUAL", "bids": [[109929.0, 525950.0], [109925.5, 11020.0], [109925.0, 54860.0], [109924.5, 127720.0], [109924.0, 20.0], [109923.5, 11020.0], [109923.0, 45020.0], [109922.5, 20.0], [109922.0, 2500.0], [109920.5, 2370.0], [109918.0, 7940.0], [109917.5, 36590.0], [109916.0, 68000.0], [109915.5, 5000.0], [109913.0, 26000.0], [109912.5, 30000.0], [109912.0, 5770.0], [109911.0, 25000.0], [109910.0, 26240.0], [109909.5, 87920.0]], "asks": [[109929.5, 45660.0], [109932.0, 50000.0], [109932.5, 8640.0], [109935.5, 4210.0], [109936.0, 5090.0], [109938.5, 3000.0], [109939.0, 6000.0], [109940.0, 7200.0], [109940.5, 24070.0], [109941.0, 20.0], [109941.5, 20.0], [109943.0, 5000.0], [109947.0, 9500.0], [109948.0, 20.0], [109948.5, 20.0], [109949.0, 18020.0], [109949.5, 20.0], [109950.0, 5840.0], [109950.5, 71050.0], [109951.0, 11000.0]]}}}
{"jsonrpc": "2.0", "method": "subscription", "params": {"channel": "book.BTC-PERPETUAL.none.20.100ms", "data": {"timestamp": 1761906085212, "change_id": 124515675362, "instrument_name": "BTC-PERPETUAL", "bids": [[109929.0, 383260.0], [109926.0, 9240.0], [109925.0, 3280.0], [109924.0, 11000.0], [109923.0, 6400.0], [109922.5, 11000.0], [109922.0, 2500.0], [109918.0, 7940.0], [109917.5, 36590.0], [109916.0, 68000.0], [109913.0, 26000.0], [109912.5, 30000.0], [109912.0, 5770.0], [109911.5, 47140.0], [109911.0, 45000.0], [109909.5, 87920.0], [109906.5, 42910.0], [109906.0, 87920.0], [109905.5, 10960.0], [109903.0, 40610.0]], "asks": [[109929.5, 107310.0], [109930.0, 50000.0], [109931.0, 1790.0], [109931.5, 6000.0], [109935.0, 5120.0], [109935.5, 9060.0], [109936.0, 5090.0], [109938.5, 3000.0], [109940.0, 7200.0], [109940.5, 29840.0], [109941.0, 20.0], [109941.5, 20.0], [109947.0, 15440.0], [109948.0, 20.0], [109948.5, 20.0], [109949.0, 18020.0], [109949.5, 11020.0], [109950.0, 70.0], [109950.5, 86050.0], [109951.0, 11020.0]]}}}
{"jsonrpc": "2.0", "method": "subscription", "params": {"channel": "book.BTC-PERPETUAL.none.20.100ms", "data": {"timestamp": 1761906085533, "change_id": 124515676353, "instrument_name": "BTC-PERPETUAL", "bids": [[109929.0, 303970.0], [109928.0, 2500.0], [109923.0, 6100.0], [109922.0, 2700.0], [109918.5, 9740.0], [109918.0, 7960.0], [109917.5, 20.0], [109917.0, 20.0], [109916.5, 22040.0], [109916.0, 68000.0], [109914.0, 11000.0], [109912.5, 11000.0], [109912.0, 5770.0], [109911.5, 47140.0], [109911.0, 45000.0], [109909.5, 87920.0], [109906.5, 42910.0], [109906.0, 87920.0], [109905.5, 7940.0], [109903.0, 66610.0]], "asks": [[109929.5, 146890.0], [109931.0, 1790.0], [109931.5, 6000.0], [109935.0, 10130.0], [109935.5, 9060.0], [109936.0, 5090.0], [109938.5, 3000.0], [109939.5, 50870.0], [109940.0, 30010.0], [109940.5, 24070.0], [109941.0, 20.0], [109941.5, 20.0], [109942.5, 37500.0], [109943.0, 45000.0], [109946.0, 54380.0], [109946.5, 200.0], [109947.5, 77000.0], [109948.0, 20.0], [109948.5, 61640.0], [109949.0, 18020.0]]}}}
{"jsonrpc": "2.0", "method": "subscription", "params": {"channel": "book.BTC-PERPETUAL.none.20.100ms", "data": {"timestamp": 1761906085871, "change_id": 124515676821, "instrument_name": "BTC-PERPETUAL", "bids": [[109929.0, 304150.0], [109928.0, 2500.0], [109923.0, 19530.0], [109922.0, 2700.0], [109920.0, 500.0], [109919.5, 45000.0], [109919.0, 20.0], [109918.5, 9260.0], [109918.0, 7960.0], [109916.5, 22020.0], [109916.0, 68000.0], [109915.0, 11000.0], [109913.5, 11000.0], [109912.0, 5770.0], [109911.5, 26240.0], [109909.5, 87920.0], [109906.5, 62740.0], [109906.0, 87920.0], [109905.5, 7940.0], [109905.0, 25000.0]], "asks": [[109929.5, 170970.0], [109931.0, 1790.0], [109931.5, 6000.0], [109935.0, 6840.0], [109935.5, 9060.0], [109936.0, 5090.0], [109936.5, 5770.0], [109938.0, 5000.0], [109938.5, 3000.0], [109939.5, 39870.0], [109940.0, 11000.0], [109940.5, 24070.0], [109941.0, 20.0], [109941.5, 20.0], [109942.0, 56010.0], [109942.5, 11020.0], [109943.0, 45000.0], [109944.5, 500.0], [109946.0, 43400.0], [109946.5, 200.0]]}}}
{"jsonrpc": "2.0", "method": "subscription", "params": {"channel": "book.BTC-PERPETUAL.none.20.100ms", "data": {"timestamp": 1761906086171, "change_id": 124515677438, "instrument_name": "BTC-PERPETUAL", "bids": [[109929.0, 267990.0], [109928.0, 2500.0], [109923.0, 19530.0], [109922.0, 2500.0], [109919.5, 45000.0], [109918.0, 7940.0], [109916.5, 22020.0], [109916.0, 68200.0], [109913.5, 9740.0], [109913.0, 20.0], [109912.5, 20.0], [109912.0, 5790.0], [109911.5, 26260.0], [109911.0, 20.0], [109910.5, 20.0], [109910.0, 11000.0], [109909.5, 87920.0], [109907.0, 11000.0], [109906.5, 62740.0], [109906.0, 87920.0]], "asks": [[109929.5, 175250.0], [109930.0, 3500.0], [109931.0, 1790.0], [109931.5, 6000.0], [109934.5, 11000.0], [109935.0, 39310.0], [109935.5, 26000.0], [109936.0, 5090.0], [109936.5, 5770.0], [109937.5, 18500.0], [109938.0, 61620.0], [109938.5, 13190.0], [109939.0, 30010.0], [109939.5, 26290.0], [109940.0, 11000.0], [109940.5, 32030.0], [109941.0, 20.0], [109941.5, 20.0], [109942.5, 20.0], [109943.0, 45000.0]]}}}
{"jsonrpc": "2.0", "method": "subscription", "params": {"channel": "book.BTC-PERPETUAL.none.20.100ms", "data": {"timestamp": 1761906086503, "change_id": 124515678029, "instrument_name": "BTC-PERPETUAL", "bids": [[109929.0, 387210.0], [109928.0, 2500.0], [109923.0, 19530.0], [109922.0, 2500.0], [109919.5, 45000.0], [109918.5, 500.0], [109918.0, 7940.0], [109917.0, 9260.0], [109916.5, 22040.0], [109916.0, 68220.0], [109913.0, 20.0], [109912.5, 11020.0], [109912.0, 5790.0], [109911.5, 26260.0], [109910.5, 11000.0], [109909.5, 87920.0], [109906.5, 44050.0], [109906.0, 87920.0], [109905.5, 7940.0], [109903.0, 40610.0]], "asks": [[109929.5, 177800.0], [109930.0, 3500.0], [109931.0, 17170.0], [109931.5, 6000.0], [109933.0, 5770.0], [109934.0, 52300.0], [109935.0, 21950.0], [109935.5, 5000.0], [109936.0, 11000.0], [109937.5, 18000.0], [109938.0, 26000.0], [109938.5, 13190.0], [109939.0, 6570.0], [109939.5, 41330.0], [109940.0, 11000.0], [109940.5, 32030.0], [109941.0, 20.0], [109941.5, 30030.0], [109942.0, 62120.0], [109942.5, 20.0]]}}}
{"jsonrpc": "2.0", "method": "subscription", "params": {"channel": "book.BTC-PERPETUAL.none.20.100ms", "data": {"timestamp": 1761906086861, "change_id": 124515678490, "instrument_name": "BTC-PERPETUAL", "bids": [[109929.0, 387210.0], [109928.0, 2500.0], [109923.0, 19530.0], [109922.0, 2500.0], [109919.5, 45000.0], [109918.5, 500.0], [109918.0, 7940.0], [109916.5, 22040.0], [109916.0, 68220.0], [109913.0, 9260.0], [109912.5, 11020.0], [109912.0, 5790.0], [109911.5, 26260.0], [109910.0, 11000.0], [109909.5, 87920.0], [109906.5, 62590.0], [109906.0, 87920.0], [109905.5, 7940.0], [109903.0, 40610.0], [109902.5, 8820.0]], "asks": [[109929.5, 177750.0], [109930.0, 3500.0], [109931.0, 17170.0], [109931.5, 6000.0], [109934.0, 58070.0], [109934.5, 11000.0], [109935.0, 21950.0], [109935.5, 5000.0], [109937.5, 18000.0], [109938.0, 26000.0], [109938.5, 13190.0], [109939.0, 6570.0], [109939.5, 41330.0], [109940.0, 11000.0], [109940.5, 32030.0], [109941.0, 20.0], [109941.5, 30530.0], [109942.0, 61620.0], [109942.5, 20.0], [109943.0, 45000.0]]}}}
{"jsonrpc": "2.0", "method": "subscription", "params": {"channel": "book.BTC-PERPETUAL.none.20.100ms", "data": {"timestamp": 1761906087152, "change_id": 124515678968, "instrument_name": "BTC-PERPETUAL", "bids": [[109929.0, 263090.0], [109928.0, 2500.0], [109923.0, 19530.0], [109922.0, 2500.0], [109919.5, 45000.0], [109918.0, 7940.0], [109917.0, 500.0], [109916.5, 22020.0], [109916.0, 68220.0], [109915.5, 20.0], [109915.0, 20.0], [109914.5, 20.0], [109914.0, 20.0], [109913.5, 20.0], [109913.0, 9260.0], [109912.5, 11000.0], [109912.0, 5770.0], [109911.5, 3280.0], [109907.0, 11000.0], [109906.5, 62590.0]], "asks": [[109929.5, 187840.0], [109930.0, 3500.0], [109931.0, 17170.0], [109931.5, 6000.0], [109934.0, 58070.0], [109934.5, 16000.0], [109935.0, 21950.0], [109937.5, 18020.0], [109938.0, 26020.0], [109938.5, 13210.0], [109939.0, 6590.0], [109939.5, 41350.0], [109940.0, 41530.0], [109940.5, 32050.0], [109941.0, 40.0], [109941.5, 20.0], [109942.0, 61620.0], [109943.0, 45000.0], [109946.0, 27100.0], [109946.5, 200.0]]}}}
{"jsonrpc": "2.0", "method": "subscription", "params": {"channel": "book.BTC-PERPETUAL.none.20.100ms", "data": {"timestamp": 1761906087521, "change_id": 124515679513, "instrument_name": "BTC-PERPETUAL", "bids": [[109929.0, 263090.0], [109928.0, 2500.0], [109923.0, 19530.0], [109922.0, 2500.0], [109919.5, 45000.0], [109918.0, 7940.0], [109917.0, 500.0], [109916.5, 22020.0], [109916.0, 68200.0], [109914.0, 20.0], [109913.5, 20.0], [109913.0, 9260.0], [109912.5, 11020.0], [109912.0, 5770.0], [109907.5, 3280.0], [109907.0, 11000.0], [109906.5, 44050.0], [109906.0, 87920.0], [109905.5, 7940.0], [109903.0, 40610.0]], "asks": [[109929.5, 246640.0], [109930.0, 3500.0], [109931.0, 11360.0], [109931.5, 6000.0], [109933.5, 26300.0], [109934.0, 5770.0], [109934.5, 11000.0], [109935.0, 21950.0], [109937.5, 18020.0], [109938.0, 26020.0], [109938.5, 13210.0], [109939.0, 6590.0], [109939.5, 41850.0], [109940.0, 41030.0], [109940.5, 32050.0], [109941.0, 40.0], [109941.5, 20.0], [109942.0, 61620.0], [109943.0, 45000.0], [109946.0, 27100.0]]}}}
{"jsonrpc": "2.0", "method": "subscription", "params": {"channel": "book.BTC-PERPETUAL.none.20.100ms", "data": {"timestamp": 1761906087856, "change_id": 124515679938, "instrument_name": "BTC-PERPETUAL", "bids": [[109929.0, 283090.0], [109928.0, 2500.0], [109923.0, 19530.0], [109922.0, 2500.0], [109919.5, 45000.0], [109918.0, 7940.0], [109917.0, 500.0], [109916.5, 22020.0], [109916.0, 68200.0], [109915.0, 20.0], [109914.5, 20.0], [109914.0, 20.0], [109913.5, 20.0], [109913.0, 9260.0], [109912.5, 11020.0], [109912.0, 5790.0], [109907.5, 3280.0], [109907.0, 11000.0], [109906.5, 44050.0], [109906.0, 87920.0]], "asks": [[109929.5, 246640.0], [109930.0, 3500.0], [109931.0, 11360.0], [109931.5, 6000.0], [109933.5, 26300.0], [109934.0, 5770.0], [109934.5, 11000.0], [109935.0, 44390.0], [109937.0, 26000.0], [109937.5, 18020.0], [109938.0, 20.0], [109938.5, 13210.0], [109939.0, 83590.0], [109939.5, 41350.0], [109940.0, 11520.0], [109940.5, 32050.0], [109941.0, 20.0], [109941.5, 30030.0], [109942.0, 61620.0], [109943.0, 45000.0]]}}}
{"jsonrpc": "2.0", "method": "subscription", "params": {"channel": "book.BTC-PERPETUAL.none.20.100ms", "data": {"timestamp": 1761906088183, "change_id": 124515680700, "instrument_name": "BTC-PERPETUAL", "bids": [[109929.0, 291250.0], [109928.5, 3650.0], [109928.0, 2500.0], [109923.5, 9740.0], [109923.0, 19530.0], [109922.0, 2500.0], [109919.5, 45020.0], [109919.0, 20.0], [109918.5, 20.0], [109918.0, 7960.0], [109917.5, 20.0], [109917.0, 11020.0], [109916.5, 22040.0], [109916.0, 68020.0], [109912.5, 11000.0], [109912.0, 5770.0], [109908.5, 15570.0], [109908.0, 30000.0], [109907.0, 26000.0], [109906.5, 44050.0]], "asks": [[109929.5, 110200.0], [109931.0, 1790.0], [109931.5, 6000.0], [109935.0, 5900.0], [109938.5, 18190.0], [109939.0, 6570.0], [109940.0, 13760.0], [109940.5, 24070.0], [109941.0, 11020.0], [109941.5, 20.0], [109942.5, 11000.0], [109945.0, 58610.0], [109945.5, 26000.0], [109946.5, 200.0], [109949.0, 95000.0], [109950.0, 92180.0], [109951.0, 38760.0], [109951.5, 40610.0], [109954.5, 25540.0], [109955.5, 7930.0]]}}}
{"jsonrpc": "2.0", "method": "subscription", "params": {"channel": "book.BTC-PERPETUAL.none.20.100ms", "data": {"timestamp": 1761906088512, "change_id": 124515681224, "instrument_name": "BTC-PERPETUAL", "bids": [[109929.0, 427090.0], [109928.5, 3650.0], [109928.0, 2500.0], [109924.0, 500.0], [109923.5, 9240.0], [109923.0, 19530.0], [109922.0, 2500.0], [109919.5, 45020.0], [109919.0, 20.0], [109918.5, 20.0], [109918.0, 7960.0], [109917.5, 20.0], [109917.0, 11020.0], [109916.5, 22040.0], [109916.0, 68020.0], [109912.5, 11000.0], [109912.0, 5770.0], [109909.5, 15720.0], [109907.5, 30000.0], [109907.0, 26000.0]], "asks": [[109929.5, 110200.0], [109930.5, 8600.0], [109931.0, 22800.0], [109931.5, 6000.0], [109935.0, 5900.0], [109938.5, 13190.0], [109939.0, 6570.0], [109940.0, 21490.0], [109940.5, 29840.0], [109941.0, 20.0], [109941.5, 20.0], [109944.0, 11000.0], [109944.5, 37000.0], [109945.0, 58610.0], [109946.5, 200.0], [109948.5, 30510.0], [109949.0, 95000.0], [109950.0, 61670.0], [109951.0, 38760.0], [109951.5, 40610.0]]}}}
{"jsonrpc": "2.0", "method": "subscription", "params": {"channel": "book.BTC-PERPETUAL.none.20.100ms", "data": {"timestamp": 1761906088826, "change_id": 124515681704, "instrument_name": "BTC-PERPETUAL", "bids": [[109929.0, 398930.0], [109928.0, 2500.0], [109923.0, 19730.0], [109922.0, 2500.0], [109919.5, 45000.0], [109918.0, 7940.0], [109917.5, 20.0], [109917.0, 9760.0], [109916.5, 22040.0], [109916.0, 68020.0], [109912.5, 22000.0], [109912.0, 5770.0], [109906.5, 62000.0], [109906.0, 87920.0], [109905.5, 7940.0], [109904.5, 5000.0], [109904.0, 18000.0], [109903.0, 40610.0], [109902.5, 8820.0], [109901.0, 27270.0]], "asks": [[109929.5, 122490.0], [109930.5, 8600.0], [109931.0, 22800.0], [109931.5, 6000.0], [109935.0, 12910.0], [109937.5, 5770.0], [109938.0, 11000.0], [109938.5, 13190.0], [109939.0, 6570.0], [109939.5, 26000.0], [109940.0, 47090.0], [109940.5, 32030.0], [109941.0, 20.0], [109941.5, 20.0], [109943.0, 500.0], [109943.5, 61620.0], [109944.0, 30010.0], [109944.5, 11000.0], [109945.0, 73430.0], [109946.5, 200.0]]}}}
{"jsonrpc": "2.0", "method": "subscription", "params": {"channel": "book.BTC-PERPETUAL.none.20.100ms", "data": {"timestamp": 1761906089179, "change_id": 124515682141, "instrument_name": "BTC-PERPETUAL", "bids": [[109929.0, 418930.0], [109928.0, 2500.0], [109923.0, 19730.0], [109922.0, 2500.0], [109919.5, 45000.0], [109918.5, 500.0], [109918.0, 7940.0], [109917.5, 20.0], [109917.0, 9260.0], [109916.5, 22040.0], [109916.0, 68020.0], [109912.5, 22000.0], [109912.0, 5770.0], [109906.5, 62000.0], [109906.0, 87920.0], [109905.5, 7940.0], [109904.0, 18000.0], [109903.5, 30000.0], [109903.0, 40610.0], [109902.5, 8820.0]], "asks": [[109929.5, 122490.0], [109930.5, 1790.0], [109931.5, 6000.0], [109935.0, 12910.0], [109937.5, 5770.0], [109938.0, 11000.0], [109938.5, 13190.0], [109939.0, 6570.0], [109939.5, 26000.0], [109940.0, 70750.0], [109940.5, 32050.0], [109941.0, 77020.0], [109941.5, 20.0], [109942.0, 500.0], [109942.5, 11000.0], [109943.5, 61620.0], [109944.5, 30010.0], [109945.0, 50450.0], [109946.5, 200.0], [109949.0, 18000.0]]}}}
{"jsonrpc": "2.0", "method": "subscription", "params": {"channel": "book.BTC-PERPETUAL.none.20.100ms", "data": {"timestamp": 1761906089504, "change_id": 124515682623, "instrument_name": "BTC-PERPETUAL", "bids": [[109929.0, 424190.0], [109928.0, 2500.0], [109923.0, 19730.0], [109922.0, 2500.0], [109920.0, 500.0], [109919.5, 45000.0], [109918.5, 9240.0], [109918.0, 7940.0], [109917.0, 20.0], [109916.5, 22040.0], [109916.0, 68020.0], [109915.5, 20.0], [109912.5, 22000.0], [109912.0, 5770.0], [109906.5, 62000.0], [109906.0, 87920.0], [109905.5, 7940.0], [109904.0, 18000.0], [109903.5, 56000.0], [109903.0, 40610.0]], "asks": [[109929.5, 122390.0], [109930.0, 1790.0], [109931.5, 6000.0], [109935.0, 12400.0], [109936.5, 5000.0], [109937.5, 5770.0], [109938.5, 13190.0], [109939.0, 17570.0], [109940.0, 70750.0], [109940.5, 58030.0], [109941.0, 77020.0], [109941.5, 40.0], [109942.0, 20.0], [109942.5, 11020.0], [109943.0, 520.0], [109944.5, 91630.0], [109945.0, 50450.0], [109946.5, 200.0], [109949.0, 18000.0], [109950.0, 50.0]]}}}
{"jsonrpc": "2.0", "method": "subscription", "params": {"channel": "book.BTC-PERPETUAL.none.20.100ms", "data": {"timestamp": 1761906089834, "change_id": 124515683017, "instrument_name": "BTC-PERPETUAL", "bids": [[109929.0, 440190.0], [109928.0, 2500.0], [109923.0, 19730.0], [109922.0, 2500.0], [109920.0, 500.0], [109919.5, 45000.0], [109918.5, 9240.0], [109918.0, 7940.0], [109917.0, 20.0], [109916.5, 22040.0], [109916.0, 68020.0], [109915.5, 20.0], [109912.5, 22000.0], [109912.0, 5770.0], [109906.5, 62000.0], [109906.0, 87920.0], [109905.5, 7940.0], [109904.0, 44000.0], [109903.5, 30000.0], [109903.0, 40610.0]], "asks": [[109929.5, 114490.0], [109930.0, 1790.0], [109931.5, 6000.0], [109934.5, 5770.0], [109935.0, 22220.0], [109936.5, 5000.0], [109937.5, 18000.0], [109938.5, 13190.0], [109939.0, 6570.0], [109939.5, 37000.0], [109940.0, 70750.0], [109940.5, 32030.0], [109941.0, 77020.0], [109941.5, 20.0], [109942.5, 500.0], [109943.0, 20.0], [109943.5, 11000.0], [109944.0, 91630.0], [109945.0, 50450.0], [109946.5, 200.0]]}}}
{"jsonrpc": "2.0", "method": "subscription", "params": {"channel": "book.BTC-PERPETUAL.none.20.100ms", "data": {"timestamp": 1761906090162, "change_id": 124515683385, "instrument_name": "BTC-PERPETUAL", "bids": [[109929.0, 440190.0], [109928.0, 2500.0], [109923.0, 19730.0], [109922.0, 2500.0], [109920.0, 500.0], [109919.5, 45000.0], [109918.5, 9240.0], [109918.0, 7940.0], [109917.0, 20.0], [109916.5, 22040.0], [109916.0, 68020.0], [109915.5, 20.0], [109912.5, 22000.0], [109912.0, 5770.0], [109906.5, 62000.0], [109906.0, 87920.0], [109905.5, 7940.0], [109904.5, 30000.0], [109904.0, 18000.0], [109903.0, 40610.0]], "asks": [[109929.5, 111280.0], [109930.0, 1790.0], [109931.5, 6000.0], [109935.0, 22220.0], [109936.5, 5000.0], [109937.5, 23770.0], [109938.0, 11000.0], [109938.5, 13190.0], [109939.0, 6570.0], [109939.5, 26000.0], [109940.0, 70750.0], [109940.5, 32030.0], [109941.0, 77020.0], [109941.5, 20.0], [109943.0, 520.0], [109943.5, 11000.0], [109944.0, 61620.0], [109945.0, 58710.0], [109946.5, 200.0], [109948.5, 30010.0]]}}}
{"jsonrpc": "2.0", "method": "subscription", "params": {"channel": "book.BTC-PERPETUAL.none.20.100ms", "data": {"timestamp": 1761906090493, "change_id": 124515683769, "instrument_name": "BTC-PERPETUAL", "bids": [[109929.0, 440190.0], [109928.0, 2500.0], [109923.0, 19730.0], [109922.0, 2500.0], [109920.0, 500.0], [109919.5, 45000.0], [109919.0, 20.0], [109918.5, 20.0], [109918.0, 7960.0], [109917.5, 20.0], [109917.0, 9260.0], [109916.5, 22040.0], [109916.0, 68020.0], [109915.5, 20.0], [109912.5, 22000.0], [109912.0, 5770.0], [109906.5, 62000.0], [109906.0, 87920.0], [109905.5, 7940.0], [109904.5, 30000.0]], "asks": [[109929.5, 129580.0], [109930.0, 8430.0], [109931.0, 23000.0], [109931.5, 6000.0], [109935.0, 22220.0], [109935.5, 5000.0], [109937.0, 11000.0], [109937.5, 23770.0], [109938.5, 13190.0], [109939.0, 6570.0], [109939.5, 26000.0], [109940.0, 70750.0], [109940.5, 32030.0], [109941.0, 77040.0], [109941.5, 40.0], [109942.0, 20.0], [109942.5, 20.0], [109943.0, 11520.0], [109943.5, 20.0], [109944.0, 61640.0]]}}}
{"jsonrpc": "2.0", "method": "subscription", "params": {"channel": "book.BTC-PERPETUAL.none.20.100ms", "data": {"timestamp": 1761906090818, "change_id": 124515684213, "instrument_name": "BTC-PERPETUAL", "bids": [[109929.0, 432050.0], [109928.0, 2500.0], [109923.5, 500.0], [109923.0, 19730.0], [109922.0, 2500.0], [109920.0, 9240.0], [109919.5, 45020.0], [109919.0, 20.0], [109918.5, 20.0], [109918.0, 7960.0], [109917.5, 20.0], [109917.0, 20.0], [109916.5, 33040.0], [109916.0, 68000.0], [109912.5, 11000.0], [109912.0, 5770.0], [109908.5, 8960.0], [109908.0, 30000.0], [109906.5, 62000.0], [109906.0, 87920.0]], "asks": [[109929.5, 111280.0], [109930.0, 1790.0], [109931.5, 6000.0], [109935.0, 12400.0], [109936.0, 5770.0], [109937.5, 18000.0], [109938.5, 13190.0], [109939.0, 11570.0], [109940.0, 81750.0], [109940.5, 24070.0], [109941.0, 77020.0], [109941.5, 20.0], [109942.0, 11000.0], [109942.5, 26000.0], [109944.0, 20.0], [109944.5, 20.0], [109945.0, 76200.0], [109946.5, 200.0], [109948.0, 500.0], [109948.5, 91630.0]]}}}
{"jsonrpc": "2.0", "method": "subscription", "params": {"channel": "book.BTC-PERPETUAL.none.20.100ms", "data": {"timestamp": 1761906091154, "change_id": 124515684608, "instrument_name": "BTC-PERPETUAL", "bids": [[109929.0, 432250.0], [109928.5, 3650.0], [109928.0, 2500.0], [109923.5, 9740.0], [109923.0, 19530.0], [109922.0, 2500.0], [109919.5, 45020.0], [109919.0, 20.0], [109918.5, 11020.0], [109918.0, 7960.0], [109917.5, 20.0], [109917.0, 20.0], [109916.5, 33040.0], [109916.0, 68000.0], [109912.0, 5770.0], [109909.5, 15570.0], [109907.0, 56000.0], [109906.5, 62000.0], [109906.0, 87920.0], [109905.5, 7940.0]], "asks": [[109929.5, 111280.0], [109930.0, 1790.0], [109931.5, 6000.0], [109935.0, 12400.0], [109936.0, 5770.0], [109937.5, 18000.0], [109938.5, 13190.0], [109939.0, 11570.0], [109940.0, 70750.0], [109940.5, 24070.0], [109941.0, 77020.0], [109941.5, 20.0], [109944.5, 48000.0], [109945.0, 76200.0], [109946.5, 200.0], [109948.0, 500.0], [109948.5, 91630.0], [109949.0, 18000.0], [109950.0, 50.0], [109951.0, 23900.0]]}}}
{"jsonrpc": "2.0", "method": "subscription", "params": {"channel": "book.BTC-PERPETUAL.none.20.100ms", "data": {"timestamp": 1761906091481, "change_id": 124515685037, "instrument_name": "BTC-PERPETUAL", "bids": [[109929.0, 432250.0], [109928.5, 3650.0], [109928.0, 2500.0], [109924.0, 500.0], [109923.5, 9240.0], [109923.0, 19530.0], [109922.0, 2500.0], [109919.5, 45020.0], [109919.0, 20.0], [109918.5, 20.0], [109918.0, 7960.0], [109917.5, 20.0], [109917.0, 11020.0], [109916.5, 33040.0], [109916.0, 68000.0], [109912.0, 5770.0], [109909.5, 15570.0], [109907.5, 30000.0], [109907.0, 26000.0], [109906.5, 62000.0]], "asks": [[109929.5, 111280.0], [109930.0, 1790.0], [109931.5, 6000.0], [109935.0, 12400.0], [109936.0, 5770.0], [109937.5, 18000.0], [109938.5, 13190.0], [109939.0, 11570.0], [109940.0, 70750.0], [109940.5, 24070.0], [109941.0, 77020.0], [109941.5, 20.0], [109944.5, 48000.0], [109945.0, 76200.0], [109946.5, 200.0], [109948.0, 500.0], [109948.5, 30010.0], [109949.0, 18000.0], [109950.0, 50.0], [109950.5, 61620.0]]}}}
{"jsonrpc": "2.0", "method": "subscription", "params": {"channel": "book.BTC-PERPETUAL.none.20.100ms", "data": {"timestamp": 1761906091809, "change_id": 124515685322, "instrument_name": "BTC-PERPETUAL", "bids": [[109929.0, 432250.0], [109928.0, 2500.0], [109924.0, 500.0], [109923.0, 19530.0], [109922.5, 20.0], [109922.0, 2520.0], [109921.5, 20.0], [109921.0, 20.0], [109920.5, 20.0], [109920.0, 9260.0], [109919.5, 45020.0], [109919.0, 20.0], [109918.0, 7940.0], [109917.0, 11000.0], [109916.5, 22020.0], [109916.0, 68000.0], [109912.5, 11000.0], [109912.0, 5770.0], [109909.5, 8960.0], [109907.5, 30000.0]], "asks": [[109929.5, 111280.0], [109930.0, 1790.0], [109931.5, 6000.0], [109935.0, 12400.0], [109937.5, 23770.0], [109938.0, 5000.0], [109938.5, 13190.0], [109939.0, 6570.0], [109940.0, 47090.0], [109940.5, 35070.0], [109941.0, 77020.0], [109941.5, 20.0], [109944.5, 37000.0], [109945.0, 76220.0], [109945.5, 20.0], [109946.0, 20.0], [109946.5, 220.0], [109947.0, 20.0], [109947.5, 20.0], [109948.0, 500.0]]}}}
{"jsonrpc": "2.0", "method": "subscription", "params": {"channel": "book.BTC-PERPETUAL.none.20.100ms", "data": {"timestamp": 1761906092148, "change_id": 124515685777, "instrument_name": "BTC-PERPETUAL", "bids": [[109929.0, 432250.0], [109928.0, 2500.0], [109923.5, 500.0], [109923.0, 19530.0], [109922.5, 20.0], [109922.0, 2520.0], [109921.5, 20.0], [109921.0, 20.0], [109920.5, 20.0], [109920.0, 9260.0], [109919.5, 45020.0], [109919.0, 20.0], [109918.0, 7940.0], [109916.5, 33020.0], [109916.0, 68000.0], [109912.5, 11000.0], [109912.0, 5770.0], [109907.5, 8960.0], [109907.0, 30000.0], [109906.5, 62000.0]], "asks": [[109929.5, 111280.0], [109930.0, 1790.0], [109931.5, 6000.0], [109935.0, 12400.0], [109937.5, 23770.0], [109938.5, 13190.0], [109939.0, 6570.0], [109940.0, 47090.0], [109940.5, 35070.0], [109941.0, 77020.0], [109941.5, 20.0], [109944.5, 37000.0], [109945.0, 76220.0], [109945.5, 20.0], [109946.0, 20.0], [109946.5, 720.0], [109947.0, 61640.0], [109947.5, 20.0], [109948.5, 30010.0], [109949.0, 18000.0]]}}}
{"jsonrpc": "2.0", "method": "subscription", "params": {"channel": "book.BTC-PERPETUAL.none.20.100ms", "data": {"timestamp": 1761906092479, "change_id": 124515686190, "instrument_name": "BTC-PERPETUAL", "bids": [[109929.0, 307250.0], [109928.0, 2500.0], [109923.5, 500.0], [109923.0, 19530.0], [109922.0, 2500.0], [109920.5, 20.0], [109920.0, 9260.0], [109919.5, 45020.0], [109919.0, 20.0], [109918.0, 7940.0], [109916.5, 22020.0], [109916.0, 68000.0], [109913.0, 11000.0], [109912.5, 11000.0], [109912.0, 5770.0], [109909.5, 8960.0], [109909.0, 30000.0], [109906.5, 62000.0], [109906.0, 87920.0], [109905.5, 7940.0]], "asks": [[109929.5, 111280.0], [109930.0, 1790.0], [109931.5, 6000.0], [109935.0, 12400.0], [109937.5, 23770.0], [109938.5, 13190.0], [109939.0, 6570.0], [109939.5, 11000.0], [109940.0, 52090.0], [109940.5, 24070.0], [109941.0, 77020.0], [109941.5, 20.0], [109942.5, 20.0], [109943.0, 20.0], [109943.5, 20.0], [109944.0, 20.0], [109944.5, 37020.0], [109945.0, 76220.0], [109945.5, 20.0], [109946.0, 20.0]]}}}
{"jsonrpc": "2.0", "method": "subscription", "params": {"channel": "book.BTC-PERPETUAL.none.20.100ms", "data": {"timestamp": 1761906092815, "change_id": 124515687004, "instrument_name": "BTC-PERPETUAL", "bids": [[109929.0, 375820.0], [109928.5, 6860.0], [109928.0, 2500.0], [109924.5, 11000.0], [109924.0, 20.0], [109923.5, 11020.0], [109923.0, 3140.0], [109922.0, 2500.0], [109918.0, 7940.0], [109917.5, 38740.0], [109917.0, 26000.0], [109916.5, 30000.0], [109916.0, 68000.0], [109912.0, 5770.0], [109908.5, 7460.0], [109907.5, 25000.0], [109906.5, 62000.0], [109906.0, 87920.0], [109905.5, 7940.0], [109904.0, 18000.0]], "asks": [[109929.5, 45930.0], [109931.0, 50000.0], [109931.5, 6000.0], [109938.0, 5900.0], [109938.5, 13190.0], [109939.0, 6570.0], [109940.0, 7200.0], [109940.5, 24070.0], [109941.0, 20.0], [109941.5, 20.0], [109945.0, 13670.0], [109945.5, 5770.0], [109949.0, 18000.0], [109950.0, 11050.0], [109951.0, 37650.0], [109951.5, 40610.0], [109953.5, 11000.0], [109954.0, 500.0], [109954.5, 25540.0], [109955.0, 26000.0]]}}}
{"jsonrpc": "2.0", "method": "subscription", "params": {"channel": "book.BTC-PERPETUAL.none.20.100ms", "data": {"timestamp": 1761906093139, "change_id": 124515687523, "instrument_name": "BTC-PERPETUAL", "bids": [[109929.0, 375820.0], [109928.5, 3680.0], [109928.0, 2500.0], [109924.0, 20.0], [109923.5, 11020.0], [109923.0, 20220.0], [109922.5, 11000.0], [109922.0, 2500.0], [109918.0, 37940.0], [109917.5, 38740.0], [109916.5, 26000.0], [109916.0, 68000.0], [109912.5, 3020.0], [109912.0, 5770.0], [109910.0, 8960.0], [109909.5, 30000.0], [109906.5, 62000.0], [109906.0, 87920.0], [109905.5, 7940.0], [109904.0, 18000.0]], "asks": [[109929.5, 45930.0], [109931.0, 50000.0], [109931.5, 6000.0], [109938.0, 5900.0], [109938.5, 13190.0], [109939.0, 6570.0], [109940.0, 7200.0], [109940.5, 24070.0], [109941.0, 20.0], [109941.5, 20.0], [109945.0, 8670.0], [109945.5, 5770.0], [109946.0, 5000.0], [109949.0, 18000.0], [109950.0, 50.0], [109950.5, 11000.0], [109951.0, 34900.0], [109951.5, 40610.0], [109954.0, 26000.0], [109954.5, 25540.0]]}}}
{"jsonrpc": "2.0", "method": "subscription", "params": {"channel": "book.BTC-PERPETUAL.none.20.100ms", "data": {"timestamp": 1761906093468, "change_id": 124515688265, "instrument_name": "BTC-PERPETUAL", "bids": [[109929.0, 525520.0], [109928.0, 2500.0], [109927.0, 20.0], [109926.5, 20.0], [109926.0, 20.0], [109925.5, 20.0], [109925.0, 20.0], [109924.5, 20.0], [109924.0, 20.0], [109923.0, 11670.0], [109922.0, 2500.0], [109918.5, 30000.0], [109918.0, 7940.0], [109917.5, 38740.0], [109916.5, 26000.0], [109916.0, 68000.0], [109912.5, 3020.0], [109912.0, 5770.0], [109910.0, 8960.0], [109909.5, 30000.0]], "asks": [[109929.5, 45930.0], [109937.5, 50000.0], [109938.5, 13190.0], [109939.0, 6570.0], [109939.5, 6000.0], [109940.0, 7200.0], [109940.5, 24070.0], [109941.0, 20.0], [109941.5, 20.0], [109945.0, 5390.0], [109949.0, 18000.0], [109950.0, 50.0], [109951.0, 23900.0], [109951.5, 40610.0], [109954.5, 25540.0], [109955.0, 11000.0], [109955.5, 7930.0], [109956.0, 33330.0], [109956.5, 45000.0], [109957.5, 37000.0]]}}}
{"jsonrpc": "2.0", "method": "subscription", "params": {"channel": "book.BTC-PERPETUAL.none.20.100ms", "data": {"timestamp": 1761906093807, "change_id": 124515689060, "instrument_name": "BTC-PERPETUAL", "bids": [[109929.0, 432790.0], [109928.5, 3500.0], [109928.0, 2500.0], [109924.5, 9740.0], [109923.0, 34380.0], [109922.0, 2500.0], [109921.5, 16000.0], [109919.0, 22000.0], [109918.0, 7940.0], [109917.5, 67920.0], [109916.0, 68000.0], [109912.5, 3020.0], [109912.0, 5770.0], [109911.0, 17860.0], [109910.0, 30000.0], [109909.5, 5000.0], [109907.0, 26000.0], [109906.5, 64790.0], [109906.0, 87920.0], [109905.5, 7940.0]], "asks": [[109929.5, 134520.0], [109930.0, 50000.0], [109937.5, 5900.0], [109938.5, 13190.0], [109939.0, 6570.0], [109941.0, 20.0], [109941.5, 20.0], [109942.0, 11390.0], [109942.5, 24520.0], [109944.5, 42770.0], [109946.0, 20.0], [109946.5, 20.0], [109947.5, 45000.0], [109948.5, 11000.0], [109949.0, 18000.0], [109950.0, 62170.0], [109951.0, 39320.0], [109951.5, 70620.0], [109954.5, 25540.0], [109955.5, 7930.0]]}}}
{"jsonrpc": "2.0", "method": "subscription", "params": {"channel": "book.BTC-PERPETUAL.none.20.100ms", "data": {"timestamp": 1761906094136, "change_id": 124515689962, "instrument_name": "BTC-PERPETUAL", "bids": [[109929.0, 434850.0], [109928.0, 2500.0], [109923.0, 19830.0], [109922.5, 700.0], [109922.0, 2500.0], [109920.0, 9240.0], [109918.0, 7940.0], [109917.5, 67920.0], [109916.5, 22000.0], [109916.0, 68000.0], [109912.0, 5770.0], [109907.5, 9790.0], [109907.0, 30000.0], [109906.5, 62000.0], [109906.0, 87920.0], [109905.5, 7940.0], [109904.0, 105920.0], [109903.5, 5000.0], [109903.0, 66610.0], [109902.5, 8820.0]], "asks": [[109929.5, 246350.0], [109932.0, 1790.0], [109932.5, 6000.0], [109935.0, 16280.0], [109935.5, 5770.0], [109938.0, 18000.0], [109938.5, 18190.0], [109939.0, 6570.0], [109939.5, 18520.0], [109941.0, 11020.0], [109941.5, 26020.0], [109942.5, 24520.0], [109944.0, 11000.0], [109945.0, 35240.0], [109946.0, 20.0], [109946.5, 220.0], [109947.0, 62120.0], [109947.5, 45000.0], [109948.5, 30010.0], [109949.0, 18000.0]]}}}
{"jsonrpc": "2.0", "method": "subscription", "params": {"channel": "book.BTC-PERPETUAL.none.20.100ms", "data": {"timestamp": 1761906094430, "change_id": 124515690563, "instrument_name": "BTC-PERPETUAL", "bids": [[109929.0, 434850.0], [109928.0, 2500.0], [109923.0, 19830.0], [109922.5, 9440.0], [109922.0, 2500.0], [109919.0, 500.0], [109918.0, 7940.0], [109917.5, 67920.0], [109917.0, 11020.0], [109916.5, 11020.0], [109916.0, 68020.0], [109915.5, 20.0], [109915.0, 20.0], [109912.0, 5770.0], [109907.5, 15570.0], [109907.0, 26000.0], [109906.5, 115950.0], [109906.0, 87920.0], [109905.5, 7940.0], [109904.0, 105920.0]], "asks": [[109929.5, 246350.0], [109932.0, 1790.0], [109932.5, 6000.0], [109935.0, 16280.0], [109935.5, 5770.0], [109938.0, 18000.0], [109938.5, 13190.0], [109939.0, 6570.0], [109939.5, 18520.0], [109940.5, 20.0], [109941.0, 40.0], [109941.5, 40.0], [109942.0, 11020.0], [109942.5, 24540.0], [109943.0, 20.0], [109943.5, 26020.0], [109944.0, 11000.0], [109945.0, 64710.0], [109946.5, 700.0], [109947.0, 30010.0]]}}}
{"jsonrpc": "2.0", "method": "subscription", "params": {"channel": "book.BTC-PERPETUAL.none.20.100ms", "data": {"timestamp": 1761906094782, "change_id": 124515690834, "instrument_name": "BTC-PERPETUAL", "bids": [[109929.0, 434850.0], [109928.0, 2500.0], [109923.0, 19830.0], [109922.5, 9940.0], [109922.0, 2500.0], [109919.5, 20.0], [109919.0, 20.0], [109918.5, 20.0], [109918.0, 7960.0], [109917.5, 67940.0], [109917.0, 11020.0], [109916.5, 11020.0], [109916.0, 68020.0], [109912.0, 5770.0], [109908.0, 7760.0], [109907.5, 30000.0], [109906.5, 85950.0], [109906.0, 113920.0], [109905.5, 7940.0], [109904.0, 105920.0]], "asks": [[109929.5, 254350.0], [109932.0, 1790.0], [109932.5, 6000.0], [109935.0, 16280.0], [109935.5, 5770.0], [109938.0, 18000.0], [109938.5, 13190.0], [109939.0, 6570.0], [109939.5, 23520.0], [109941.0, 40.0], [109941.5, 11040.0], [109942.0, 20.0], [109942.5, 24540.0], [109943.0, 20.0], [109943.5, 26020.0], [109944.0, 11020.0], [109944.5, 20.0], [109945.0, 64710.0], [109946.0, 500.0], [109946.5, 200.0]]}}}
{"jsonrpc": "2.0", "method": "subscription", "params": {"channel": "book.BTC-PERPETUAL.none.20.100ms", "data": {"timestamp": 1761906095126, "change_id": 124515691374, "instrument_name": "BTC-PERPETUAL", "bids": [[109929.0, 307150.0], [109928.0, 2500.0], [109923.0, 19830.0], [109922.5, 200.0], [109922.0, 2500.0], [109918.5, 9240.0], [109918.0, 7940.0], [109917.5, 67920.0], [109917.0, 500.0], [109916.0, 68000.0], [109912.5, 22000.0], [109912.0, 5770.0], [109906.5, 85950.0], [109906.0, 87920.0], [109905.5, 7940.0], [109904.0, 105920.0], [109903.0, 96610.0], [109902.5, 8820.0], [109901.0, 2270.0], [109897.0, 65610.0]], "asks": [[109929.5, 266400.0], [109932.0, 1790.0], [109932.5, 6000.0], [109935.0, 16280.0], [109935.5, 5770.0], [109938.0, 18000.0], [109938.5, 24190.0], [109939.0, 6570.0], [109939.5, 36970.0], [109940.5, 7960.0], [109941.0, 26540.0], [109941.5, 40.0], [109942.0, 11020.0], [109942.5, 24540.0], [109943.0, 20.0], [109943.5, 20.0], [109944.0, 20.0], [109944.5, 30030.0], [109945.0, 41860.0], [109946.5, 61820.0]]}}}
{"jsonrpc": "2.0", "method": "subscription", "params": {"channel": "book.BTC-PERPETUAL.none.20.100ms", "data": {"timestamp": 1761906095459, "change_id": 124515691957, "instrument_name": "BTC-PERPETUAL", "bids": [[109929.0, 388890.0], [109928.0, 2500.0], [109923.0, 19830.0], [109922.5, 200.0], [109922.0, 2500.0], [109919.0, 500.0], [109918.5, 9240.0], [109918.0, 7940.0], [109917.5, 67920.0], [109916.0, 68020.0], [109915.5, 20.0], [109915.0, 20.0], [109914.5, 20.0], [109914.0, 20.0], [109913.5, 20.0], [109913.0, 11020.0], [109912.5, 11020.0], [109912.0, 5770.0], [109906.5, 85950.0], [109906.0, 117920.0]], "asks": [[109929.5, 257850.0], [109931.5, 12180.0], [109932.0, 34800.0], [109932.5, 6000.0], [109935.0, 23460.0], [109935.5, 5770.0], [109937.0, 5000.0], [109938.0, 18000.0], [109938.5, 24190.0], [109939.0, 6570.0], [109939.5, 27540.0], [109940.0, 26020.0], [109940.5, 7980.0], [109941.0, 40.0], [109941.5, 40.0], [109942.0, 11020.0], [109942.5, 24520.0], [109943.5, 500.0], [109945.0, 63860.0], [109946.5, 61820.0]]}}}
{"jsonrpc": "2.0", "method": "subscription", "params": {"channel": "book.BTC-PERPETUAL.none.20.100ms", "data": {"timestamp": 1761906095758, "change_id": 124515692160, "instrument_name": "BTC-PERPETUAL", "bids": [[109929.0, 388890.0], [109928.0, 2500.0], [109923.0, 19830.0], [109922.5, 200.0], [109922.0, 2500.0], [109919.0, 500.0], [109918.5, 9240.0], [109918.0, 7940.0], [109917.5, 67920.0], [109916.0, 68020.0], [109915.5, 20.0], [109915.0, 20.0], [109914.5, 20.0], [109914.0, 20.0], [109913.5, 20.0], [109913.0, 11020.0], [109912.5, 11020.0], [109912.0, 5770.0], [109907.0, 8960.0], [109906.5, 115950.0]], "asks": [[109929.5, 257850.0], [109931.5, 12180.0], [109932.0, 34800.0], [109932.5, 6000.0], [109935.0, 16280.0], [109935.5, 5770.0], [109938.0, 18000.0], [109938.5, 24190.0], [109939.0, 6570.0], [109939.5, 27540.0], [109940.0, 26020.0], [109940.5, 7980.0], [109941.0, 40.0], [109941.5, 40.0], [109942.0, 11020.0], [109942.5, 24520.0], [109944.5, 500.0], [109945.0, 63860.0], [109946.5, 61820.0], [109947.0, 30010.0]]}}}
{"jsonrpc": "2.0", "method": "subscription", "params": {"channel": "book.BTC-PERPETUAL.none.20.100ms", "data": {"timestamp": 1761906096103, "change_id": 124515692518, "instrument_name": "BTC-PERPETUAL", "bids": [[109929.0, 388890.0], [109928.0, 2500.0], [109923.0, 19830.0], [109922.5, 200.0], [109922.0, 2500.0], [109919.0, 500.0], [109918.5, 9240.0], [109918.0, 7940.0], [109917.5, 67920.0], [109916.0, 68020.0], [109915.5, 20.0], [109915.0, 20.0], [109914.5, 20.0], [109914.0, 20.0], [109913.5, 20.0], [109913.0, 11020.0], [109912.5, 11020.0], [109912.0, 5770.0], [109907.0, 8960.0], [109906.5, 115950.0]], "asks": [[109929.5, 257850.0], [109931.5, 12180.0], [109932.0, 34800.0], [109932.5, 6000.0], [109935.0, 16280.0], [109935.5, 5770.0], [109938.0, 18000.0], [109938.5, 24190.0], [109939.0, 6570.0], [109939.5, 27540.0], [109940.0, 26020.0], [109940.5, 7980.0], [109941.0, 40.0], [109941.5, 40.0], [109942.0, 11020.0], [109942.5, 24520.0], [109944.5, 500.0], [109945.0, 63860.0], [109946.5, 61820.0], [109947.0, 30010.0]]}}}
{"jsonrpc": "2.0", "method": "subscription", "params": {"channel": "book.BTC-PERPETUAL.none.20.100ms", "data": {"timestamp": 1761906096429, "change_id": 124515693147, "instrument_name": "BTC-PERPETUAL", "bids": [[109929.0, 388890.0], [109928.0, 2500.0], [109923.0, 19830.0], [109922.5, 200.0], [109922.0, 2500.0], [109919.0, 500.0], [109918.5, 9240.0], [109918.0, 7940.0], [109917.5, 67940.0], [109917.0, 20.0], [109916.5, 20.0], [109916.0, 68020.0], [109915.5, 20.0], [109915.0, 20.0], [109914.5, 20.0], [109914.0, 20.0], [109913.0, 11000.0], [109912.5, 11000.0], [109912.0, 5770.0], [109907.5, 8960.0]], "asks": [[109929.5, 257850.0], [109930.5, 6180.0], [109931.0, 14700.0], [109932.5, 6000.0], [109935.0, 16280.0], [109935.5, 5770.0], [109938.0, 18000.0], [109938.5, 50190.0], [109939.0, 6590.0], [109939.5, 9020.0], [109940.0, 20.0], [109940.5, 7980.0], [109941.0, 40.0], [109941.5, 40.0], [109942.0, 11020.0], [109942.5, 24540.0], [109944.5, 500.0], [109945.0, 63860.0], [109946.5, 61820.0], [109947.0, 30010.0]]}}}
{"jsonrpc": "2.0", "method": "subscription", "params": {"channel": "book.BTC-PERPETUAL.none.20.100ms", "data": {"timestamp": 1761906096773, "change_id": 124515693391, "instrument_name": "BTC-PERPETUAL", "bids": [[109929.0, 388890.0], [109928.0, 2500.0], [109923.0, 19830.0], [109922.5, 700.0], [109922.0, 2500.0], [109918.5, 9240.0], [109918.0, 7940.0], [109917.5, 67940.0], [109917.0, 20.0], [109916.5, 20.0], [109916.0, 68020.0], [109915.5, 20.0], [109915.0, 20.0], [109914.5, 20.0], [109914.0, 20.0], [109913.0, 11000.0], [109912.5, 11000.0], [109912.0, 5770.0], [109908.5, 8960.0], [109908.0, 30000.0]], "asks": [[109929.5, 254350.0], [109930.5, 1790.0], [109932.5, 6000.0], [109935.0, 16280.0], [109937.5, 5770.0], [109938.0, 18000.0], [109938.5, 24190.0], [109939.0, 6570.0], [109939.5, 24790.0], [109940.0, 20.0], [109940.5, 7980.0], [109941.0, 40.0], [109941.5, 26040.0], [109942.0, 11020.0], [109942.5, 24540.0], [109945.0, 63860.0], [109946.0, 500.0], [109946.5, 61820.0], [109947.5, 45000.0], [109948.5, 107010.0]]}}}
{"jsonrpc": "2.0", "method": "subscription", "params": {"channel": "book.BTC-PERPETUAL.none.20.100ms", "data": {"timestamp": 1761906097083, "change_id": 124515693780, "instrument_name": "BTC-PERPETUAL", "bids": [[109929.0, 388890.0], [109928.0, 2500.0], [109923.0, 19830.0], [109922.5, 200.0], [109922.0, 2500.0], [109920.5, 20.0], [109920.0, 20.0], [109919.5, 20.0], [109919.0, 520.0], [109918.5, 9260.0], [109918.0, 7960.0], [109917.5, 67940.0], [109917.0, 20.0], [109916.5, 11000.0], [109916.0, 68000.0], [109912.5, 11000.0], [109912.0, 5770.0], [109909.5, 8960.0], [109907.0, 30000.0], [109906.5, 85950.0]], "asks": [[109929.5, 254350.0], [109930.5, 1790.0], [109932.5, 6000.0], [109935.0, 16280.0], [109937.5, 5770.0], [109938.0, 18000.0], [109938.5, 13190.0], [109939.0, 6570.0], [109939.5, 24620.0], [109940.0, 11000.0], [109940.5, 7960.0], [109941.0, 20.0], [109941.5, 26020.0], [109942.0, 20.0], [109942.5, 24540.0], [109943.0, 20.0], [109943.5, 20.0], [109944.5, 11500.0], [109945.0, 63860.0], [109946.5, 61820.0]]}}}
{"jsonrpc": "2.0", "method": "subscription", "params": {"channel": "book.BTC-PERPETUAL.none.20.100ms", "data": {"timestamp": 1761906097441, "change_id": 124515694695, "instrument_name": "BTC-PERPETUAL", "bids": [[109929.0, 367310.0], [109928.0, 2500.0], [109927.0, 13430.0], [109926.5, 45000.0], [109923.0, 35680.0], [109922.0, 2500.0], [109919.5, 20.0], [109919.0, 46260.0], [109918.5, 11020.0], [109918.0, 7960.0], [109917.5, 35840.0], [109917.0, 20.0], [109916.5, 20.0], [109916.0, 68020.0], [109913.5, 26000.0], [109912.5, 30000.0], [109912.0, 5770.0], [109910.5, 7760.0], [109907.5, 25000.0], [109906.5, 85950.0]], "asks": [[109929.5, 166840.0], [109932.0, 1790.0], [109932.5, 6000.0], [109935.0, 11270.0], [109938.0, 18000.0], [109938.5, 21190.0], [109939.0, 6570.0], [109939.5, 9000.0], [109940.5, 5770.0], [109941.0, 20.0], [109941.5, 20.0], [109942.5, 24520.0], [109945.0, 15840.0], [109945.5, 5000.0], [109948.5, 22000.0], [109949.0, 18000.0], [109950.0, 50.0], [109950.5, 26000.0], [109951.0, 37650.0], [109951.5, 40610.0]]}}}
{"jsonrpc": "2.0", "method": "subscription", "params": {"channel": "book.BTC-PERPETUAL.none.20.100ms", "data": {"timestamp": 1761906097774, "change_id": 124515694971, "instrument_name": "BTC-PERPETUAL", "bids": [[109929.0, 366810.0], [109928.5, 500.0], [109928.0, 2500.0], [109927.0, 13430.0], [109926.5, 45000.0], [109923.5, 11000.0], [109923.0, 6440.0], [109922.5, 20.0], [109922.0, 2520.0], [109919.5, 20.0], [109919.0, 20.0], [109918.5, 11020.0], [109918.0, 7960.0], [109917.5, 35840.0], [109917.0, 20.0], [109916.0, 68000.0], [109914.0, 30000.0], [109912.5, 26000.0], [109912.0, 5770.0], [109910.5, 7760.0]], "asks": [[109929.5, 174840.0], [109932.0, 1790.0], [109932.5, 6000.0], [109935.0, 11270.0], [109938.0, 18000.0], [109938.5, 13190.0], [109939.0, 6570.0], [109939.5, 9000.0], [109940.5, 5770.0], [109941.0, 20.0], [109941.5, 20.0], [109942.5, 24520.0], [109945.0, 20320.0], [109948.0, 11000.0], [109948.5, 11000.0], [109949.0, 18000.0], [109950.0, 50.0], [109950.5, 26000.0], [109951.0, 47490.0], [109951.5, 40610.0]]}}}
{"jsonrpc": "2.0", "method": "subscription", "params": {"channel": "book.BTC-PERPETUAL.none.20.100ms", "data": {"timestamp": 1761906098107, "change_id": 124515695435, "instrument_name": "BTC-PERPETUAL", "bids": [[109929.0, 357570.0], [109928.0, 2500.0], [109927.5, 9240.0], [109927.0, 13430.0], [109926.5, 45000.0], [109924.0, 500.0], [109923.0, 8900.0], [109922.0, 2520.0], [109921.5, 20.0], [109921.0, 20.0], [109920.5, 20.0], [109920.0, 20.0], [109919.5, 20.0], [109919.0, 11020.0], [109918.5, 11000.0], [109918.0, 7940.0], [109917.5, 22920.0], [109916.0, 68000.0], [109912.0, 22490.0], [109911.5, 30000.0]], "asks": [[109929.5, 174840.0], [109932.0, 1790.0], [109932.5, 6000.0], [109935.0, 11270.0], [109938.0, 18000.0], [109938.5, 13190.0], [109939.0, 6570.0], [109939.5, 9000.0], [109941.0, 20.0], [109941.5, 20.0], [109942.5, 24520.0], [109944.0, 5790.0], [109944.5, 11020.0], [109945.0, 19920.0], [109945.5, 20.0], [109946.0, 20.0], [109946.5, 20.0], [109947.0, 20.0], [109947.5, 520.0], [109948.0, 11000.0]]}}}
{"jsonrpc": "2.0", "method": "subscription", "params": {"channel": "book.BTC-PERPETUAL.none.20.100ms", "data": {"timestamp": 1761906098438, "change_id": 124515696038, "instrument_name": "BTC-PERPETUAL", "bids": [[109929.0, 448870.0], [109928.0, 2500.0], [109927.0, 13430.0], [109926.5, 45000.0], [109924.0, 9240.0], [109923.5, 520.0], [109923.0, 9740.0], [109922.5, 20.0], [109922.0, 2520.0], [109921.5, 20.0], [109921.0, 20.0], [109920.5, 20.0], [109920.0, 20.0], [109919.0, 11000.0], [109918.5, 11000.0], [109918.0, 7940.0], [109917.5, 22920.0], [109916.0, 68000.0], [109912.0, 22990.0], [109908.0, 30000.0]], "asks": [[109929.5, 174840.0], [109932.0, 1790.0], [109932.5, 6000.0], [109935.0, 11270.0], [109938.0, 18000.0], [109938.5, 13190.0], [109939.0, 6570.0], [109939.5, 9000.0], [109941.0, 20.0], [109941.5, 20.0], [109942.5, 24520.0], [109944.0, 5770.0], [109944.5, 11000.0], [109945.0, 19900.0], [109945.5, 20.0], [109946.0, 20.0], [109946.5, 20.0], [109947.0, 20.0], [109947.5, 520.0], [109948.0, 11000.0]]}}}
{"jsonrpc": "2.0", "method": "subscription", "params": {"channel": "book.BTC-PERPETUAL.none.20.100ms", "data": {"timestamp": 1761906098756, "change_id": 124515696255, "instrument_name": "BTC-PERPETUAL", "bids": [[109929.0, 357570.0], [109928.0, 2500.0], [109927.0, 23170.0], [109926.5, 45000.0], [109923.5, 20.0], [109923.0, 9720.0], [109922.5, 11000.0], [109922.0, 2520.0], [109921.5, 20.0], [109921.0, 20.0], [109920.5, 20.0], [109920.0, 20.0], [109918.5, 11000.0], [109918.0, 7940.0], [109917.5, 22920.0], [109916.0, 68000.0], [109912.5, 30000.0], [109912.0, 13530.0], [109907.5, 26000.0], [109907.0, 5000.0]], "asks": [[109929.5, 116740.0], [109930.0, 50000.0], [109932.0, 1790.0], [109932.5, 6000.0], [109935.0, 11270.0], [109938.0, 18000.0], [109938.5, 13190.0], [109939.0, 6570.0], [109939.5, 9000.0], [109941.0, 20.0], [109941.5, 20.0], [109942.5, 24520.0], [109944.0, 5770.0], [109945.0, 19900.0], [109946.5, 20.0], [109947.0, 11020.0], [109947.5, 20.0], [109948.0, 11020.0], [109948.5, 26000.0], [109949.0, 18000.0]]}}}
{"jsonrpc": "2.0", "method": "subscription", "params": {"channel": "book.BTC-PERPETUAL.none.20.100ms", "data": {"timestamp": 1761906099098, "change_id": 124515696642, "instrument_name": "BTC-PERPETUAL", "bids": [[109929.0, 357570.0], [109928.0, 2500.0], [109927.0, 13430.0], [109926.5, 45000.0], [109924.0, 9240.0], [109923.5, 500.0], [109923.0, 9720.0], [109922.0, 2500.0], [109921.0, 20.0], [109920.5, 20.0], [109920.0, 20.0], [109919.0, 11020.0], [109918.5, 11000.0], [109918.0, 7940.0], [109917.5, 22920.0], [109916.0, 68000.0], [109912.0, 22990.0], [109908.0, 30000.0], [109907.5, 26000.0], [109907.0, 5000.0]], "asks": [[109929.5, 116740.0], [109930.0, 50000.0], [109932.0, 1790.0], [109932.5, 6000.0], [109935.0, 11270.0], [109938.0, 18000.0], [109938.5, 13190.0], [109939.0, 6570.0], [109939.5, 12680.0], [109941.0, 20.0], [109941.5, 20.0], [109942.5, 24520.0], [109943.0, 20.0], [109943.5, 20.0], [109944.0, 5770.0], [109944.5, 11000.0], [109945.0, 27490.0], [109946.5, 20.0], [109947.0, 20.0], [109947.5, 520.0]]}}}
{"jsonrpc": "2.0", "method": "subscription", "params": {"channel": "book.BTC-PERPETUAL.none.20.100ms", "data": {"timestamp": 1761906099391, "change_id": 124515697253, "instrument_name": "BTC-PERPETUAL", "bids": [[109929.0, 412370.0], [109928.0, 2500.0], [109927.5, 9240.0], [109927.0, 13430.0], [109926.5, 45000.0], [109923.0, 9720.0], [109922.0, 2500.0], [109921.0, 20.0], [109920.5, 20.0], [109920.0, 20.0], [109919.5, 520.0], [109919.0, 11020.0], [109918.5, 11020.0], [109918.0, 7960.0], [109917.5, 22920.0], [109916.0, 68000.0], [109912.0, 22990.0], [109908.0, 30000.0], [109907.5, 26000.0], [109907.0, 5000.0]], "asks": [[109929.5, 170400.0], [109932.0, 1790.0], [109932.5, 6000.0], [109935.0, 11270.0], [109938.0, 18000.0], [109938.5, 13190.0], [109939.0, 11570.0], [109939.5, 12370.0], [109941.0, 20.0], [109941.5, 20.0], [109942.5, 24520.0], [109943.5, 520.0], [109944.0, 5790.0], [109944.5, 11020.0], [109945.0, 58330.0], [109945.5, 20.0], [109946.0, 20.0], [109946.5, 20.0], [109947.0, 26000.0], [109947.5, 30010.0]]}}}
{"jsonrpc": "2.0", "method": "subscription", "params": {"channel": "book.BTC-PERPETUAL.none.20.100ms", "data": {"timestamp": 1761906099755, "change_id": 124515697417, "instrument_name": "BTC-PERPETUAL", "bids": [[109929.0, 412370.0], [109928.0, 2500.0], [109927.0, 13430.0], [109926.5, 45000.0], [109923.5, 9240.0], [109923.0, 9720.0], [109922.0, 2500.0], [109921.0, 20.0], [109920.5, 20.0], [109920.0, 20.0], [109919.5, 520.0], [109919.0, 11020.0], [109918.5, 11020.0], [109918.0, 7960.0], [109917.5, 22920.0], [109916.0, 68000.0], [109912.0, 22990.0], [109908.0, 30000.0], [109907.5, 26000.0], [109907.0, 5000.0]], "asks": [[109929.5, 170400.0], [109932.0, 1790.0], [109932.5, 6000.0], [109935.0, 11270.0], [109938.0, 18000.0], [109938.5, 13190.0], [109939.0, 11570.0], [109939.5, 12370.0], [109941.0, 20.0], [109941.5, 20.0], [109942.5, 24520.0], [109943.5, 520.0], [109944.0, 5790.0], [109944.5, 11020.0], [109945.0, 58330.0], [109945.5, 20.0], [109946.0, 11020.0], [109946.5, 20.0], [109947.0, 26000.0], [109948.0, 30010.0]]}}}
{"jsonrpc": "2.0", "method": "subscription", "params": {"channel": "book.BTC-PERPETUAL.none.20.100ms", "data": {"timestamp": 1761906100085, "change_id": 124515697852, "instrument_name": "BTC-PERPETUAL", "bids": [[109929.0, 404350.0], [109928.0, 2500.0], [109927.5, 9240.0], [109927.0, 13430.0], [109926.5, 45000.0], [109923.5, 500.0], [109923.0, 9710.0], [109922.0, 2500.0], [109921.0, 20.0], [109920.5, 20.0], [109919.0, 11000.0], [109918.5, 11000.0], [109918.0, 7940.0], [109917.5, 22920.0], [109916.0, 68000.0], [109912.0, 29280.0], [109908.5, 26000.0], [109907.0, 5000.0], [109906.5, 85950.0], [109906.0, 112920.0]], "asks": [[109929.5, 178400.0], [109932.0, 1790.0], [109932.5, 6000.0], [109935.0, 11270.0], [109938.0, 18000.0], [109938.5, 13190.0], [109939.0, 6570.0], [109939.5, 9060.0], [109940.0, 5000.0], [109941.0, 20.0], [109941.5, 20.0], [109942.5, 24520.0], [109944.0, 5770.0], [109945.0, 58310.0], [109946.0, 20.0], [109946.5, 11520.0], [109947.0, 20.0], [109947.5, 11020.0], [109948.0, 26000.0], [109948.5, 77000.0]]}}}
{"jsonrpc": "2.0", "method": "subscription", "params": {"channel": "book.BTC-PERPETUAL.none.20.100ms", "data": {"timestamp": 1761906100418, "change_id": 124515699132, "instrument_name": "BTC-PERPETUAL", "bids": [[109929.0, 44880.0], [109922.0, 2500.0], [109918.0, 7940.0], [109917.5, 22920.0], [109916.0, 68000.0], [109915.0, 2500.0], [109914.0, 200.0], [109912.0, 5770.0], [109911.5, 5820.0], [109911.0, 8000.0], [109909.0, 500.0], [109907.5, 11000.0], [109907.0, 9240.0], [109906.5, 85950.0], [109906.0, 87920.0], [109905.5, 7940.0], [109905.0, 11000.0], [109904.0, 105920.0], [109903.0, 40610.0], [109902.5, 8820.0]], "asks": [[109929.5, 235960.0], [109930.0, 10630.0], [109930.5, 5000.0], [109932.0, 26000.0], [109932.5, 6000.0], [109934.5, 500.0], [109935.0, 34740.0], [109937.5, 102630.0], [109938.0, 18000.0], [109938.5, 10190.0], [109939.0, 6570.0], [109939.5, 22640.0], [109940.0, 200.0], [109940.5, 7990.0], [109941.0, 45020.0], [109941.5, 20.0], [109942.0, 20.0], [109942.5, 24540.0], [109944.5, 21010.0], [109945.0, 28460.0]]}}}
{"jsonrpc": "2.0", "method": "subscription", "params": {"channel": "book.BTC-PERPETUAL.none.20.100ms", "data": {"timestamp": 1761906100738, "change_id": 124515699563, "instrument_name": "BTC-PERPETUAL", "bids": [[109929.0, 170310.0], [109926.5, 8960.0], [109926.0, 30000.0], [109922.5, 7710.0], [109922.0, 2500.0], [109918.5, 17740.0], [109918.0, 7940.0], [109917.5, 22920.0], [109916.0, 68000.0], [109915.0, 2500.0], [109914.0, 200.0], [109912.0, 27780.0], [109911.5, 56000.0], [109907.0, 11000.0], [109906.5, 32130.0], [109906.0, 30000.0], [109905.5, 7940.0], [109904.0, 18000.0], [109903.0, 40610.0], [109902.5, 8820.0]], "asks": [[109929.5, 187200.0], [109932.0, 4620.0], [109932.5, 6000.0], [109933.5, 10770.0], [109937.0, 32570.0], [109937.5, 37000.0], [109938.0, 18000.0], [109938.5, 10190.0], [109939.0, 6570.0], [109939.5, 39560.0], [109940.0, 200.0], [109940.5, 7990.0], [109941.0, 45020.0], [109941.5, 20.0], [109942.0, 520.0], [109942.5, 24540.0], [109944.5, 61620.0], [109946.0, 20.0], [109946.5, 20.0], [109947.0, 20.0]]}}}
{"jsonrpc": "2.0", "method": "subscription", "params": {"channel": "book.BTC-PERPETUAL.none.20.100ms", "data": {"timestamp": 1761906101080, "change_id": 124515700001, "instrument_name": "BTC-PERPETUAL", "bids": [[109929.0, 178310.0], [109926.5, 8960.0], [109926.0, 30000.0], [109922.5, 7710.0], [109922.0, 2500.0], [109919.0, 500.0], [109918.5, 9240.0], [109918.0, 7940.0], [109917.5, 22920.0], [109916.5, 20.0], [109916.0, 68020.0], [109915.5, 20.0], [109915.0, 2520.0], [109914.5, 20.0], [109914.0, 220.0], [109913.5, 20.0], [109912.0, 27780.0], [109911.5, 56000.0], [109907.0, 11000.0], [109906.5, 23180.0]], "asks": [[109929.5, 186750.0], [109932.0, 4620.0], [109932.5, 6000.0], [109933.5, 52070.0], [109934.0, 5000.0], [109937.0, 32570.0], [109937.5, 37000.0], [109938.0, 18000.0], [109938.5, 10210.0], [109939.0, 6590.0], [109939.5, 39730.0], [109940.0, 220.0], [109940.5, 8010.0], [109941.0, 45040.0], [109941.5, 540.0], [109942.0, 61640.0], [109942.5, 24520.0], [109946.0, 30010.0], [109946.5, 37340.0], [109948.5, 77000.0]]}}}
{"jsonrpc": "2.0", "method": "subscription", "params": {"channel": "book.BTC-PERPETUAL.none.20.100ms", "data": {"timestamp": 1761906101404, "change_id": 124515700573, "instrument_name": "BTC-PERPETUAL", "bids": [[109929.0, 290310.0], [109926.5, 8960.0], [109926.0, 30000.0], [109922.5, 3270.0], [109922.0, 2500.0], [109918.5, 500.0], [109918.0, 7940.0], [109917.5, 22920.0], [109916.5, 9260.0], [109916.0, 68020.0], [109915.5, 20.0], [109915.0, 2520.0], [109914.5, 20.0], [109914.0, 220.0], [109913.5, 20.0], [109913.0, 20.0], [109912.0, 38780.0], [109911.5, 45000.0], [109907.0, 11000.0], [109906.5, 36930.0]], "asks": [[109929.5, 229750.0], [109932.0, 36040.0], [109932.5, 6000.0], [109933.5, 52070.0], [109934.0, 5000.0], [109937.0, 32570.0], [109937.5, 37000.0], [109938.0, 18000.0], [109938.5, 10190.0], [109939.0, 6570.0], [109939.5, 16100.0], [109940.0, 220.0], [109940.5, 8010.0], [109941.0, 45040.0], [109941.5, 540.0], [109942.0, 20.0], [109945.5, 61620.0], [109946.0, 30010.0], [109946.5, 37340.0], [109948.5, 77000.0]]}}}
{"jsonrpc": "2.0", "method": "subscription", "params": {"channel": "book.BTC-PERPETUAL.none.20.100ms", "data": {"timestamp": 1761906101739, "change_id": 124515700834, "instrument_name": "BTC-PERPETUAL", "bids": [[109929.0, 290310.0], [109926.5, 8960.0], [109926.0, 30000.0], [109922.5, 3270.0], [109922.0, 2500.0], [109918.5, 500.0], [109918.0, 7940.0], [109917.5, 22920.0], [109917.0, 20.0], [109916.5, 9260.0], [109916.0, 68020.0], [109915.5, 20.0], [109915.0, 2520.0], [109914.5, 20.0], [109914.0, 220.0], [109912.0, 38780.0], [109911.5, 45000.0], [109907.0, 11000.0], [109906.5, 53650.0], [109906.0, 30000.0]], "asks": [[109929.5, 232750.0], [109931.5, 10320.0], [109932.0, 17800.0], [109932.5, 6000.0], [109933.5, 5770.0], [109934.0, 5000.0], [109937.0, 32570.0], [109937.5, 37000.0], [109938.0, 18000.0], [109938.5, 10190.0], [109939.0, 6570.0], [109939.5, 32410.0], [109940.0, 220.0], [109940.5, 8010.0], [109941.0, 45040.0], [109941.5, 40.0], [109942.0, 20.0], [109942.5, 20.0], [109944.5, 61620.0], [109945.0, 500.0]]}}}
{"jsonrpc": "2.0", "method": "subscription", "params": {"channel": "book.BTC-PERPETUAL.none.20.100ms", "data": {"timestamp": 1761906102071, "change_id": 124515701223, "instrument_name": "BTC-PERPETUAL", "bids": [[109929.0, 298220.0], [109926.5, 8960.0], [109926.0, 30000.0], [109922.5, 3270.0], [109922.0, 2500.0], [109918.5, 500.0], [109918.0, 7960.0], [109917.5, 22940.0], [109917.0, 20.0], [109916.5, 9260.0], [109916.0, 68020.0], [109915.5, 20.0], [109915.0, 2500.0], [109914.0, 200.0], [109912.0, 38780.0], [109911.5, 45000.0], [109907.0, 11000.0], [109906.5, 53650.0], [109906.0, 30000.0], [109905.5, 7940.0]], "asks": [[109929.5, 216950.0], [109931.5, 17630.0], [109932.0, 17800.0], [109932.5, 6000.0], [109933.5, 34670.0], [109934.0, 5000.0], [109937.0, 32570.0], [109937.5, 37000.0], [109938.0, 18000.0], [109938.5, 10190.0], [109939.0, 6570.0], [109939.5, 32410.0], [109940.0, 220.0], [109940.5, 8010.0], [109941.0, 45040.0], [109941.5, 40.0], [109942.0, 20.0], [109942.5, 20.0], [109943.0, 20.0], [109943.5, 20.0]]}}}
{"jsonrpc": "2.0", "method": "subscription", "params": {"channel": "book.BTC-PERPETUAL.none.20.100ms", "data": {"timestamp": 1761906102395, "change_id": 124515701849, "instrument_name": "BTC-PERPETUAL", "bids": [[109929.0, 175620.0], [109926.5, 8960.0], [109926.0, 30000.0], [109922.5, 5620.0], [109922.0, 2500.0], [109920.5, 8000.0], [109918.0, 8440.0], [109917.5, 22920.0], [109916.5, 9240.0], [109916.0, 68000.0], [109915.0, 2500.0], [109914.0, 200.0], [109912.0, 27780.0], [109911.5, 45000.0], [109907.5, 11000.0], [109907.0, 11000.0], [109906.5, 53650.0], [109905.5, 7940.0], [109904.5, 30000.0], [109904.0, 18000.0]], "asks": [[109929.5, 237890.0], [109931.0, 27280.0], [109931.5, 21910.0], [109932.0, 17800.0], [109932.5, 6000.0], [109933.5, 34670.0], [109936.5, 11000.0], [109937.0, 21570.0], [109937.5, 37000.0], [109938.0, 18000.0], [109938.5, 10190.0], [109939.0, 6590.0], [109939.5, 53320.0], [109940.0, 61840.0], [109940.5, 85510.0], [109941.0, 45040.0], [109941.5, 40.0], [109942.0, 20.0], [109945.5, 13660.0], [109946.0, 30010.0]]}}}
{"jsonrpc": "2.0", "method": "subscription", "params": {"channel": "book.BTC-PERPETUAL.none.20.100ms", "data": {"timestamp": 1761906102733, "change_id": 124515702288, "instrument_name": "BTC-PERPETUAL", "bids": [[109929.0, 28560.0], [109926.0, 30000.0], [109922.0, 2500.0], [109920.5, 118000.0], [109918.0, 7940.0], [109917.5, 22920.0], [109916.0, 68000.0], [109915.5, 500.0], [109915.0, 2500.0], [109914.0, 200.0], [109912.5, 9240.0], [109912.0, 27780.0], [109911.5, 45000.0], [109907.0, 11000.0], [109906.5, 53650.0], [109905.5, 7940.0], [109904.5, 11000.0], [109904.0, 18000.0], [109903.5, 30000.0], [109903.0, 40610.0]], "asks": [[109929.5, 256880.0], [109931.0, 27280.0], [109931.5, 21910.0], [109932.0, 17800.0], [109932.5, 32000.0], [109933.5, 28900.0], [109935.5, 41450.0], [109936.5, 61620.0], [109938.0, 18000.0], [109938.5, 10690.0], [109939.0, 6590.0], [109939.5, 53320.0], [109940.0, 220.0], [109940.5, 85010.0], [109941.0, 45040.0], [109941.5, 40.0], [109942.0, 20.0], [109945.0, 30010.0], [109945.5, 10970.0], [109948.5, 21010.0]]}}}
{"jsonrpc": "2.0", "method": "subscription", "params": {"channel": "book.BTC-PERPETUAL.none.20.100ms", "data": {"timestamp": 1761906103058, "change_id": 124515702755, "instrument_name": "BTC-PERPETUAL", "bids": [[109929.0, 162060.0], [109926.5, 60300.0], [109926.0, 30000.0], [109922.0, 2500.0], [109920.5, 8000.0], [109918.0, 7940.0], [109917.5, 22920.0], [109916.5, 500.0], [109916.0, 68000.0], [109915.0, 2500.0], [109914.0, 200.0], [109912.5, 9240.0], [109912.0, 27780.0], [109911.5, 45000.0], [109910.5, 20.0], [109910.0, 20.0], [109909.5, 20.0], [109909.0, 20.0], [109908.5, 20.0], [109907.0, 11000.0]], "asks": [[109929.5, 415290.0], [109930.0, 5770.0], [109931.0, 27280.0], [109931.5, 21910.0], [109932.0, 17800.0], [109932.5, 32000.0], [109935.5, 30450.0], [109936.5, 72620.0], [109938.0, 18000.0], [109938.5, 10190.0], [109939.0, 7090.0], [109939.5, 15940.0], [109940.0, 220.0], [109940.5, 8010.0], [109941.0, 45040.0], [109941.5, 40.0], [109942.0, 20.0], [109945.5, 10970.0], [109948.5, 21010.0], [109949.0, 18000.0]]}}}
{"jsonrpc": "2.0", "method": "subscription", "params": {"channel": "book.BTC-PERPETUAL.none.20.100ms", "data": {"timestamp": 1761906103392, "change_id": 124515703384, "instrument_name": "BTC-PERPETUAL", "bids": [[109929.0, 28620.0], [109926.0, 30000.0], [109922.0, 2500.0], [109920.5, 118000.0], [109920.0, 60000.0], [109918.0, 7940.0], [109917.5, 22920.0], [109916.5, 500.0], [109916.0, 68000.0], [109915.0, 2500.0], [109914.0, 200.0], [109912.5, 9240.0], [109912.0, 27780.0], [109911.5, 45000.0], [109909.0, 20.0], [109908.5, 20.0], [109907.0, 11000.0], [109906.5, 53650.0], [109906.0, 11000.0], [109905.5, 7940.0]], "asks": [[109929.5, 396400.0], [109930.0, 5770.0], [109930.5, 11000.0], [109931.0, 15030.0], [109931.5, 21910.0], [109932.0, 26000.0], [109932.5, 6000.0], [109933.5, 20.0], [109934.0, 20.0], [109934.5, 20.0], [109935.0, 20.0], [109935.5, 30470.0], [109936.0, 20.0], [109936.5, 72640.0], [109938.0, 18000.0], [109938.5, 10190.0], [109939.0, 7090.0], [109939.5, 15920.0], [109940.5, 7990.0], [109941.0, 45020.0]]}}}
{"jsonrpc": "2.0", "method": "subscription", "params": {"channel": "book.BTC-PERPETUAL.none.20.100ms", "data": {"timestamp": 1761906103716, "change_id": 124515703676, "instrument_name": "BTC-PERPETUAL", "bids": [[109929.0, 28620.0], [109926.0, 30000.0], [109922.0, 2500.0], [109920.0, 60000.0], [109917.5, 22920.0], [109916.5, 500.0], [109916.0, 68000.0], [109915.0, 2500.0], [109914.0, 200.0], [109912.0, 137780.0], [109911.5, 45000.0], [109909.0, 20.0], [109908.5, 20.0], [109907.5, 9240.0], [109907.0, 11000.0], [109906.5, 53650.0], [109905.5, 15940.0], [109904.0, 18000.0], [109903.5, 11000.0], [109903.0, 40610.0]], "asks": [[109929.5, 433400.0], [109930.0, 14110.0], [109931.5, 21910.0], [109932.5, 6000.0], [109933.5, 20.0], [109934.0, 20.0], [109934.5, 20.0], [109935.0, 11020.0], [109935.5, 30470.0], [109936.0, 20.0], [109936.5, 61640.0], [109938.0, 18000.0], [109938.5, 10190.0], [109939.0, 7090.0], [109939.5, 15920.0], [109940.5, 7990.0], [109941.0, 45020.0], [109941.5, 20.0], [109945.5, 10970.0], [109948.5, 21010.0]]}}}
{"jsonrpc": "2.0", "method": "subscription", "params": {"channel": "book.BTC-PERPETUAL.none.20.100ms", "data": {"timestamp": 1761906104052, "change_id": 124515704262, "instrument_name": "BTC-PERPETUAL", "bids": [[109929.0, 28620.0], [109926.0, 30000.0], [109920.0, 60000.0], [109917.5, 22920.0], [109916.0, 68000.0], [109915.0, 2500.0], [109914.0, 200.0], [109913.0, 500.0], [109912.0, 57770.0], [109911.5, 45000.0], [109910.0, 110000.0], [109907.5, 9240.0], [109906.5, 53650.0], [109906.0, 11000.0], [109905.5, 7940.0], [109904.0, 18000.0], [109903.5, 8000.0], [109903.0, 40610.0], [109902.5, 8820.0], [109902.0, 87920.0]], "asks": [[109929.5, 473000.0], [109930.0, 8340.0], [109931.5, 21910.0], [109932.5, 6000.0], [109933.5, 20.0], [109934.0, 28970.0], [109934.5, 61640.0], [109935.0, 11020.0], [109935.5, 20.0], [109936.0, 520.0], [109936.5, 20.0], [109938.0, 18000.0], [109938.5, 10190.0], [109939.0, 6590.0], [109939.5, 15920.0], [109940.5, 7990.0], [109941.0, 45020.0], [109941.5, 20.0], [109945.0, 21010.0], [109945.5, 5390.0]]}}}
{"jsonrpc": "2.0", "method": "subscription", "params": {"channel": "book.BTC-PERPETUAL.none.20.100ms", "data": {"timestamp": 1761906104378, "change_id": 124515704975, "instrument_name": "BTC-PERPETUAL", "bids": [[109929.0, 28620.0], [109926.0, 30000.0], [109920.0, 60000.0], [109918.0, 110000.0], [109916.5, 23570.0], [109916.0, 68000.0], [109915.0, 2500.0], [109914.0, 200.0], [109912.0, 30280.0], [109911.5, 45000.0], [109910.5, 8000.0], [109909.5, 20.0], [109909.0, 20.0], [109908.5, 9260.0], [109908.0, 20.0], [109907.5, 20.0], [109907.0, 520.0], [109906.5, 53670.0], [109906.0, 11020.0], [109905.5, 7940.0]], "asks": [[109929.5, 433400.0], [109930.0, 8340.0], [109931.5, 21910.0], [109932.0, 520.0], [109932.5, 6020.0], [109933.0, 20.0], [109933.5, 11020.0], [109934.0, 28970.0], [109934.5, 20.0], [109937.5, 61620.0], [109938.0, 18000.0], [109938.5, 10190.0], [109939.0, 6570.0], [109939.5, 15920.0], [109940.5, 7990.0], [109941.0, 45020.0], [109941.5, 20.0], [109945.0, 21010.0], [109945.5, 5390.0], [109949.0, 18000.0]]}}}
{"jsonrpc": "2.0", "method": "subscription", "params": {"channel": "book.BTC-PERPETUAL.none.20.100ms", "data": {"timestamp": 1761906104697, "change_id": 124515705204, "instrument_name": "BTC-PERPETUAL", "bids": [[109929.0, 20710.0], [109926.0, 30000.0], [109920.0, 60000.0], [109918.0, 110000.0], [109916.5, 23570.0], [109916.0, 68000.0], [109915.0, 2500.0], [109914.0, 200.0], [109912.0, 30280.0], [109911.5, 45000.0], [109910.5, 8000.0], [109909.0, 520.0], [109908.5, 9260.0], [109908.0, 20.0], [109907.5, 20.0], [109907.0, 20.0], [109906.5, 53670.0], [109906.0, 11020.0], [109905.5, 7940.0], [109904.0, 18000.0]], "asks": [[109929.5, 431170.0], [109930.0, 13340.0], [109931.5, 21910.0], [109932.0, 500.0], [109932.5, 6020.0], [109933.0, 20.0], [109933.5, 11020.0], [109934.0, 27470.0], [109934.5, 20.0], [109937.5, 61620.0], [109938.0, 18000.0], [109938.5, 10190.0], [109939.0, 6570.0], [109939.5, 27530.0], [109940.5, 7990.0], [109941.0, 45020.0], [109941.5, 20.0], [109945.0, 46010.0], [109945.5, 5390.0], [109949.0, 18000.0]]}}}
{"jsonrpc": "2.0", "method": "subscription", "params": {"channel": "book.BTC-PERPETUAL.none.20.100ms", "data": {"timestamp": 1761906105046, "change_id": 124515705605, "instrument_name": "BTC-PERPETUAL", "bids": [[109929.0, 130710.0], [109926.5, 36600.0], [109926.0, 30000.0], [109920.0, 60000.0], [109916.5, 23570.0], [109916.0, 68000.0], [109915.0, 2500.0], [109914.0, 200.0], [109912.0, 33520.0], [109911.5, 45000.0], [109911.0, 20.0], [109910.5, 8000.0], [109910.0, 20.0], [109909.5, 20.0], [109909.0, 20.0], [109908.5, 20.0], [109908.0, 20.0], [109907.5, 20.0], [109907.0, 520.0], [109906.5, 53650.0]], "asks": [[109929.5, 432170.0], [109930.0, 5000.0], [109930.5, 11780.0], [109931.5, 21910.0], [109932.0, 500.0], [109932.5, 6000.0], [109933.5, 11000.0], [109934.0, 27470.0], [109934.5, 20.0], [109935.0, 20.0], [109937.5, 61620.0], [109938.0, 18000.0], [109938.5, 10190.0], [109939.0, 6570.0], [109939.5, 27530.0], [109940.5, 7990.0], [109941.0, 45020.0], [109941.5, 20.0], [109943.0, 25000.0], [109945.0, 21010.0]]}}}
{"jsonrpc": "2.0", "method": "subscription", "params": {"channel": "book.BTC-PERPETUAL.none.20.100ms", "data": {"timestamp": 1761906105304, "change_id": 124515706083, "instrument_name": "BTC-PERPETUAL", "bids": [[109929.0, 130710.0], [109926.5, 36600.0], [109926.0, 30000.0], [109920.0, 60000.0], [109916.5, 23570.0], [109916.0, 68000.0], [109915.0, 2500.0], [109914.0, 200.0], [109912.0, 33520.0], [109911.5, 45000.0], [109911.0, 20.0], [109910.5, 8000.0], [109910.0, 20.0], [109909.5, 20.0], [109909.0, 20.0], [109908.5, 20.0], [109908.0, 20.0], [109907.5, 20.0], [109907.0, 520.0], [109906.5, 64650.0]], "asks": [[109929.5, 405170.0], [109930.0, 5000.0], [109930.5, 18020.0], [109931.0, 26000.0], [109931.5, 21910.0], [109932.0, 500.0], [109932.5, 6000.0], [109933.5, 11000.0], [109934.0, 27450.0], [109934.5, 20.0], [109935.0, 20.0], [109937.5, 61620.0], [109938.0, 18000.0], [109938.5, 10190.0], [109939.0, 6570.0], [109939.5, 27530.0], [109940.5, 7990.0], [109941.0, 45020.0], [109941.5, 20.0], [109943.0, 25000.0]]}}}
{"jsonrpc": "2.0", "method": "subscription", "params": {"channel": "book.BTC-PERPETUAL.none.20.100ms", "data": {"timestamp": 1761906105704, "change_id": 124515706547, "instrument_name": "BTC-PERPETUAL", "bids": [[109929.0, 130710.0], [109926.0, 30000.0], [109920.5, 25070.0], [109920.0, 60000.0], [109918.0, 7990.0], [109917.5, 16000.0], [109916.5, 23570.0], [109916.0, 68000.0], [109915.5, 9240.0], [109915.0, 2500.0], [109914.0, 200.0], [109913.5, 20.0], [109913.0, 20.0], [109912.5, 520.0], [109912.0, 24300.0], [109911.5, 45020.0], [109911.0, 20.0], [109910.5, 20.0], [109908.5, 11000.0], [109907.0, 11000.0]], "asks": [[109929.5, 363170.0], [109930.5, 11780.0], [109931.5, 21910.0], [109932.5, 6000.0], [109933.0, 11000.0], [109934.0, 38010.0], [109936.5, 26500.0], [109937.0, 11200.0], [109938.0, 18020.0], [109938.5, 10190.0], [109939.0, 68190.0], [109939.5, 27530.0], [109940.5, 7990.0], [109941.0, 45020.0], [109941.5, 20.0], [109945.0, 25000.0], [109945.5, 11270.0], [109948.5, 1000.0], [109949.0, 18000.0], [109950.0, 50.0]]}}}
{"jsonrpc": "2.0", "method": "subscription", "params": {"channel": "book.BTC-PERPETUAL.none.20.100ms", "data": {"timestamp": 1761906106034, "change_id": 124515706962, "instrument_name": "BTC-PERPETUAL", "bids": [[109929.0, 248510.0], [109926.0, 30000.0], [109920.5, 25070.0], [109920.0, 60000.0], [109918.5, 9240.0], [109918.0, 7990.0], [109917.5, 16000.0], [109917.0, 500.0], [109916.5, 23570.0], [109916.0, 68020.0], [109915.5, 20.0], [109915.0, 2500.0], [109914.0, 200.0], [109913.5, 20.0], [109913.0, 20.0], [109912.5, 20.0], [109912.0, 35300.0], [109911.5, 45020.0], [109911.0, 20.0], [109907.0, 11000.0]], "asks": [[109929.5, 271900.0], [109930.5, 14100.0], [109931.5, 21910.0], [109932.5, 6000.0], [109934.0, 44710.0], [109936.5, 11000.0], [109937.0, 11200.0], [109937.5, 26000.0], [109938.0, 18000.0], [109938.5, 10190.0], [109939.0, 83570.0], [109939.5, 38170.0], [109940.0, 500.0], [109940.5, 7990.0], [109941.0, 45020.0], [109941.5, 20.0], [109944.0, 61620.0], [109945.0, 13150.0], [109945.5, 25000.0], [109948.5, 1000.0]]}}}
{"jsonrpc": "2.0", "method": "subscription", "params": {"channel": "book.BTC-PERPETUAL.none.20.100ms", "data": {"timestamp": 1761906106337, "change_id": 124515707466, "instrument_name": "BTC-PERPETUAL", "bids": [[109929.0, 145710.0], [109926.0, 30000.0], [109920.5, 25070.0], [109920.0, 60000.0], [109918.0, 7990.0], [109917.5, 16000.0], [109917.0, 9240.0], [109916.5, 23570.0], [109916.0, 68000.0], [109915.0, 2500.0], [109914.5, 20.0], [109914.0, 220.0], [109913.5, 20.0], [109913.0, 20.0], [109912.5, 520.0], [109912.0, 24280.0], [109911.5, 45000.0], [109907.5, 11000.0], [109907.0, 11000.0], [109906.5, 53650.0]], "asks": [[109929.5, 271900.0], [109930.5, 14100.0], [109931.5, 21910.0], [109932.5, 6000.0], [109934.0, 44710.0], [109936.0, 500.0], [109936.5, 11000.0], [109937.0, 11200.0], [109937.5, 26000.0], [109938.0, 18020.0], [109938.5, 10210.0], [109939.0, 83570.0], [109939.5, 38170.0], [109940.5, 69610.0], [109941.0, 45020.0], [109941.5, 20.0], [109944.5, 25000.0], [109945.0, 5690.0], [109948.5, 1000.0], [109949.0, 18000.0]]}}}
{"jsonrpc": "2.0", "method": "subscription", "params": {"channel": "book.BTC-PERPETUAL.none.20.100ms", "data": {"timestamp": 1761906106632, "change_id": 124515707650, "instrument_name": "BTC-PERPETUAL", "bids": [[109929.0, 153460.0], [109925.0, 30000.0], [109920.5, 25070.0], [109920.0, 60000.0], [109918.0, 7990.0], [109917.5, 16000.0], [109917.0, 9240.0], [109916.5, 23570.0], [109916.0, 68000.0], [109915.0, 2500.0], [109914.5, 20.0], [109914.0, 220.0], [109913.5, 20.0], [109913.0, 20.0], [109912.5, 520.0], [109912.0, 35300.0], [109911.5, 45020.0], [109911.0, 20.0], [109907.0, 11000.0], [109906.5, 53650.0]], "asks": [[109929.5, 349270.0], [109930.5, 14100.0], [109931.5, 21910.0], [109932.5, 6000.0], [109934.0, 24920.0], [109936.0, 11000.0], [109936.5, 520.0], [109937.0, 11220.0], [109937.5, 26020.0], [109938.0, 18020.0], [109938.5, 10210.0], [109939.0, 6590.0], [109939.5, 38190.0], [109940.5, 7990.0], [109941.0, 45020.0], [109941.5, 20.0], [109944.0, 61620.0], [109944.5, 25000.0], [109945.0, 5690.0], [109948.5, 1000.0]]}}}
{"jsonrpc": "2.0", "method": "subscription", "params": {"channel": "book.BTC-PERPETUAL.none.20.100ms", "data": {"timestamp": 1761906107032, "change_id": 124515708124, "instrument_name": "BTC-PERPETUAL", "bids": [[109929.0, 210760.0], [109925.5, 68200.0], [109925.0, 30000.0], [109920.5, 25070.0], [109920.0, 76000.0], [109918.0, 7990.0], [109917.0, 9240.0], [109916.5, 23570.0], [109916.0, 68000.0], [109915.5, 20.0], [109915.0, 2520.0], [109914.5, 20.0], [109914.0, 220.0], [109913.5, 20.0], [109913.0, 20.0], [109912.5, 520.0], [109912.0, 24300.0], [109911.5, 45000.0], [109907.5, 11000.0], [109907.0, 11000.0]], "asks": [[109929.5, 372670.0], [109930.5, 17810.0], [109931.5, 21910.0], [109932.5, 6000.0], [109933.5, 16000.0], [109934.0, 24920.0], [109936.5, 500.0], [109937.0, 11200.0], [109937.5, 26000.0], [109938.0, 18020.0], [109938.5, 10210.0], [109939.0, 6590.0], [109939.5, 38190.0], [109940.0, 20.0], [109940.5, 69630.0], [109941.0, 45020.0], [109941.5, 20.0], [109944.5, 25000.0], [109945.0, 5690.0], [109948.5, 1000.0]]}}}
{"jsonrpc": "2.0", "method": "subscription", "params": {"channel": "book.BTC-PERPETUAL.none.20.100ms", "data": {"timestamp": 1761906107351, "change_id": 124515708623, "instrument_name": "BTC-PERPETUAL", "bids": [[109929.0, 210760.0], [109925.5, 68200.0], [109925.0, 30000.0], [109920.5, 25070.0], [109920.0, 76000.0], [109918.0, 7990.0], [109917.0, 9240.0], [109916.5, 23570.0], [109916.0, 68020.0], [109915.5, 520.0], [109915.0, 2520.0], [109914.5, 20.0], [109914.0, 220.0], [109913.5, 20.0], [109913.0, 20.0], [109912.5, 20.0], [109912.0, 24280.0], [109911.5, 45000.0], [109907.5, 11000.0], [109907.0, 11000.0]], "asks": [[109929.5, 372670.0], [109930.5, 17810.0], [109931.5, 21910.0], [109932.5, 6000.0], [109933.5, 5000.0], [109934.0, 24920.0], [109936.0, 11000.0], [109937.0, 11200.0], [109937.5, 26000.0], [109938.0, 18520.0], [109938.5, 10210.0], [109939.0, 6590.0], [109939.5, 38190.0], [109940.0, 20.0], [109940.5, 69630.0], [109941.0, 45040.0], [109941.5, 20.0], [109942.5, 1000.0], [109944.5, 25000.0], [109945.0, 5690.0]]}}}
{"jsonrpc": "2.0", "method": "subscription", "params": {"channel": "book.BTC-PERPETUAL.none.20.100ms", "data": {"timestamp": 1761906107692, "change_id": 124515708924, "instrument_name": "BTC-PERPETUAL", "bids": [[109929.0, 153460.0], [109925.0, 30000.0], [109920.5, 25070.0], [109920.0, 76000.0], [109918.0, 7990.0], [109917.0, 9240.0], [109916.5, 23570.0], [109916.0, 68000.0], [109915.5, 500.0], [109915.0, 2500.0], [109914.0, 200.0], [109913.0, 20.0], [109912.5, 20.0], [109912.0, 24300.0], [109911.5, 45020.0], [109907.5, 11000.0], [109907.0, 11000.0], [109906.5, 53650.0], [109905.5, 7940.0], [109904.0, 18000.0]], "asks": [[109929.5, 372670.0], [109930.5, 14100.0], [109931.5, 21910.0], [109932.5, 6000.0], [109933.5, 11000.0], [109934.0, 24920.0], [109937.0, 11220.0], [109937.5, 26020.0], [109938.0, 18020.0], [109938.5, 10710.0], [109939.0, 6590.0], [109939.5, 38190.0], [109940.0, 20.0], [109940.5, 69610.0], [109941.0, 45020.0], [109941.5, 20.0], [109942.5, 1000.0], [109944.5, 25000.0], [109945.0, 5690.0], [109949.0, 18000.0]]}}}
{"jsonrpc": "2.0", "method": "subscription", "params": {"channel": "book.BTC-PERPETUAL.none.20.100ms", "data": {"timestamp": 1761906108007, "change_id": 124515709305, "instrument_name": "BTC-PERPETUAL", "bids": [[109929.0, 228660.0], [109925.5, 75700.0], [109925.0, 30000.0], [109920.5, 25070.0], [109920.0, 76000.0], [109918.0, 7990.0], [109917.0, 9240.0], [109916.5, 24070.0], [109916.0, 68020.0], [109915.5, 20.0], [109915.0, 2520.0], [109914.5, 20.0], [109914.0, 220.0], [109913.5, 20.0], [109913.0, 20.0], [109912.5, 20.0], [109912.0, 24280.0], [109911.5, 45000.0], [109907.5, 11000.0], [109907.0, 11000.0]], "asks": [[109929.5, 338070.0], [109930.5, 14100.0], [109931.5, 21910.0], [109932.5, 6000.0], [109934.0, 24920.0], [109936.5, 11000.0], [109937.0, 11200.0], [109937.5, 26000.0], [109938.0, 18020.0], [109938.5, 10210.0], [109939.0, 7090.0], [109939.5, 38190.0], [109940.0, 20.0], [109940.5, 69630.0], [109941.0, 45040.0], [109941.5, 20.0], [109942.5, 1000.0], [109944.5, 25000.0], [109945.0, 5690.0], [109949.0, 18000.0]]}}}
{"jsonrpc": "2.0", "method": "subscription", "params": {"channel": "book.BTC-PERPETUAL.none.20.100ms", "data": {"timestamp": 1761906108347, "change_id": 124515709791, "instrument_name": "BTC-PERPETUAL", "bids": [[109929.0, 177410.0], [109925.5, 75700.0], [109925.0, 30000.0], [109920.5, 25070.0], [109920.0, 76000.0], [109918.0, 7990.0], [109917.0, 9240.0], [109916.5, 24070.0], [109916.0, 68000.0], [109915.0, 2500.0], [109914.0, 200.0], [109913.5, 20.0], [109913.0, 20.0], [109912.5, 20.0], [109912.0, 24300.0], [109911.5, 45020.0], [109907.5, 11000.0], [109907.0, 11000.0], [109906.5, 53650.0], [109905.5, 7940.0]], "asks": [[109929.5, 329870.0], [109930.5, 18110.0], [109931.5, 22910.0], [109932.5, 6000.0], [109933.5, 16000.0], [109934.0, 24920.0], [109937.0, 11200.0], [109937.5, 26000.0], [109938.0, 18020.0], [109938.5, 10210.0], [109939.0, 7090.0], [109939.5, 38190.0], [109940.0, 20.0], [109940.5, 8010.0], [109941.0, 45040.0], [109941.5, 20.0], [109942.0, 61620.0], [109944.5, 25000.0], [109945.0, 5690.0], [109949.0, 18000.0]]}}}
{"jsonrpc": "2.0", "method": "subscription", "params": {"channel": "book.BTC-PERPETUAL.none.20.100ms", "data": {"timestamp": 1761906108669, "change_id": 124515709973, "instrument_name": "BTC-PERPETUAL", "bids": [[109929.0, 177410.0], [109925.5, 75700.0], [109925.0, 30000.0], [109920.5, 25070.0], [109920.0, 76000.0], [109918.0, 7990.0], [109917.0, 9240.0], [109916.5, 24070.0], [109916.0, 68000.0], [109915.0, 2500.0], [109914.0, 220.0], [109913.5, 20.0], [109913.0, 20.0], [109912.5, 20.0], [109912.0, 24300.0], [109911.5, 45020.0], [109911.0, 20.0], [109910.5, 20.0], [109907.5, 11000.0], [109907.0, 11000.0]], "asks": [[109929.5, 329870.0], [109930.5, 18110.0], [109931.5, 22910.0], [109932.5, 6000.0], [109933.5, 5000.0], [109934.0, 24920.0], [109935.5, 20.0], [109936.0, 20.0], [109936.5, 11020.0], [109937.0, 11220.0], [109937.5, 26020.0], [109938.0, 18020.0], [109938.5, 10210.0], [109939.0, 7090.0], [109939.5, 38170.0], [109940.5, 7990.0], [109941.0, 45020.0], [109941.5, 20.0], [109942.0, 61620.0], [109944.5, 25000.0]]}}}
{"jsonrpc": "2.0", "method": "subscription", "params": {"channel": "book.BTC-PERPETUAL.none.20.100ms", "data": {"timestamp": 1761906109014, "change_id": 124515710372, "instrument_name": "BTC-PERPETUAL", "bids": [[109929.0, 257510.0], [109925.5, 75700.0], [109925.0, 30000.0], [109920.5, 25070.0], [109920.0, 76000.0], [109918.0, 7990.0], [109917.0, 9240.0], [109916.5, 24070.0], [109916.0, 68000.0], [109915.0, 2500.0], [109914.5, 20.0], [109914.0, 220.0], [109913.5, 20.0], [109913.0, 20.0], [109912.5, 20.0], [109912.0, 24300.0], [109911.5, 45020.0], [109911.0, 20.0], [109907.5, 11000.0], [109907.0, 11000.0]], "asks": [[109929.5, 329870.0], [109930.5, 18110.0], [109931.5, 22910.0], [109932.5, 6000.0], [109933.5, 5000.0], [109934.0, 24920.0], [109936.5, 11020.0], [109937.0, 11220.0], [109937.5, 26020.0], [109938.0, 18020.0], [109938.5, 10210.0], [109939.0, 7090.0], [109939.5, 38170.0], [109940.0, 61620.0], [109940.5, 7990.0], [109941.0, 45020.0], [109941.5, 20.0], [109944.5, 25000.0], [109945.0, 5690.0], [109949.0, 18000.0]]}}}
{"jsonrpc": "2.0", "method": "subscription", "params": {"channel": "book.BTC-PERPETUAL.none.20.100ms", "data": {"timestamp": 1761906109316, "change_id": 124515710849, "instrument_name": "BTC-PERPETUAL", "bids": [[109929.0, 249760.0], [109925.5, 75700.0], [109925.0, 30000.0], [109920.5, 25070.0], [109920.0, 76000.0], [109918.0, 7990.0], [109917.0, 9240.0], [109916.5, 24070.0], [109916.0, 68000.0], [109915.0, 2520.0], [109914.5, 20.0], [109914.0, 220.0], [109913.5, 20.0], [109913.0, 20.0], [109912.5, 20.0], [109912.0, 35300.0], [109911.5, 45020.0], [109907.0, 11000.0], [109906.5, 53650.0], [109905.5, 7940.0]], "asks": [[109929.5, 329870.0], [109930.5, 18110.0], [109931.5, 22910.0], [109932.5, 6000.0], [109933.5, 5000.0], [109934.0, 24920.0], [109936.5, 11000.0], [109937.0, 11220.0], [109937.5, 26020.0], [109938.0, 18020.0], [109938.5, 10210.0], [109939.0, 7090.0], [109939.5, 38190.0], [109940.0, 61640.0], [109940.5, 7990.0], [109941.0, 45020.0], [109941.5, 20.0], [109944.5, 25000.0], [109945.0, 5690.0], [109949.0, 18000.0]]}}}
{"jsonrpc": "2.0", "method": "subscription", "params": {"channel": "book.BTC-PERPETUAL.none.20.100ms", "data": {"timestamp": 1761906109652, "change_id": 124515711047, "instrument_name": "BTC-PERPETUAL", "bids": [[109929.0, 269760.0], [109925.5, 75700.0], [109925.0, 30000.0], [109920.5, 25070.0], [109920.0, 76000.0], [109918.0, 7990.0], [109917.5, 500.0], [109917.0, 9240.0], [109916.5, 23590.0], [109916.0, 68020.0], [109915.5, 20.0], [109915.0, 2520.0], [109914.5, 20.0], [109914.0, 220.0], [109913.5, 20.0], [109913.0, 20.0], [109912.0, 35280.0], [109911.5, 45000.0], [109907.0, 11000.0], [109906.5, 53650.0]], "asks": [[109929.5, 252870.0], [109930.5, 14100.0], [109931.5, 22910.0], [109932.5, 6000.0], [109934.0, 44580.0], [109936.5, 11000.0], [109937.0, 11200.0], [109937.5, 26000.0], [109938.0, 18000.0], [109938.5, 10210.0], [109939.0, 83590.0], [109939.5, 38190.0], [109940.0, 520.0], [109940.5, 8010.0], [109941.0, 45040.0], [109941.5, 40.0], [109942.0, 20.0], [109944.0, 61620.0], [109944.5, 25000.0], [109945.0, 5690.0]]}}}
{"jsonrpc": "2.0", "method": "subscription", "params": {"channel": "book.BTC-PERPETUAL.none.20.100ms", "data": {"timestamp": 1761906110002, "change_id": 124515711496, "instrument_name": "BTC-PERPETUAL", "bids": [[109929.0, 263360.0], [109925.5, 75700.0], [109925.0, 30000.0], [109920.5, 25070.0], [109920.0, 76000.0], [109918.0, 7990.0], [109917.5, 500.0], [109917.0, 9240.0], [109916.5, 23590.0], [109916.0, 68020.0], [109915.5, 20.0], [109915.0, 2520.0], [109914.5, 20.0], [109914.0, 220.0], [109913.5, 20.0], [109913.0, 20.0], [109912.0, 35280.0], [109911.5, 45000.0], [109907.0, 11000.0], [109906.5, 53650.0]], "asks": [[109929.5, 252870.0], [109930.5, 19630.0], [109931.0, 21100.0], [109931.5, 22910.0], [109932.5, 6000.0], [109934.0, 44580.0], [109936.5, 11000.0], [109937.0, 11200.0], [109937.5, 26000.0], [109938.0, 18000.0], [109938.5, 10210.0], [109939.0, 83590.0], [109939.5, 38190.0], [109940.0, 520.0], [109940.5, 69630.0], [109941.0, 45040.0], [109941.5, 40.0], [109942.0, 20.0], [109944.5, 25000.0], [109945.0, 5690.0]]}}}
{"jsonrpc": "2.0", "method": "subscription", "params": {"channel": "book.BTC-PERPETUAL.none.20.100ms", "data": {"timestamp": 1761906110334, "change_id": 124515711978, "instrument_name": "BTC-PERPETUAL", "bids": [[109929.0, 249760.0], [109925.0, 30000.0], [109920.5, 25070.0], [109920.0, 76000.0], [109918.0, 7990.0], [109917.5, 500.0], [109917.0, 9240.0], [109916.5, 23570.0], [109916.0, 68000.0], [109915.0, 2500.0], [109914.5, 20.0], [109914.0, 220.0], [109913.5, 20.0], [109913.0, 20.0], [109912.5, 20.0], [109912.0, 35280.0], [109911.5, 45000.0], [109907.0, 11000.0], [109906.5, 53650.0], [109905.5, 7940.0]], "asks": [[109929.5, 252870.0], [109930.5, 19630.0], [109931.0, 21100.0], [109931.5, 22910.0], [109932.5, 6000.0], [109933.5, 5000.0], [109934.0, 44580.0], [109936.5, 11020.0], [109937.0, 11220.0], [109937.5, 26020.0], [109938.0, 18020.0], [109938.5, 10210.0], [109939.0, 83590.0], [109939.5, 38190.0], [109940.0, 520.0], [109940.5, 69610.0], [109941.0, 45020.0], [109941.5, 20.0], [109944.5, 25000.0], [109945.0, 5690.0]]}}}
{"jsonrpc": "2.0", "method": "subscription", "params": {"channel": "book.BTC-PERPETUAL.none.20.100ms", "data": {"timestamp": 1761906110663, "change_id": 124515712181, "instrument_name": "BTC-PERPETUAL", "bids": [[109929.0, 249760.0], [109925.0, 30000.0], [109920.5, 25070.0], [109920.0, 76000.0], [109918.0, 7990.0], [109917.0, 9240.0], [109916.5, 24070.0], [109916.0, 68000.0], [109915.0, 2500.0], [109914.5, 20.0], [109914.0, 220.0], [109913.5, 20.0], [109913.0, 20.0], [109912.5, 20.0], [109912.0, 24300.0], [109911.5, 45020.0], [109911.0, 20.0], [109907.5, 11000.0], [109907.0, 11000.0], [109906.5, 53650.0]], "asks": [[109929.5, 252870.0], [109930.5, 19630.0], [109931.0, 21100.0], [109931.5, 22910.0], [109932.5, 6000.0], [109933.0, 11000.0], [109933.5, 5000.0], [109934.0, 44580.0], [109936.5, 20.0], [109937.0, 11220.0], [109937.5, 26020.0], [109938.0, 18020.0], [109938.5, 10210.0], [109939.0, 84090.0], [109939.5, 38190.0], [109940.0, 61620.0], [109940.5, 7990.0], [109941.0, 45020.0], [109941.5, 20.0], [109944.5, 25000.0]]}}}
{"jsonrpc": "2.0", "method": "subscription", "params": {"channel": "book.BTC-PERPETUAL.none.20.100ms", "data": {"timestamp": 1761906110996, "change_id": 124515712679, "instrument_name": "BTC-PERPETUAL", "bids": [[109929.0, 218960.0], [109925.0, 30000.0], [109920.0, 76000.0], [109918.0, 7990.0], [109916.5, 23570.0], [109916.0, 68000.0], [109915.0, 2500.0], [109914.0, 200.0], [109913.0, 9240.0], [109912.5, 500.0], [109912.0, 24280.0], [109911.5, 45000.0], [109911.0, 20.0], [109907.5, 11000.0], [109907.0, 11000.0], [109906.5, 53650.0], [109905.5, 7940.0], [109904.0, 18000.0], [109903.0, 40610.0], [109902.5, 8820.0]], "asks": [[109929.5, 363270.0], [109930.5, 29980.0], [109931.0, 21100.0], [109931.5, 22910.0], [109932.0, 11000.0], [109932.5, 6000.0], [109933.0, 26000.0], [109934.0, 13920.0], [109934.5, 20.0], [109935.0, 20.0], [109935.5, 20.0], [109936.0, 20.0], [109936.5, 20.0], [109937.0, 11220.0], [109937.5, 500.0], [109938.0, 18000.0], [109938.5, 10190.0], [109939.0, 6570.0], [109939.5, 38170.0], [109940.0, 61620.0]]}}}
{"jsonrpc": "2.0", "method": "subscription", "params": {"channel": "book.BTC-PERPETUAL.none.20.100ms", "data": {"timestamp": 1761906111328, "change_id": 124515713449, "instrument_name": "BTC-PERPETUAL", "bids": [[109929.0, 20540.0], [109921.0, 5770.0], [109920.0, 60000.0], [109918.5, 110000.0], [109916.0, 50000.0], [109915.0, 2500.0], [109912.0, 26510.0], [109911.5, 45000.0], [109908.0, 9240.0], [109907.5, 200.0], [109906.5, 53650.0], [109905.5, 7940.0], [109904.5, 11500.0], [109904.0, 18000.0], [109903.0, 40610.0], [109902.0, 87920.0], [109900.0, 11000.0], [109899.5, 55220.0], [109899.0, 87910.0], [109897.0, 40610.0]], "asks": [[109929.5, 417290.0], [109930.0, 38350.0], [109930.5, 67390.0], [109931.0, 32100.0], [109931.5, 22910.0], [109932.5, 6000.0], [109933.0, 20.0], [109933.5, 20.0], [109934.0, 19690.0], [109934.5, 20.0], [109935.0, 20.0], [109935.5, 20.0], [109936.0, 20.0], [109936.5, 20.0], [109938.0, 18000.0], [109938.5, 10190.0], [109939.0, 6570.0], [109939.5, 23290.0], [109940.0, 21010.0], [109940.5, 7990.0]]}}}
{"jsonrpc": "2.0", "method": "subscription", "params": {"channel": "book.BTC-PERPETUAL.none.20.100ms", "data": {"timestamp": 1761906111649, "change_id": 124515713867, "instrument_name": "BTC-PERPETUAL", "bids": [[109929.0, 20540.0], [109925.5, 5770.0], [109920.0, 60000.0], [109916.0, 50000.0], [109915.0, 2500.0], [109912.0, 52500.0], [109911.5, 45000.0], [109908.5, 110000.0], [109907.5, 20.0], [109906.5, 53650.0], [109906.0, 17240.0], [109905.5, 7940.0], [109904.5, 11500.0], [109904.0, 18000.0], [109903.5, 11000.0], [109903.0, 40610.0], [109902.0, 87920.0], [109901.5, 200.0], [109899.5, 55220.0], [109899.0, 87910.0]], "asks": [[109929.5, 428290.0], [109930.0, 34010.0], [109930.5, 5770.0], [109931.0, 21100.0], [109931.5, 22910.0], [109932.5, 6000.0], [109933.0, 20.0], [109933.5, 61640.0], [109934.0, 19690.0], [109934.5, 20.0], [109935.0, 20.0], [109935.5, 20.0], [109936.0, 20.0], [109936.5, 20.0], [109938.0, 18000.0], [109938.5, 10190.0], [109939.0, 6570.0], [109939.5, 23290.0], [109940.5, 7990.0], [109941.0, 45020.0]]}}}
{"jsonrpc": "2.0", "method": "subscription", "params": {"channel": "book.BTC-PERPETUAL.none.20.100ms", "data": {"timestamp": 1761906111981, "change_id": 124515714351, "instrument_name": "BTC-PERPETUAL", "bids": [[109929.0, 20540.0], [109925.5, 5770.0], [109920.0, 60000.0], [109916.5, 110000.0], [109916.0, 50000.0], [109915.0, 2500.0], [109912.0, 30950.0], [109911.5, 45000.0], [109909.5, 20.0], [109909.0, 20.0], [109908.5, 20.0], [109908.0, 20.0], [109907.5, 20.0], [109907.0, 220.0], [109906.5, 29030.0], [109906.0, 8000.0], [109905.5, 7940.0], [109904.5, 11000.0], [109904.0, 18000.0], [109903.5, 11000.0]], "asks": [[109929.5, 452790.0], [109930.0, 21670.0], [109930.5, 16770.0], [109931.0, 21100.0], [109931.5, 22910.0], [109932.5, 6000.0], [109933.0, 20.0], [109933.5, 20.0], [109934.0, 32900.0], [109934.5, 20.0], [109935.0, 20.0], [109937.0, 61620.0], [109938.0, 18000.0], [109938.5, 10190.0], [109939.0, 6570.0], [109939.5, 23290.0], [109940.5, 7990.0], [109941.0, 45020.0], [109941.5, 20.0], [109944.5, 21010.0]]}}}
{"jsonrpc": "2.0", "method": "subscription", "params": {"channel": "book.BTC-PERPETUAL.none.20.100ms", "data": {"timestamp": 1761906112319, "change_id": 124515714917, "instrument_name": "BTC-PERPETUAL", "bids": [[109929.0, 20540.0], [109925.5, 5770.0], [109920.0, 60000.0], [109916.5, 110000.0], [109916.0, 50000.0], [109915.0, 2500.0], [109912.0, 30950.0], [109911.5, 45000.0], [109909.5, 20.0], [109909.0, 20.0], [109908.5, 20.0], [109908.0, 20.0], [109907.5, 20.0], [109907.0, 220.0], [109906.5, 29050.0], [109906.0, 8020.0], [109905.5, 18940.0], [109905.0, 500.0], [109904.5, 11000.0], [109904.0, 18000.0]], "asks": [[109929.5, 444790.0], [109930.0, 21670.0], [109930.5, 16770.0], [109931.0, 21100.0], [109931.5, 22930.0], [109932.0, 20.0], [109932.5, 6020.0], [109933.0, 20.0], [109933.5, 20.0], [109934.0, 32890.0], [109934.5, 20.0], [109935.0, 20.0], [109937.5, 61620.0], [109938.0, 18000.0], [109938.5, 10190.0], [109939.0, 6570.0], [109939.5, 23290.0], [109940.5, 7990.0], [109941.0, 45020.0], [109941.5, 20.0]]}}}
{"jsonrpc": "2.0", "method": "subscription", "params": {"channel": "book.BTC-PERPETUAL.none.20.100ms", "data": {"timestamp": 1761906112583, "change_id": 124515715113, "instrument_name": "BTC-PERPETUAL", "bids": [[109929.0, 20540.0], [109925.5, 5770.0], [109920.0, 60000.0], [109916.5, 110000.0], [109916.0, 50000.0], [109915.0, 2500.0], [109912.0, 30950.0], [109911.5, 45000.0], [109910.5, 20.0], [109910.0, 20.0], [109909.5, 20.0], [109909.0, 20.0], [109908.5, 20.0], [109908.0, 20.0], [109907.5, 20.0], [109907.0, 200.0], [109906.5, 29030.0], [109906.0, 8500.0], [109905.5, 18940.0], [109904.5, 11000.0]], "asks": [[109929.5, 444690.0], [109930.0, 21670.0], [109930.5, 21770.0], [109931.0, 21100.0], [109931.5, 22910.0], [109932.5, 6000.0], [109933.5, 20.0], [109934.0, 32890.0], [109934.5, 20.0], [109935.0, 20.0], [109935.5, 20.0], [109936.0, 20.0], [109937.5, 61620.0], [109938.0, 18000.0], [109938.5, 10190.0], [109939.0, 6570.0], [109939.5, 23290.0], [109940.5, 7990.0], [109941.0, 45020.0], [109941.5, 20.0]]}}}
{"jsonrpc": "2.0", "method": "subscription", "params": {"channel": "book.BTC-PERPETUAL.none.20.100ms", "data": {"timestamp": 1761906112951, "change_id": 124515715555, "instrument_name": "BTC-PERPETUAL", "bids": [[109929.0, 20540.0], [109925.5, 5770.0], [109920.0, 60000.0], [109916.5, 110000.0], [109916.0, 50000.0], [109915.0, 2500.0], [109912.0, 30950.0], [109911.5, 45000.0], [109909.5, 20.0], [109909.0, 20.0], [109908.5, 20.0], [109908.0, 20.0], [109907.5, 20.0], [109907.0, 220.0], [109906.5, 29050.0], [109906.0, 8000.0], [109905.5, 18940.0], [109905.0, 500.0], [109904.5, 11000.0], [109904.0, 18000.0]], "asks": [[109929.5, 460590.0], [109930.0, 21670.0], [109930.5, 21770.0], [109931.5, 22910.0], [109932.0, 20.0], [109932.5, 6020.0], [109933.0, 20.0], [109933.5, 20.0], [109934.0, 32910.0], [109934.5, 20.0], [109935.0, 20.0], [109935.5, 20.0], [109937.5, 61620.0], [109938.0, 18000.0], [109938.5, 10190.0], [109939.0, 6570.0], [109939.5, 15830.0], [109940.5, 7990.0], [109941.0, 45020.0], [109941.5, 20.0]]}}}
