{"jsonrpc": "2.0", "id": 1, "result": ["book.BTC-PERPETUAL.none.20.100ms"], "usIn": 1755857878720174, "usOut": 1755857878720381, "usDiff": 207, "testnet": false}
{"jsonrpc": "2.0", "method": "subscription", "params": {"channel": "book.BTC-PERPETUAL.none.20.100ms", "data": {"timestamp": 1755857878716, "change_id": 114493064442, "instrument_name": "BTC-PERPETUAL", "bids": [[112717.5, 17650.0], [112713.0, 40.0], [112712.5, 340.0], [112711.0, 140.0], [112710.0, 30.0], [112709.0, 340.0], [112708.5, 3600.0], [112705.5, 340.0], [112705.0, 130.0], [112702.5, 340.0], [112700.5, 27640.0], [112700.0, 11870.0], [112699.0, 340.0], [112698.0, 10.0], [112696.5, 5740.0], [112696.0, 340.0], [112695.5, 500.0], [112695.0, 120.0], [112692.5, 340.0], [112689.5, 340.0]], "asks": [[112718.0, 926580.0], [112718.5, 20.0], [112719.0, 33430.0], [112719.5, 82620.0], [112720.0, 6020.0], [112720.5, 20.0], [112721.0, 20.0], [112721.5, 20.0], [112722.5, 142990.0], [112723.0, 149040.0], [112725.0, 20000.0], [112725.5, 122150.0], [112728.0, 105430.0], [112734.0, 41110.0], [112737.0, 44790.0], [112738.0, 8900.0], [112739.0, 23720.0], [112740.0, 3750.0], [112743.0, 16180.0], [112744.5, 61620.0]]}}}
{"jsonrpc": "2.0", "method": "subscription", "params": {"channel": "book.BTC-PERPETUAL.none.20.100ms", "data": {"timestamp": 1755857878732, "change_id": 114493064457, "instrument_name": "BTC-PERPETUAL", "bids": [[112717.5, 17650.0], [112713.0, 40.0], [112712.5, 340.0], [112711.0, 140.0], [112710.0, 30.0], [112709.0, 340.0], [112708.5, 3600.0], [112705.5, 340.0], [112705.0, 130.0], [112702.5, 340.0], [112700.5, 27640.0], [112700.0, 11870.0], [112699.0, 340.0], [112698.0, 10.0], [112696.5, 5740.0], [112696.0, 340.0], [112695.5, 500.0], [112695.0, 120.0], [112693.5, 20.0], [112693.0, 20.0]], "asks": [[112718.0, 933180.0], [112718.5, 520.0], [112719.0, 32930.0], [112719.5, 76020.0], [112720.0, 6020.0], [112720.5, 20.0], [112721.0, 20.0], [112721.5, 20.0], [112722.5, 142990.0], [112723.0, 149040.0], [112725.0, 20000.0], [112725.5, 122150.0], [112728.0, 105430.0], [112734.0, 41110.0], [112737.0, 44790.0], [112738.0, 8900.0], [112739.0, 23720.0], [112740.0, 3750.0], [112743.0, 16180.0], [112744.5, 61620.0]]}}}
{"jsonrpc": "2.0", "method": "subscription", "params": {"channel": "book.BTC-PERPETUAL.none.20.100ms", "data": {"timestamp": 1755857879059, "change_id": 114493065086, "instrument_name": "BTC-PERPETUAL", "bids": [[112717.5, 11490.0], [112713.0, 40.0], [112712.5, 340.0], [112711.0, 140.0], [112710.0, 30.0], [112709.0, 20340.0], [112708.5, 3600.0], [112705.5, 340.0], [112705.0, 130.0], [112702.5, 340.0], [112700.5, 27640.0], [112700.0, 11870.0], [112699.0, 340.0], [112698.5, 20000.0], [112698.0, 10.0], [112696.5, 5740.0], [112696.0, 340.0], [112695.5, 500.0], [112695.0, 120.0], [112692.5, 340.0]], "asks": [[112718.0, 936420.0], [112718.5, 50020.0], [112719.0, 91990.0], [112719.5, 26020.0], [112720.0, 212530.0], [112720.5, 20.0], [112721.0, 20.0], [112721.5, 20.0], [112722.5, 142990.0], [112723.0, 149040.0], [112725.0, 20000.0], [112725.5, 122150.0], [112728.0, 105430.0], [112734.0, 41110.0], [112737.0, 44790.0], [112738.0, 8900.0], [112739.0, 23720.0], [112740.0, 3750.0], [112743.0, 16180.0], [112744.5, 61620.0]]}}}
{"jsonrpc": "2.0", "method": "subscription", "params": {"channel": "book.BTC-PERPETUAL.none.20.100ms", "data": {"timestamp": 1755857879394, "change_id": 114493065656, "instrument_name": "BTC-PERPETUAL", "bids": [[112717.5, 11490.0], [112713.0, 40.0], [112712.5, 340.0], [112711.0, 140.0], [112710.0, 30.0], [112709.0, 340.0], [112708.5, 3600.0], [112705.5, 340.0], [112705.0, 130.0], [112702.5, 340.0], [112702.0, 8280.0], [112701.0, 27610.0], [112700.5, 11680.0], [112700.0, 11870.0], [112699.0, 340.0], [112698.5, 20000.0], [112698.0, 10.0], [112697.0, 500.0], [112696.5, 5740.0], [112696.0, 340.0]], "asks": [[112718.0, 930210.0], [112718.5, 50020.0], [112719.0, 12830.0], [112719.5, 20.0], [112720.0, 6020.0], [112720.5, 20.0], [112721.0, 20.0], [112721.5, 20.0], [112722.0, 500.0], [112722.5, 142990.0], [112723.0, 149040.0], [112724.5, 32600.0], [112725.0, 20000.0], [112725.5, 122150.0], [112728.0, 105430.0], [112728.5, 35050.0], [112729.0, 116820.0], [112734.0, 16110.0], [112737.0, 44790.0], [112738.0, 8900.0]]}}}
{"jsonrpc": "2.0", "method": "subscription", "params": {"channel": "book.BTC-PERPETUAL.none.20.100ms", "data": {"timestamp": 1755857879735, "change_id": 114493065881, "instrument_name": "BTC-PERPETUAL", "bids": [[112717.5, 11490.0], [112713.0, 40.0], [112712.5, 340.0], [112711.0, 140.0], [112710.0, 30.0], [112709.0, 340.0], [112708.5, 3600.0], [112705.5, 340.0], [112705.0, 130.0], [112702.5, 340.0], [112700.5, 28560.0], [112700.0, 11870.0], [112699.0, 340.0], [112698.0, 10.0], [112696.5, 5740.0], [112696.0, 340.0], [112695.0, 120.0], [112694.5, 500.0], [112694.0, 6200.0], [112693.5, 20000.0]], "asks": [[112718.0, 967810.0], [112718.5, 50020.0], [112719.0, 12830.0], [112719.5, 20.0], [112720.0, 6020.0], [112720.5, 20.0], [112721.0, 20.0], [112721.5, 20.0], [112722.5, 142990.0], [112723.0, 149040.0], [112725.0, 20000.0], [112725.5, 122150.0], [112728.0, 105430.0], [112728.5, 93190.0], [112729.0, 116820.0], [112730.5, 208430.0], [112734.0, 41110.0], [112737.0, 44790.0], [112738.0, 8900.0], [112739.0, 23720.0]]}}}
{"jsonrpc": "2.0", "method": "subscription", "params": {"channel": "book.BTC-PERPETUAL.none.20.100ms", "data": {"timestamp": 1755857880063, "change_id": 114493066427, "instrument_name": "BTC-PERPETUAL", "bids": [[112717.5, 11490.0], [112713.0, 40.0], [112712.5, 340.0], [112711.0, 140.0], [112710.0, 30.0], [112709.0, 340.0], [112708.5, 3600.0], [112706.0, 27920.0], [112705.5, 20340.0], [112705.0, 130.0], [112702.5, 340.0], [112700.0, 11870.0], [112699.0, 340.0], [112698.0, 10.0], [112696.5, 5740.0], [112696.0, 340.0], [112695.5, 500.0], [112695.0, 120.0], [112694.0, 6200.0], [112693.5, 20000.0]], "asks": [[112718.0, 967310.0], [112718.5, 50020.0], [112719.0, 13330.0], [112719.5, 20.0], [112720.0, 6020.0], [112720.5, 20.0], [112721.0, 20.0], [112721.5, 20.0], [112722.5, 142990.0], [112723.0, 149040.0], [112725.0, 20000.0], [112725.5, 122150.0], [112728.0, 105430.0], [112728.5, 93190.0], [112729.0, 116820.0], [112730.5, 233430.0], [112734.0, 16110.0], [112737.0, 44790.0], [112738.0, 8900.0], [112739.0, 23720.0]]}}}
{"jsonrpc": "2.0", "method": "subscription", "params": {"channel": "book.BTC-PERPETUAL.none.20.100ms", "data": {"timestamp": 1755857880396, "change_id": 114493066961, "instrument_name": "BTC-PERPETUAL", "bids": [[112717.5, 11490.0], [112713.0, 40.0], [112712.5, 340.0], [112711.0, 140.0], [112710.0, 30.0], [112709.0, 340.0], [112708.5, 3600.0], [112705.5, 340.0], [112705.0, 130.0], [112702.5, 340.0], [112701.0, 27790.0], [112700.5, 9460.0], [112700.0, 11870.0], [112699.5, 5740.0], [112699.0, 340.0], [112698.0, 10.0], [112697.0, 20000.0], [112696.5, 500.0], [112696.0, 340.0], [112695.0, 120.0]], "asks": [[112718.0, 934870.0], [112718.5, 50020.0], [112719.0, 19180.0], [112719.5, 20.0], [112720.0, 6020.0], [112720.5, 20.0], [112721.0, 20.0], [112721.5, 20.0], [112722.0, 33100.0], [112722.5, 142990.0], [112723.0, 149040.0], [112725.0, 20000.0], [112725.5, 122150.0], [112728.0, 105430.0], [112728.5, 7500.0], [112733.0, 25000.0], [112734.0, 16110.0], [112737.0, 44790.0], [112738.0, 8900.0], [112739.0, 23720.0]]}}}
{"jsonrpc": "2.0", "method": "subscription", "params": {"channel": "book.BTC-PERPETUAL.none.20.100ms", "data": {"timestamp": 1755857880715, "change_id": 114493067174, "instrument_name": "BTC-PERPETUAL", "bids": [[112717.5, 5670.0], [112713.0, 40.0], [112712.5, 340.0], [112711.0, 140.0], [112710.0, 30.0], [112709.5, 20000.0], [112709.0, 340.0], [112708.5, 3600.0], [112705.5, 340.0], [112705.0, 130.0], [112702.5, 340.0], [112701.0, 27760.0], [112700.5, 9460.0], [112700.0, 11870.0], [112699.5, 5740.0], [112699.0, 340.0], [112698.0, 10.0], [112697.0, 20000.0], [112696.5, 500.0], [112696.0, 340.0]], "asks": [[112718.0, 935520.0], [112718.5, 50020.0], [112719.0, 6620.0], [112719.5, 20.0], [112720.0, 6020.0], [112720.5, 20.0], [112721.0, 520.0], [112721.5, 77440.0], [112722.0, 235050.0], [112722.5, 142990.0], [112723.0, 149040.0], [112725.0, 20000.0], [112725.5, 122150.0], [112728.0, 105430.0], [112728.5, 7500.0], [112733.0, 25000.0], [112734.0, 16110.0], [112737.0, 44790.0], [112738.0, 8900.0], [112739.0, 23720.0]]}}}
{"jsonrpc": "2.0", "method": "subscription", "params": {"channel": "book.BTC-PERPETUAL.none.20.100ms", "data": {"timestamp": 1755857881054, "change_id": 114493067749, "instrument_name": "BTC-PERPETUAL", "bids": [[112717.5, 5670.0], [112713.0, 40.0], [112712.5, 340.0], [112711.0, 140.0], [112710.0, 30.0], [112709.0, 340.0], [112708.5, 3600.0], [112705.5, 340.0], [112705.0, 130.0], [112702.5, 340.0], [112701.0, 27970.0], [112700.5, 9460.0], [112700.0, 11870.0], [112699.5, 5740.0], [112699.0, 340.0], [112698.0, 10.0], [112697.0, 20500.0], [112696.0, 340.0], [112695.0, 120.0], [112692.5, 340.0]], "asks": [[112718.0, 942120.0], [112718.5, 50020.0], [112719.0, 20.0], [112719.5, 20.0], [112720.0, 6020.0], [112720.5, 520.0], [112721.0, 26020.0], [112721.5, 77440.0], [112722.0, 209050.0], [112722.5, 142990.0], [112723.0, 149040.0], [112725.0, 20000.0], [112725.5, 122150.0], [112728.0, 105430.0], [112728.5, 7500.0], [112733.0, 25000.0], [112734.0, 16110.0], [112737.0, 44790.0], [112738.0, 8900.0], [112739.0, 23720.0]]}}}
{"jsonrpc": "2.0", "method": "subscription", "params": {"channel": "book.BTC-PERPETUAL.none.20.100ms", "data": {"timestamp": 1755857881388, "change_id": 114493068215, "instrument_name": "BTC-PERPETUAL", "bids": [[112717.5, 5670.0], [112713.0, 40.0], [112712.5, 340.0], [112711.0, 140.0], [112710.0, 30.0], [112709.0, 340.0], [112708.5, 3600.0], [112706.0, 28000.0], [112705.5, 340.0], [112705.0, 130.0], [112702.5, 340.0], [112700.5, 9460.0], [112700.0, 11870.0], [112699.5, 5740.0], [112699.0, 340.0], [112698.0, 10.0], [112697.0, 20000.0], [112696.5, 500.0], [112696.0, 340.0], [112695.0, 120.0]], "asks": [[112718.0, 942960.0], [112718.5, 50020.0], [112719.0, 20.0], [112719.5, 26020.0], [112720.0, 6020.0], [112720.5, 20.0], [112721.0, 520.0], [112721.5, 77440.0], [112722.0, 209050.0], [112722.5, 142990.0], [112723.0, 149040.0], [112725.0, 20000.0], [112725.5, 122150.0], [112728.0, 105430.0], [112728.5, 7500.0], [112733.0, 25000.0], [112734.0, 16110.0], [112737.0, 44790.0], [112738.0, 8900.0], [112739.0, 23720.0]]}}}
{"jsonrpc": "2.0", "method": "subscription", "params": {"channel": "book.BTC-PERPETUAL.none.20.100ms", "data": {"timestamp": 1755857881720, "change_id": 114493068491, "instrument_name": "BTC-PERPETUAL", "bids": [[112717.5, 5670.0], [112713.0, 40.0], [112712.5, 340.0], [112711.0, 140.0], [112710.0, 30.0], [112709.0, 340.0], [112708.5, 3600.0], [112705.5, 340.0], [112705.0, 130.0], [112702.5, 340.0], [112701.0, 28420.0], [112700.5, 3950.0], [112700.0, 11870.0], [112699.5, 5740.0], [112699.0, 340.0], [112698.0, 10.0], [112696.0, 340.0], [112695.5, 500.0], [112695.0, 120.0], [112692.5, 340.0]], "asks": [[112718.0, 948700.0], [112718.5, 50020.0], [112719.0, 520.0], [112719.5, 20.0], [112720.0, 6020.0], [112720.5, 20.0], [112721.0, 26020.0], [112721.5, 77440.0], [112722.0, 209050.0], [112722.5, 142990.0], [112723.0, 149040.0], [112725.0, 20000.0], [112725.5, 122150.0], [112727.0, 650.0], [112728.0, 112930.0], [112733.0, 25000.0], [112734.0, 16110.0], [112737.0, 44790.0], [112738.0, 8900.0], [112739.0, 23720.0]]}}}
{"jsonrpc": "2.0", "method": "subscription", "params": {"channel": "book.BTC-PERPETUAL.none.20.100ms", "data": {"timestamp": 1755857882043, "change_id": 114493069235, "instrument_name": "BTC-PERPETUAL", "bids": [[112717.5, 5670.0], [112713.0, 40.0], [112712.5, 340.0], [112711.0, 140.0], [112710.0, 30.0], [112709.0, 28770.0], [112708.5, 3600.0], [112705.5, 340.0], [112705.0, 130.0], [112702.5, 340.0], [112700.5, 3950.0], [112700.0, 12370.0], [112699.5, 5740.0], [112699.0, 340.0], [112698.0, 10.0], [112696.0, 340.0], [112695.0, 33600.0], [112694.5, 43880.0], [112692.5, 340.0], [112692.0, 10990.0]], "asks": [[112718.0, 952180.0], [112718.5, 20.0], [112719.0, 20.0], [112719.5, 20.0], [112720.0, 6020.0], [112720.5, 11160.0], [112721.0, 20.0], [112721.5, 20.0], [112722.5, 142990.0], [112723.0, 149040.0], [112724.5, 7100.0], [112725.0, 20000.0], [112725.5, 122150.0], [112727.0, 650.0], [112727.5, 26000.0], [112728.0, 105430.0], [112734.0, 41110.0], [112737.0, 44790.0], [112738.0, 8900.0], [112739.0, 5980.0]]}}}
{"jsonrpc": "2.0", "method": "subscription", "params": {"channel": "book.BTC-PERPETUAL.none.20.100ms", "data": {"timestamp": 1755857882381, "change_id": 114493069841, "instrument_name": "BTC-PERPETUAL", "bids": [[112717.5, 6150.0], [112713.0, 40.0], [112712.5, 340.0], [112711.0, 140.0], [112709.0, 28770.0], [112708.5, 3600.0], [112705.5, 2370.0], [112705.0, 5870.0], [112703.0, 500.0], [112702.5, 340.0], [112700.5, 22310.0], [112700.0, 11920.0], [112699.0, 340.0], [112698.0, 10.0], [112696.0, 340.0], [112695.0, 88320.0], [112694.5, 43880.0], [112693.0, 61590.0], [112692.5, 340.0], [112690.5, 25990.0]], "asks": [[112718.0, 924710.0], [112718.5, 20.0], [112719.0, 20.0], [112719.5, 20.0], [112720.0, 20.0], [112720.5, 11160.0], [112721.0, 20.0], [112721.5, 11020.0], [112722.5, 142990.0], [112723.0, 149040.0], [112725.0, 20000.0], [112725.5, 122150.0], [112726.5, 6000.0], [112727.0, 650.0], [112728.0, 105430.0], [112728.5, 90720.0], [112729.0, 46950.0], [112730.5, 212710.0], [112733.5, 57600.0], [112734.0, 16110.0]]}}}
{"jsonrpc": "2.0", "method": "subscription", "params": {"channel": "book.BTC-PERPETUAL.none.20.100ms", "data": {"timestamp": 1755857882712, "change_id": 114493070248, "instrument_name": "BTC-PERPETUAL", "bids": [[112717.5, 6150.0], [112713.0, 40.0], [112712.5, 340.0], [112711.0, 140.0], [112709.5, 8840.0], [112709.0, 26370.0], [112708.5, 3600.0], [112705.5, 340.0], [112705.0, 130.0], [112703.5, 500.0], [112702.5, 340.0], [112700.5, 35640.0], [112700.0, 11920.0], [112699.0, 340.0], [112698.0, 10.0], [112697.5, 10990.0], [112696.5, 300.0], [112696.0, 340.0], [112695.5, 61590.0], [112695.0, 59610.0]], "asks": [[112718.0, 947700.0], [112718.5, 20.0], [112719.0, 20.0], [112719.5, 20.0], [112720.0, 20.0], [112720.5, 11160.0], [112721.0, 20.0], [112721.5, 11020.0], [112722.5, 142990.0], [112723.0, 149040.0], [112725.0, 20000.0], [112725.5, 122150.0], [112727.0, 650.0], [112727.5, 500.0], [112728.0, 105430.0], [112728.5, 90720.0], [112729.0, 46950.0], [112730.0, 6600.0], [112730.5, 212710.0], [112733.5, 26000.0]]}}}
{"jsonrpc": "2.0", "method": "subscription", "params": {"channel": "book.BTC-PERPETUAL.none.20.100ms", "data": {"timestamp": 1755857883040, "change_id": 114493070866, "instrument_name": "BTC-PERPETUAL", "bids": [[112717.5, 5670.0], [112713.0, 40.0], [112712.5, 340.0], [112711.0, 140.0], [112709.5, 1180.0], [112709.0, 26600.0], [112708.5, 3600.0], [112706.0, 5740.0], [112705.5, 340.0], [112705.0, 130.0], [112703.0, 500.0], [112702.5, 340.0], [112700.5, 15840.0], [112700.0, 11920.0], [112699.0, 340.0], [112698.0, 10.0], [112696.5, 11290.0], [112696.0, 340.0], [112695.0, 70290.0], [112694.5, 43880.0]], "asks": [[112718.0, 953920.0], [112718.5, 20.0], [112719.0, 20.0], [112719.5, 20.0], [112720.0, 20.0], [112720.5, 11160.0], [112721.0, 20.0], [112721.5, 11020.0], [112722.5, 142990.0], [112723.0, 149040.0], [112725.0, 20000.0], [112725.5, 122150.0], [112727.0, 1150.0], [112728.0, 105430.0], [112728.5, 90720.0], [112729.0, 46950.0], [112730.0, 32600.0], [112730.5, 212710.0], [112734.0, 16110.0], [112737.0, 44790.0]]}}}
{"jsonrpc": "2.0", "method": "subscription", "params": {"channel": "book.BTC-PERPETUAL.none.20.100ms", "data": {"timestamp": 1755857883373, "change_id": 114493071508, "instrument_name": "BTC-PERPETUAL", "bids": [[112717.5, 6170.0], [112713.0, 58440.0], [112712.5, 340.0], [112711.0, 140.0], [112709.5, 22580.0], [112709.0, 26370.0], [112708.5, 3600.0], [112706.0, 49620.0], [112705.5, 340.0], [112705.0, 130.0], [112702.5, 340.0], [112701.5, 3300.0], [112701.0, 10990.0], [112700.5, 42090.0], [112700.0, 11920.0], [112699.0, 340.0], [112698.0, 61600.0], [112696.5, 300.0], [112696.0, 340.0], [112695.5, 25000.0]], "asks": [[112718.0, 898630.0], [112720.5, 11140.0], [112721.5, 20.0], [112722.0, 20.0], [112722.5, 142990.0], [112723.0, 149040.0], [112724.5, 11000.0], [112725.0, 20000.0], [112725.5, 122150.0], [112727.0, 650.0], [112728.0, 105430.0], [112728.5, 9510.0], [112733.5, 32600.0], [112734.0, 16110.0], [112737.0, 44790.0], [112738.0, 8900.0], [112739.0, 5980.0], [112740.0, 3750.0], [112743.0, 16830.0], [112745.0, 35740.0]]}}}
{"jsonrpc": "2.0", "method": "subscription", "params": {"channel": "book.BTC-PERPETUAL.none.20.100ms", "data": {"timestamp": 1755857883702, "change_id": 114493072307, "instrument_name": "BTC-PERPETUAL", "bids": [[112717.5, 220120.0], [112713.5, 23870.0], [112713.0, 58440.0], [112712.5, 340.0], [112711.0, 140.0], [112710.0, 10990.0], [112709.5, 49690.0], [112709.0, 340.0], [112708.5, 3600.0], [112707.0, 61590.0], [112706.5, 25990.0], [112706.0, 43880.0], [112705.5, 9960.0], [112705.0, 130.0], [112704.5, 25000.0], [112702.5, 340.0], [112700.5, 32090.0], [112700.0, 11920.0], [112699.0, 340.0], [112698.5, 10990.0]], "asks": [[112718.0, 765750.0], [112720.5, 11140.0], [112721.5, 20.0], [112722.0, 11020.0], [112722.5, 142990.0], [112723.0, 149040.0], [112725.5, 142150.0], [112727.0, 650.0], [112728.0, 105430.0], [112730.0, 5740.0], [112730.5, 79630.0], [112731.0, 57410.0], [112732.5, 204210.0], [112734.0, 16110.0], [112736.5, 11000.0], [112737.0, 44790.0], [112738.0, 8900.0], [112739.0, 14230.0], [112742.5, 26500.0], [112743.0, 16830.0]]}}}
{"jsonrpc": "2.0", "method": "subscription", "params": {"channel": "book.BTC-PERPETUAL.none.20.100ms", "data": {"timestamp": 1755857884031, "change_id": 114493073092, "instrument_name": "BTC-PERPETUAL", "bids": [[112717.5, 220120.0], [112714.5, 10750.0], [112714.0, 30200.0], [112713.5, 5740.0], [112713.0, 40.0], [112712.5, 340.0], [112711.0, 140.0], [112709.5, 33920.0], [112709.0, 11330.0], [112708.5, 3600.0], [112706.5, 61590.0], [112706.0, 61400.0], [112705.5, 25340.0], [112705.0, 130.0], [112704.0, 25990.0], [112702.5, 340.0], [112700.5, 25500.0], [112700.0, 11920.0], [112699.0, 340.0], [112698.0, 10.0]], "asks": [[112718.0, 663830.0], [112720.5, 11140.0], [112721.5, 20.0], [112722.0, 11020.0], [112722.5, 142990.0], [112723.0, 149040.0], [112725.5, 142150.0], [112727.0, 650.0], [112728.0, 105430.0], [112728.5, 5740.0], [112730.5, 79630.0], [112731.0, 57410.0], [112732.0, 11000.0], [112732.5, 204210.0], [112734.0, 16110.0], [112737.0, 44790.0], [112738.0, 8900.0], [112739.0, 14230.0], [112741.5, 500.0], [112742.0, 6600.0]]}}}
{"jsonrpc": "2.0", "method": "subscription", "params": {"channel": "book.BTC-PERPETUAL.none.20.100ms", "data": {"timestamp": 1755857884364, "change_id": 114493073653, "instrument_name": "BTC-PERPETUAL", "bids": [[112717.5, 106140.0], [112715.5, 500.0], [112713.0, 40.0], [112712.5, 340.0], [112711.0, 140.0], [112709.5, 17640.0], [112709.0, 340.0], [112708.5, 3600.0], [112706.5, 10990.0], [112706.0, 75710.0], [112705.5, 340.0], [112705.0, 130.0], [112703.0, 86590.0], [112702.5, 340.0], [112701.0, 25990.0], [112700.5, 25500.0], [112700.0, 11940.0], [112699.5, 20.0], [112699.0, 340.0], [112698.0, 10.0]], "asks": [[112718.0, 613850.0], [112718.5, 20.0], [112719.0, 20.0], [112719.5, 20.0], [112720.0, 20.0], [112720.5, 16940.0], [112721.5, 11020.0], [112722.0, 50020.0], [112722.5, 112990.0], [112723.0, 149040.0], [112725.5, 142150.0], [112727.0, 650.0], [112728.0, 105430.0], [112728.5, 5740.0], [112730.0, 11000.0], [112730.5, 79630.0], [112731.0, 57410.0], [112732.5, 204210.0], [112734.0, 16110.0], [112737.0, 44790.0]]}}}
{"jsonrpc": "2.0", "method": "subscription", "params": {"channel": "book.BTC-PERPETUAL.none.20.100ms", "data": {"timestamp": 1755857884691, "change_id": 114493073842, "instrument_name": "BTC-PERPETUAL", "bids": [[112717.5, 204200.0], [112717.0, 13700.0], [112713.0, 40.0], [112712.5, 6340.0], [112712.0, 20000.0], [112711.0, 140.0], [112709.5, 17640.0], [112709.0, 340.0], [112708.5, 3600.0], [112707.0, 10990.0], [112706.0, 75730.0], [112705.5, 340.0], [112705.0, 61720.0], [112704.0, 25000.0], [112703.5, 26010.0], [112703.0, 20.0], [112702.5, 360.0], [112702.0, 20.0], [112700.5, 25500.0], [112700.0, 11920.0]], "asks": [[112718.0, 613850.0], [112718.5, 20.0], [112719.0, 20.0], [112719.5, 20.0], [112720.0, 20.0], [112720.5, 16940.0], [112721.0, 20.0], [112721.5, 11020.0], [112722.0, 50000.0], [112722.5, 112990.0], [112723.0, 149040.0], [112725.5, 142150.0], [112727.0, 650.0], [112728.0, 111430.0], [112728.5, 5740.0], [112730.5, 79630.0], [112731.0, 57410.0], [112732.0, 11000.0], [112732.5, 204210.0], [112734.0, 16110.0]]}}}
{"jsonrpc": "2.0", "method": "subscription", "params": {"channel": "book.BTC-PERPETUAL.none.20.100ms", "data": {"timestamp": 1755857885014, "change_id": 114493074461, "instrument_name": "BTC-PERPETUAL", "bids": [[112717.5, 214620.0], [112717.0, 13700.0], [112713.5, 20750.0], [112713.0, 48840.0], [112712.5, 340.0], [112712.0, 20000.0], [112711.0, 140.0], [112709.5, 17640.0], [112709.0, 340.0], [112708.5, 3600.0], [112706.5, 10990.0], [112706.0, 75730.0], [112705.5, 340.0], [112705.0, 61720.0], [112704.0, 25000.0], [112702.5, 360.0], [112702.0, 20.0], [112701.0, 25990.0], [112700.5, 25500.0], [112700.0, 11920.0]], "asks": [[112718.0, 793250.0], [112718.5, 20.0], [112719.0, 20.0], [112719.5, 20.0], [112720.0, 20.0], [112720.5, 16940.0], [112721.0, 20.0], [112721.5, 11020.0], [112722.0, 50000.0], [112722.5, 112990.0], [112723.0, 149040.0], [112725.5, 142150.0], [112727.0, 650.0], [112728.0, 111430.0], [112728.5, 5740.0], [112730.0, 11000.0], [112730.5, 79630.0], [112731.0, 57410.0], [112732.5, 204210.0], [112734.0, 16110.0]]}}}
{"jsonrpc": "2.0", "method": "subscription", "params": {"channel": "book.BTC-PERPETUAL.none.20.100ms", "data": {"timestamp": 1755857885348, "change_id": 114493074939, "instrument_name": "BTC-PERPETUAL", "bids": [[112717.5, 111900.0], [112717.0, 13700.0], [112713.5, 20750.0], [112713.0, 49340.0], [112712.5, 340.0], [112712.0, 20000.0], [112711.0, 140.0], [112709.5, 17640.0], [112709.0, 340.0], [112708.5, 3600.0], [112706.0, 75730.0], [112705.5, 11340.0], [112705.0, 130.0], [112703.0, 61590.0], [112702.5, 340.0], [112701.0, 25990.0], [112700.5, 25520.0], [112700.0, 11940.0], [112699.5, 25000.0], [112699.0, 340.0]], "asks": [[112718.0, 793250.0], [112718.5, 20.0], [112719.0, 20.0], [112719.5, 20.0], [112720.0, 20.0], [112720.5, 3330.0], [112721.0, 20.0], [112721.5, 11020.0], [112722.5, 112990.0], [112723.0, 149040.0], [112725.5, 192150.0], [112727.0, 650.0], [112728.0, 122430.0], [112728.5, 5740.0], [112730.5, 79630.0], [112731.0, 57410.0], [112732.5, 204210.0], [112734.0, 24020.0], [112736.5, 500.0], [112737.0, 44790.0]]}}}
{"jsonrpc": "2.0", "method": "subscription", "params": {"channel": "book.BTC-PERPETUAL.none.20.100ms", "data": {"timestamp": 1755857885686, "change_id": 114493075479, "instrument_name": "BTC-PERPETUAL", "bids": [[112717.5, 51560.0], [112713.0, 40.0], [112712.5, 340.0], [112711.0, 140.0], [112710.0, 5740.0], [112709.0, 21080.0], [112708.5, 23600.0], [112706.0, 43880.0], [112705.5, 340.0], [112705.0, 130.0], [112703.0, 11000.0], [112702.5, 340.0], [112702.0, 21360.0], [112700.5, 61590.0], [112700.0, 39470.0], [112699.0, 340.0], [112698.0, 10.0], [112697.0, 25000.0], [112696.0, 26350.0], [112695.5, 40020.0]], "asks": [[112718.0, 710940.0], [112718.5, 20.0], [112719.0, 20.0], [112719.5, 6420.0], [112720.0, 16760.0], [112720.5, 20.0], [112721.0, 20.0], [112721.5, 20.0], [112722.5, 118990.0], [112723.0, 149040.0], [112725.5, 192150.0], [112726.5, 11000.0], [112727.0, 650.0], [112728.0, 105430.0], [112732.0, 500.0], [112734.0, 23870.0], [112736.5, 32600.0], [112737.0, 44790.0], [112738.0, 8900.0], [112739.0, 5980.0]]}}}
{"jsonrpc": "2.0", "method": "subscription", "params": {"channel": "book.BTC-PERPETUAL.none.20.100ms", "data": {"timestamp": 1755857886006, "change_id": 114493076143, "instrument_name": "BTC-PERPETUAL", "bids": [[112717.5, 119160.0], [112713.5, 16760.0], [112713.0, 55540.0], [112712.5, 340.0], [112711.0, 140.0], [112710.0, 5740.0], [112709.0, 20580.0], [112708.5, 24100.0], [112706.0, 54880.0], [112705.5, 340.0], [112705.0, 130.0], [112702.5, 340.0], [112702.0, 21360.0], [112700.5, 87580.0], [112700.0, 40780.0], [112699.0, 340.0], [112698.0, 25010.0], [112696.5, 10990.0], [112696.0, 6950.0], [112695.5, 40020.0]], "asks": [[112718.0, 793340.0], [112718.5, 20.0], [112719.0, 20.0], [112719.5, 15070.0], [112720.0, 16760.0], [112720.5, 30020.0], [112721.0, 20.0], [112721.5, 20.0], [112722.5, 118990.0], [112723.0, 149040.0], [112725.0, 28870.0], [112725.5, 192150.0], [112727.0, 650.0], [112728.0, 105430.0], [112728.5, 3450.0], [112729.0, 11000.0], [112733.0, 500.0], [112734.0, 23870.0], [112737.0, 44790.0], [112738.0, 15500.0]]}}}
{"jsonrpc": "2.0", "method": "subscription", "params": {"channel": "book.BTC-PERPETUAL.none.20.100ms", "data": {"timestamp": 1755857886344, "change_id": 114493077440, "instrument_name": "BTC-PERPETUAL", "bids": [[112717.5, 318180.0], [112716.0, 35580.0], [112715.0, 5740.0], [112713.0, 55540.0], [112712.5, 340.0], [112711.5, 54840.0], [112711.0, 140.0], [112709.5, 6590.0], [112709.0, 340.0], [112708.5, 28600.0], [112708.0, 20990.0], [112707.5, 10990.0], [112707.0, 40000.0], [112706.0, 43880.0], [112705.5, 340.0], [112705.0, 130.0], [112704.5, 45000.0], [112702.5, 340.0], [112701.5, 149040.0], [112700.0, 24180.0]], "asks": [[112718.0, 272700.0], [112725.5, 103790.0], [112727.0, 50650.0], [112728.0, 105430.0], [112731.5, 3010.0], [112733.5, 11000.0], [112734.0, 300.0], [112739.0, 6040.0], [112743.0, 650.0], [112744.5, 10000.0], [112745.0, 88690.0], [112745.5, 32220.0], [112746.5, 211640.0], [112748.0, 11000.0], [112748.5, 16160.0], [112749.0, 2780.0], [112749.5, 44010.0], [112751.5, 11840.0], [112752.5, 500.0], [112753.0, 32300.0]]}}}
{"jsonrpc": "2.0", "method": "subscription", "params": {"channel": "book.BTC-PERPETUAL.none.20.100ms", "data": {"timestamp": 1755857886679, "change_id": 114493077954, "instrument_name": "BTC-PERPETUAL", "bids": [[112717.5, 341150.0], [112716.0, 40260.0], [112715.0, 5740.0], [112713.5, 6590.0], [112713.0, 55540.0], [112712.5, 340.0], [112712.0, 20990.0], [112711.5, 79840.0], [112711.0, 140.0], [112709.5, 10990.0], [112709.0, 340.0], [112708.5, 3600.0], [112707.0, 40000.0], [112706.0, 43880.0], [112705.5, 340.0], [112705.0, 130.0], [112704.5, 47250.0], [112702.5, 340.0], [112701.5, 149040.0], [112700.0, 24180.0]], "asks": [[112718.0, 272700.0], [112725.0, 20.0], [112725.5, 103810.0], [112726.5, 82570.0], [112727.0, 50650.0], [112728.0, 105430.0], [112733.0, 44710.0], [112733.5, 149040.0], [112734.0, 300.0], [112738.0, 3300.0], [112738.5, 11000.0], [112739.0, 26830.0], [112741.0, 20000.0], [112743.0, 16810.0], [112743.5, 50000.0], [112744.5, 10000.0], [112745.0, 88690.0], [112745.5, 45630.0], [112746.0, 11000.0], [112746.5, 211640.0]]}}}
{"jsonrpc": "2.0", "method": "subscription", "params": {"channel": "book.BTC-PERPETUAL.none.20.100ms", "data": {"timestamp": 1755857887010, "change_id": 114493078716, "instrument_name": "BTC-PERPETUAL", "bids": [[112717.5, 485130.0], [112716.0, 26910.0], [112715.0, 5740.0], [112714.0, 25000.0], [112713.5, 6590.0], [112713.0, 40.0], [112712.5, 11330.0], [112711.5, 73120.0], [112711.0, 140.0], [112710.5, 20.0], [112710.0, 20.0], [112709.5, 21010.0], [112709.0, 82910.0], [112708.5, 3600.0], [112707.0, 40000.0], [112706.0, 43880.0], [112705.5, 340.0], [112705.0, 130.0], [112704.5, 47250.0], [112702.5, 340.0]], "asks": [[112718.0, 281600.0], [112725.0, 20.0], [112725.5, 186380.0], [112727.0, 50650.0], [112728.0, 105430.0], [112732.5, 20000.0], [112733.0, 44710.0], [112733.5, 149040.0], [112734.0, 300.0], [112734.5, 29300.0], [112735.0, 50000.0], [112737.0, 10000.0], [112739.0, 14040.0], [112741.0, 20000.0], [112743.0, 16810.0], [112745.0, 99690.0], [112745.5, 45630.0], [112746.5, 211640.0], [112749.5, 44010.0], [112751.0, 500.0]]}}}
{"jsonrpc": "2.0", "method": "subscription", "params": {"channel": "book.BTC-PERPETUAL.none.20.100ms", "data": {"timestamp": 1755857887314, "change_id": 114493079079, "instrument_name": "BTC-PERPETUAL", "bids": [[112717.5, 485130.0], [112716.0, 26910.0], [112715.0, 5740.0], [112714.0, 25000.0], [112713.5, 6590.0], [112713.0, 40.0], [112712.5, 11330.0], [112711.5, 73120.0], [112711.0, 160.0], [112710.5, 20.0], [112710.0, 20.0], [112709.5, 21010.0], [112709.0, 82910.0], [112708.5, 3600.0], [112707.0, 40000.0], [112706.0, 43880.0], [112705.5, 340.0], [112705.0, 130.0], [112704.5, 47250.0], [112702.5, 340.0]], "asks": [[112718.0, 281600.0], [112725.0, 20.0], [112725.5, 186380.0], [112727.0, 650.0], [112728.0, 105430.0], [112732.0, 50000.0], [112733.0, 44710.0], [112733.5, 149040.0], [112734.0, 300.0], [112734.5, 18300.0], [112735.0, 50000.0], [112736.5, 11000.0], [112737.0, 10000.0], [112739.0, 14040.0], [112741.0, 20000.0], [112743.0, 16810.0], [112744.0, 5740.0], [112745.0, 88690.0], [112745.5, 45630.0], [112746.0, 11000.0]]}}}
{"jsonrpc": "2.0", "method": "subscription", "params": {"channel": "book.BTC-PERPETUAL.none.20.100ms", "data": {"timestamp": 1755857887668, "change_id": 114493079503, "instrument_name": "BTC-PERPETUAL", "bids": [[112717.5, 524670.0], [112716.5, 6590.0], [112716.0, 13120.0], [112715.0, 5740.0], [112714.5, 31980.0], [112713.5, 20.0], [112713.0, 60.0], [112712.5, 360.0], [112711.5, 73120.0], [112711.0, 160.0], [112709.0, 82910.0], [112708.5, 3600.0], [112707.0, 40000.0], [112706.0, 43880.0], [112705.5, 340.0], [112705.0, 130.0], [112704.5, 47250.0], [112702.5, 340.0], [112701.5, 149040.0], [112700.0, 24180.0]], "asks": [[112718.0, 281600.0], [112725.5, 99070.0], [112727.0, 650.0], [112728.0, 1530.0], [112731.5, 50000.0], [112733.0, 70290.0], [112733.5, 252940.0], [112734.0, 300.0], [112734.5, 3300.0], [112738.5, 11000.0], [112739.0, 7920.0], [112741.0, 20000.0], [112743.0, 650.0], [112744.0, 5740.0], [112745.0, 94690.0], [112745.5, 95640.0], [112746.5, 211640.0], [112748.5, 16160.0], [112749.0, 16000.0], [112749.5, 44010.0]]}}}
{"jsonrpc": "2.0", "method": "subscription", "params": {"channel": "book.BTC-PERPETUAL.none.20.100ms", "data": {"timestamp": 1755857887999, "change_id": 114493080408, "instrument_name": "BTC-PERPETUAL", "bids": [[112717.5, 395850.0], [112716.0, 13120.0], [112715.5, 10990.0], [112715.0, 5760.0], [112714.5, 20.0], [112713.5, 20.0], [112713.0, 40.0], [112712.5, 340.0], [112712.0, 20990.0], [112711.5, 73120.0], [112711.0, 140.0], [112709.0, 82910.0], [112708.5, 3600.0], [112707.0, 40000.0], [112706.0, 43880.0], [112705.5, 340.0], [112705.0, 130.0], [112704.5, 47250.0], [112702.5, 340.0], [112701.5, 149040.0]], "asks": [[112718.0, 281600.0], [112725.5, 99070.0], [112727.0, 83200.0], [112728.0, 1530.0], [112731.5, 50000.0], [112733.0, 70290.0], [112733.5, 252940.0], [112739.0, 7680.0], [112740.5, 11000.0], [112743.0, 650.0], [112744.0, 5740.0], [112744.5, 20000.0], [112745.0, 94690.0], [112745.5, 95640.0], [112746.0, 300.0], [112746.5, 211640.0], [112748.5, 16160.0], [112749.0, 5000.0], [112749.5, 44010.0], [112751.0, 11000.0]]}}}
{"jsonrpc": "2.0", "method": "subscription", "params": {"channel": "book.BTC-PERPETUAL.none.20.100ms", "data": {"timestamp": 1755857888331, "change_id": 114493081103, "instrument_name": "BTC-PERPETUAL", "bids": [[112717.5, 578030.0], [112717.0, 25020.0], [112716.5, 68770.0], [112716.0, 149060.0], [112713.0, 40.0], [112712.5, 340.0], [112712.0, 20990.0], [112711.5, 73120.0], [112711.0, 140.0], [112709.0, 82910.0], [112708.5, 3600.0], [112707.0, 40000.0], [112706.0, 43880.0], [112705.5, 340.0], [112705.0, 130.0], [112704.5, 2250.0], [112702.5, 340.0], [112700.0, 24180.0], [112699.0, 340.0], [112698.0, 10.0]], "asks": [[112718.0, 281480.0], [112725.5, 99070.0], [112727.0, 650.0], [112728.0, 1530.0], [112730.5, 82550.0], [112733.5, 103900.0], [112735.0, 18300.0], [112735.5, 50000.0], [112739.0, 53170.0], [112741.5, 15710.0], [112742.0, 5000.0], [112742.5, 149040.0], [112743.0, 650.0], [112745.0, 88690.0], [112745.5, 63410.0], [112746.0, 300.0], [112746.5, 211640.0], [112747.5, 5750.0], [112749.5, 44010.0], [112750.0, 9970.0]]}}}
{"jsonrpc": "2.0", "method": "subscription", "params": {"channel": "book.BTC-PERPETUAL.none.20.100ms", "data": {"timestamp": 1755857888658, "change_id": 114493081463, "instrument_name": "BTC-PERPETUAL", "bids": [[112717.5, 602630.0], [112717.0, 25020.0], [112716.5, 62180.0], [112716.0, 149060.0], [112713.0, 40.0], [112712.5, 340.0], [112711.5, 73120.0], [112711.0, 140.0], [112709.0, 82910.0], [112708.5, 3600.0], [112707.0, 40000.0], [112706.0, 43880.0], [112705.5, 340.0], [112705.0, 130.0], [112704.5, 2250.0], [112702.5, 340.0], [112700.0, 24180.0], [112699.0, 340.0], [112698.0, 10.0], [112696.0, 340.0]], "asks": [[112718.0, 281480.0], [112725.5, 99070.0], [112727.0, 650.0], [112730.5, 82550.0], [112733.5, 103900.0], [112734.0, 20.0], [112734.5, 15020.0], [112735.0, 50020.0], [112735.5, 20.0], [112736.0, 20.0], [112736.5, 20.0], [112737.0, 20.0], [112737.5, 20.0], [112739.0, 53170.0], [112741.0, 11000.0], [112741.5, 4710.0], [112742.0, 5000.0], [112742.5, 149040.0], [112743.0, 650.0], [112745.0, 88690.0]]}}}
{"jsonrpc": "2.0", "method": "subscription", "params": {"channel": "book.BTC-PERPETUAL.none.20.100ms", "data": {"timestamp": 1755857888989, "change_id": 114493082677, "instrument_name": "BTC-PERPETUAL", "bids": [[112717.5, 645050.0], [112717.0, 20.0], [112716.5, 62180.0], [112716.0, 149060.0], [112713.0, 40.0], [112712.5, 340.0], [112711.5, 73120.0], [112711.0, 140.0], [112709.0, 82910.0], [112708.5, 3600.0], [112707.0, 40000.0], [112706.0, 58850.0], [112705.5, 47170.0], [112705.0, 130.0], [112704.5, 2250.0], [112702.5, 340.0], [112700.0, 24180.0], [112699.0, 340.0], [112698.0, 10.0], [112696.0, 340.0]], "asks": [[112718.0, 66310.0], [112725.5, 99070.0], [112727.0, 650.0], [112733.0, 82530.0], [112734.5, 50000.0], [112741.0, 46320.0], [112741.5, 4730.0], [112742.5, 149040.0], [112743.0, 650.0], [112745.0, 53800.0], [112746.0, 300.0], [112747.5, 103900.0], [112749.5, 44010.0], [112751.0, 28360.0], [112751.5, 50000.0], [112752.0, 5750.0], [112754.0, 16220.0], [112755.0, 11000.0], [112755.5, 15670.0], [112756.5, 32240.0]]}}}
{"jsonrpc": "2.0", "method": "subscription", "params": {"channel": "book.BTC-PERPETUAL.none.20.100ms", "data": {"timestamp": 1755857889324, "change_id": 114493083357, "instrument_name": "BTC-PERPETUAL", "bids": [[112717.5, 582290.0], [112716.5, 87160.0], [112716.0, 149060.0], [112713.0, 27620.0], [112712.5, 340.0], [112711.5, 73120.0], [112711.0, 140.0], [112709.0, 82910.0], [112708.5, 3600.0], [112707.0, 40000.0], [112706.0, 58850.0], [112705.5, 47170.0], [112705.0, 130.0], [112704.5, 2250.0], [112702.5, 340.0], [112700.0, 24180.0], [112699.0, 340.0], [112698.0, 10.0], [112696.0, 340.0], [112695.5, 40000.0]], "asks": [[112718.0, 66310.0], [112720.0, 1530.0], [112725.5, 99070.0], [112727.0, 650.0], [112732.5, 24760.0], [112733.0, 82530.0], [112740.0, 50000.0], [112741.0, 46320.0], [112741.5, 4730.0], [112742.5, 160040.0], [112743.0, 5650.0], [112743.5, 50000.0], [112745.0, 42800.0], [112746.0, 300.0], [112747.5, 103900.0], [112748.0, 5750.0], [112748.5, 16160.0], [112749.0, 11000.0], [112749.5, 44010.0], [112753.5, 500.0]]}}}
{"jsonrpc": "2.0", "method": "subscription", "params": {"channel": "book.BTC-PERPETUAL.none.20.100ms", "data": {"timestamp": 1755857889651, "change_id": 114493083506, "instrument_name": "BTC-PERPETUAL", "bids": [[112717.5, 631400.0], [112717.0, 20.0], [112716.5, 87180.0], [112716.0, 149060.0], [112713.0, 21030.0], [112712.5, 340.0], [112711.5, 73120.0], [112711.0, 140.0], [112709.5, 2250.0], [112709.0, 82910.0], [112708.5, 3600.0], [112707.0, 40000.0], [112706.0, 58850.0], [112705.5, 47170.0], [112705.0, 130.0], [112702.5, 340.0], [112700.0, 24180.0], [112699.0, 340.0], [112698.0, 10.0], [112696.0, 340.0]], "asks": [[112718.0, 66310.0], [112720.0, 1530.0], [112725.5, 99070.0], [112727.0, 650.0], [112731.0, 20.0], [112731.5, 20.0], [112732.0, 20.0], [112732.5, 24780.0], [112733.0, 82550.0], [112735.5, 6000.0], [112736.0, 20000.0], [112740.0, 50000.0], [112741.0, 46320.0], [112741.5, 4710.0], [112742.5, 160040.0], [112743.0, 5650.0], [112743.5, 50000.0], [112745.0, 62800.0], [112746.0, 300.0], [112747.5, 103900.0]]}}}
{"jsonrpc": "2.0", "method": "subscription", "params": {"channel": "book.BTC-PERPETUAL.none.20.100ms", "data": {"timestamp": 1755857889989, "change_id": 114493084146, "instrument_name": "BTC-PERPETUAL", "bids": [[112717.5, 677390.0], [112717.0, 20.0], [112716.5, 62180.0], [112716.0, 149060.0], [112713.0, 40.0], [112712.5, 340.0], [112711.5, 73120.0], [112711.0, 140.0], [112709.5, 2250.0], [112709.0, 82910.0], [112708.5, 3600.0], [112707.0, 40000.0], [112706.0, 58850.0], [112705.5, 47170.0], [112705.0, 130.0], [112702.5, 340.0], [112700.0, 24180.0], [112699.0, 340.0], [112698.0, 10.0], [112696.0, 340.0]], "asks": [[112718.0, 66310.0], [112720.0, 1530.0], [112725.5, 99070.0], [112727.0, 650.0], [112731.0, 20.0], [112731.5, 20.0], [112732.0, 20.0], [112732.5, 20.0], [112733.0, 82550.0], [112733.5, 20.0], [112734.0, 20.0], [112734.5, 20.0], [112735.5, 6000.0], [112736.0, 20000.0], [112740.0, 50000.0], [112741.0, 46320.0], [112741.5, 4710.0], [112742.5, 160040.0], [112743.0, 5650.0], [112743.5, 50000.0]]}}}
{"jsonrpc": "2.0", "method": "subscription", "params": {"channel": "book.BTC-PERPETUAL.none.20.100ms", "data": {"timestamp": 1755857890319, "change_id": 114493084601, "instrument_name": "BTC-PERPETUAL", "bids": [[112717.5, 656400.0], [112717.0, 20.0], [112716.5, 62180.0], [112716.0, 149060.0], [112713.0, 21030.0], [112712.5, 340.0], [112711.5, 73120.0], [112711.0, 140.0], [112709.5, 2250.0], [112709.0, 82910.0], [112708.5, 3600.0], [112707.0, 40000.0], [112706.0, 58850.0], [112705.5, 47170.0], [112705.0, 130.0], [112702.5, 340.0], [112700.0, 24180.0], [112699.0, 340.0], [112698.0, 10.0], [112696.0, 340.0]], "asks": [[112718.0, 66310.0], [112720.0, 1530.0], [112725.5, 99070.0], [112727.0, 650.0], [112730.5, 20.0], [112731.0, 20.0], [112731.5, 20.0], [112732.0, 20.0], [112732.5, 20.0], [112733.0, 82550.0], [112733.5, 20.0], [112734.0, 20.0], [112735.5, 6000.0], [112736.0, 20000.0], [112741.0, 75330.0], [112741.5, 54710.0], [112742.5, 160040.0], [112743.0, 5650.0], [112743.5, 50000.0], [112745.0, 62800.0]]}}}
{"jsonrpc": "2.0", "method": "subscription", "params": {"channel": "book.BTC-PERPETUAL.none.20.100ms", "data": {"timestamp": 1755857890638, "change_id": 114493084788, "instrument_name": "BTC-PERPETUAL", "bids": [[112717.5, 649790.0], [112716.5, 144690.0], [112716.0, 149040.0], [112713.5, 6590.0], [112713.0, 21030.0], [112712.5, 340.0], [112711.5, 54840.0], [112711.0, 140.0], [112709.5, 2250.0], [112709.0, 340.0], [112708.5, 3600.0], [112707.0, 40000.0], [112706.0, 58850.0], [112705.5, 47170.0], [112705.0, 130.0], [112703.5, 15000.0], [112702.5, 340.0], [112700.0, 24180.0], [112699.0, 340.0], [112698.0, 10.0]], "asks": [[112718.0, 66310.0], [112720.0, 1530.0], [112725.5, 99070.0], [112727.0, 650.0], [112729.5, 20.0], [112730.0, 20.0], [112730.5, 24810.0], [112731.0, 82550.0], [112731.5, 20.0], [112732.0, 20.0], [112732.5, 20.0], [112733.0, 20.0], [112741.0, 75330.0], [112741.5, 54710.0], [112742.0, 20000.0], [112742.5, 160040.0], [112743.0, 21810.0], [112743.5, 50000.0], [112745.0, 60460.0], [112745.5, 32230.0]]}}}
{"jsonrpc": "2.0", "method": "subscription", "params": {"channel": "book.BTC-PERPETUAL.none.20.100ms", "data": {"timestamp": 1755857890980, "change_id": 114493085442, "instrument_name": "BTC-PERPETUAL", "bids": [[112717.5, 438890.0], [112716.5, 62160.0], [112716.0, 149040.0], [112713.0, 40.0], [112712.5, 340.0], [112712.0, 6590.0], [112711.5, 54840.0], [112711.0, 140.0], [112710.0, 20990.0], [112709.5, 2250.0], [112709.0, 340.0], [112708.5, 28600.0], [112707.0, 40000.0], [112706.0, 58850.0], [112705.5, 47170.0], [112705.0, 130.0], [112703.5, 15000.0], [112702.5, 340.0], [112700.0, 24180.0], [112699.0, 340.0]], "asks": [[112718.0, 66310.0], [112720.0, 1530.0], [112725.5, 99070.0], [112726.0, 20.0], [112727.0, 650.0], [112727.5, 20.0], [112728.0, 82540.0], [112728.5, 20.0], [112729.0, 20.0], [112729.5, 20.0], [112730.0, 20.0], [112735.0, 15000.0], [112735.5, 50000.0], [112736.0, 5000.0], [112740.5, 11000.0], [112741.0, 125330.0], [112741.5, 4710.0], [112742.0, 20000.0], [112742.5, 149040.0], [112743.0, 16810.0]]}}}
{"jsonrpc": "2.0", "method": "subscription", "params": {"channel": "book.BTC-PERPETUAL.none.20.100ms", "data": {"timestamp": 1755857891310, "change_id": 114493085947, "instrument_name": "BTC-PERPETUAL", "bids": [[112717.5, 401500.0], [112716.5, 62160.0], [112716.0, 175030.0], [112715.5, 82510.0], [112713.0, 40.0], [112712.5, 340.0], [112711.5, 54860.0], [112711.0, 160.0], [112710.5, 6590.0], [112710.0, 20990.0], [112709.5, 2250.0], [112709.0, 340.0], [112708.5, 28600.0], [112707.0, 40000.0], [112706.0, 58850.0], [112705.5, 47170.0], [112705.0, 130.0], [112703.5, 15000.0], [112702.5, 340.0], [112700.0, 24180.0]], "asks": [[112718.0, 66310.0], [112720.0, 1530.0], [112725.5, 20.0], [112726.0, 20.0], [112727.0, 650.0], [112727.5, 24780.0], [112728.0, 82540.0], [112728.5, 6040.0], [112729.0, 20000.0], [112735.0, 15000.0], [112735.5, 50000.0], [112736.0, 5000.0], [112740.5, 11000.0], [112741.0, 125330.0], [112741.5, 4710.0], [112742.0, 20000.0], [112742.5, 160040.0], [112743.0, 16810.0], [112745.0, 60460.0], [112745.5, 32230.0]]}}}
{"jsonrpc": "2.0", "method": "subscription", "params": {"channel": "book.BTC-PERPETUAL.none.20.100ms", "data": {"timestamp": 1755857891594, "change_id": 114493086081, "instrument_name": "BTC-PERPETUAL", "bids": [[112717.5, 427890.0], [112716.5, 62160.0], [112716.0, 149040.0], [112715.5, 82510.0], [112713.0, 40.0], [112712.5, 360.0], [112711.5, 54860.0], [112711.0, 160.0], [112710.5, 6590.0], [112709.5, 2250.0], [112709.0, 340.0], [112708.5, 28600.0], [112707.5, 20990.0], [112707.0, 40000.0], [112706.0, 58850.0], [112705.5, 47170.0], [112705.0, 130.0], [112703.5, 15000.0], [112702.5, 340.0], [112700.0, 85520.0]], "asks": [[112718.0, 66310.0], [112720.0, 1530.0], [112727.0, 650.0], [112727.5, 24780.0], [112728.0, 82540.0], [112728.5, 6040.0], [112729.0, 20000.0], [112735.0, 15000.0], [112735.5, 50000.0], [112736.0, 5000.0], [112739.0, 20000.0], [112740.5, 82270.0], [112741.0, 50000.0], [112741.5, 4710.0], [112742.0, 6000.0], [112742.5, 149040.0], [112743.0, 16810.0], [112744.5, 11000.0], [112745.0, 60460.0], [112745.5, 32230.0]]}}}
{"jsonrpc": "2.0", "method": "subscription", "params": {"channel": "book.BTC-PERPETUAL.none.20.100ms", "data": {"timestamp": 1755857891909, "change_id": 114493086575, "instrument_name": "BTC-PERPETUAL", "bids": [[112717.5, 553290.0], [112716.5, 62160.0], [112716.0, 149040.0], [112715.5, 82510.0], [112713.0, 40.0], [112712.5, 340.0], [112712.0, 20.0], [112711.5, 54860.0], [112711.0, 160.0], [112710.5, 6610.0], [112709.5, 2250.0], [112709.0, 340.0], [112708.5, 28600.0], [112707.5, 20990.0], [112707.0, 40000.0], [112706.0, 58850.0], [112705.5, 47170.0], [112705.0, 130.0], [112703.5, 15000.0], [112702.5, 340.0]], "asks": [[112718.0, 129510.0], [112720.0, 1530.0], [112725.0, 20.0], [112725.5, 20.0], [112726.0, 20.0], [112726.5, 20.0], [112727.0, 670.0], [112727.5, 24780.0], [112728.0, 82520.0], [112728.5, 29450.0], [112729.0, 20000.0], [112730.0, 99070.0], [112734.5, 300.0], [112735.0, 15000.0], [112735.5, 50000.0], [112736.0, 5000.0], [112739.0, 20000.0], [112740.5, 132270.0], [112741.5, 4710.0], [112742.0, 6000.0]]}}}
{"jsonrpc": "2.0", "method": "subscription", "params": {"channel": "book.BTC-PERPETUAL.none.20.100ms", "data": {"timestamp": 1755857892286, "change_id": 114493087299, "instrument_name": "BTC-PERPETUAL", "bids": [[112717.5, 471310.0], [112716.5, 62160.0], [112716.0, 149040.0], [112714.0, 82530.0], [112713.0, 11030.0], [112712.5, 340.0], [112712.0, 25990.0], [112711.5, 54840.0], [112711.0, 140.0], [112709.5, 2250.0], [112709.0, 6930.0], [112708.5, 28600.0], [112707.5, 20990.0], [112707.0, 40000.0], [112706.0, 48620.0], [112705.5, 340.0], [112705.0, 130.0], [112703.5, 15000.0], [112702.5, 340.0], [112700.0, 85520.0]], "asks": [[112718.0, 66310.0], [112720.0, 1530.0], [112724.0, 20.0], [112724.5, 20.0], [112726.0, 20.0], [112726.5, 20.0], [112727.0, 31430.0], [112727.5, 20000.0], [112728.0, 82520.0], [112729.5, 29720.0], [112730.0, 99070.0], [112734.5, 300.0], [112735.0, 35630.0], [112735.5, 50000.0], [112736.0, 5000.0], [112738.5, 50000.0], [112739.0, 20000.0], [112740.0, 11000.0], [112740.5, 71270.0], [112741.5, 4710.0]]}}}
{"jsonrpc": "2.0", "method": "subscription", "params": {"channel": "book.BTC-PERPETUAL.none.20.100ms", "data": {"timestamp": 1755857892619, "change_id": 114493087730, "instrument_name": "BTC-PERPETUAL", "bids": [[112717.5, 449940.0], [112716.5, 97390.0], [112716.0, 149040.0], [112714.5, 61590.0], [112713.0, 93550.0], [112712.5, 340.0], [112712.0, 25990.0], [112711.5, 54840.0], [112711.0, 140.0], [112709.0, 340.0], [112708.5, 28600.0], [112707.0, 40000.0], [112706.0, 60920.0], [112705.5, 340.0], [112705.0, 130.0], [112704.5, 2250.0], [112704.0, 20990.0], [112703.5, 15000.0], [112702.5, 340.0], [112700.0, 85520.0]], "asks": [[112718.0, 66310.0], [112720.0, 1530.0], [112724.5, 24970.0], [112725.0, 82530.0], [112726.0, 20.0], [112726.5, 20020.0], [112727.0, 670.0], [112729.5, 29720.0], [112730.0, 99070.0], [112734.5, 300.0], [112735.0, 55630.0], [112735.5, 61000.0], [112736.0, 5000.0], [112737.5, 50000.0], [112739.5, 11000.0], [112740.5, 52970.0], [112741.5, 4710.0], [112742.0, 6000.0], [112742.5, 149040.0], [112743.0, 16810.0]]}}}
{"jsonrpc": "2.0", "method": "subscription", "params": {"channel": "book.BTC-PERPETUAL.none.20.100ms", "data": {"timestamp": 1755857892959, "change_id": 114493088207, "instrument_name": "BTC-PERPETUAL", "bids": [[112717.5, 449730.0], [112716.5, 97390.0], [112716.0, 149040.0], [112714.5, 61590.0], [112713.0, 93550.0], [112712.5, 340.0], [112712.0, 26010.0], [112711.5, 54860.0], [112711.0, 160.0], [112710.5, 20.0], [112709.0, 340.0], [112708.5, 28600.0], [112707.0, 40000.0], [112706.0, 60920.0], [112705.5, 340.0], [112705.0, 130.0], [112704.5, 2250.0], [112704.0, 20990.0], [112703.5, 15000.0], [112702.5, 340.0]], "asks": [[112718.0, 66310.0], [112720.0, 1530.0], [112720.5, 5610.0], [112724.5, 30970.0], [112725.0, 82530.0], [112726.0, 20.0], [112726.5, 20020.0], [112727.0, 650.0], [112729.5, 29720.0], [112730.0, 99070.0], [112734.5, 300.0], [112735.0, 55630.0], [112735.5, 61000.0], [112736.0, 5000.0], [112737.5, 50000.0], [112739.5, 16750.0], [112740.5, 52970.0], [112741.5, 4710.0], [112742.0, 6000.0], [112742.5, 149040.0]]}}}
{"jsonrpc": "2.0", "method": "subscription", "params": {"channel": "book.BTC-PERPETUAL.none.20.100ms", "data": {"timestamp": 1755857893157, "change_id": 114493088500, "instrument_name": "BTC-PERPETUAL", "bids": [[112717.5, 452730.0], [112716.5, 97390.0], [112716.0, 149040.0], [112714.5, 61590.0], [112713.0, 93550.0], [112712.5, 360.0], [112712.0, 26010.0], [112711.5, 54860.0], [112711.0, 160.0], [112709.0, 340.0], [112708.5, 28600.0], [112707.0, 40000.0], [112706.0, 60920.0], [112705.5, 340.0], [112705.0, 130.0], [112704.5, 2250.0], [112704.0, 20990.0], [112703.5, 15000.0], [112702.5, 340.0], [112700.0, 85520.0]], "asks": [[112718.0, 66310.0], [112720.0, 1530.0], [112720.5, 5610.0], [112724.5, 20.0], [112725.0, 82550.0], [112725.5, 20.0], [112726.0, 20.0], [112726.5, 20020.0], [112727.0, 650.0], [112729.5, 29720.0], [112730.0, 99070.0], [112734.5, 300.0], [112735.0, 55630.0], [112735.5, 61000.0], [112736.0, 5000.0], [112737.0, 50000.0], [112739.5, 16750.0], [112740.5, 52970.0], [112741.5, 4710.0], [112742.0, 6000.0]]}}}
{"jsonrpc": "2.0", "method": "subscription", "params": {"channel": "book.BTC-PERPETUAL.none.20.100ms", "data": {"timestamp": 1755857893578, "change_id": 114493088805, "instrument_name": "BTC-PERPETUAL", "bids": [[112717.5, 450870.0], [112716.5, 97390.0], [112716.0, 149040.0], [112714.5, 61590.0], [112713.0, 93550.0], [112712.5, 340.0], [112712.0, 25990.0], [112711.5, 54840.0], [112711.0, 160.0], [112710.5, 20.0], [112710.0, 20.0], [112709.5, 20.0], [112709.0, 340.0], [112708.5, 28600.0], [112707.0, 40000.0], [112706.0, 60920.0], [112705.5, 340.0], [112705.0, 130.0], [112704.5, 2250.0], [112704.0, 20990.0]], "asks": [[112718.0, 66310.0], [112720.0, 1530.0], [112720.5, 5610.0], [112723.0, 20.0], [112723.5, 20.0], [112724.0, 20.0], [112724.5, 20.0], [112725.0, 82550.0], [112725.5, 20.0], [112726.0, 20.0], [112726.5, 20020.0], [112727.0, 650.0], [112729.5, 29720.0], [112730.0, 99070.0], [112734.5, 300.0], [112735.0, 55630.0], [112735.5, 61000.0], [112736.0, 5000.0], [112737.0, 50000.0], [112739.5, 16750.0]]}}}
{"jsonrpc": "2.0", "method": "subscription", "params": {"channel": "book.BTC-PERPETUAL.none.20.100ms", "data": {"timestamp": 1755857893947, "change_id": 114493089364, "instrument_name": "BTC-PERPETUAL", "bids": [[112717.5, 312100.0], [112716.5, 108390.0], [112716.0, 149040.0], [112714.5, 61590.0], [112713.0, 93550.0], [112712.5, 340.0], [112711.5, 54840.0], [112711.0, 140.0], [112710.0, 20.0], [112709.5, 20.0], [112709.0, 26350.0], [112708.5, 28620.0], [112707.0, 40000.0], [112706.0, 60920.0], [112705.5, 340.0], [112705.0, 130.0], [112704.5, 2250.0], [112704.0, 20990.0], [112703.5, 15000.0], [112702.5, 340.0]], "asks": [[112718.0, 109810.0], [112720.0, 1530.0], [112720.5, 5610.0], [112722.5, 20.0], [112723.0, 20.0], [112723.5, 20.0], [112724.0, 20.0], [112724.5, 20.0], [112725.0, 82550.0], [112725.5, 20.0], [112727.0, 650.0], [112729.5, 49720.0], [112730.0, 99070.0], [112734.5, 300.0], [112735.0, 35630.0], [112735.5, 61000.0], [112736.0, 5000.0], [112737.0, 50000.0], [112739.5, 16750.0], [112740.0, 20000.0]]}}}
{"jsonrpc": "2.0", "method": "subscription", "params": {"channel": "book.BTC-PERPETUAL.none.20.100ms", "data": {"timestamp": 1755857894283, "change_id": 114493089853, "instrument_name": "BTC-PERPETUAL", "bids": [[112717.5, 312140.0], [112716.5, 97390.0], [112716.0, 149040.0], [112713.5, 11000.0], [112713.0, 93550.0], [112712.5, 340.0], [112711.5, 57780.0], [112711.0, 140.0], [112709.5, 61590.0], [112709.0, 26330.0], [112708.5, 28600.0], [112708.0, 20000.0], [112707.0, 40000.0], [112706.0, 54330.0], [112705.5, 340.0], [112705.0, 130.0], [112704.5, 2250.0], [112704.0, 6590.0], [112703.5, 15000.0], [112702.5, 340.0]], "asks": [[112718.0, 112010.0], [112720.0, 1530.0], [112721.0, 20.0], [112722.5, 20.0], [112723.0, 20020.0], [112723.5, 20.0], [112724.0, 20.0], [112724.5, 24990.0], [112725.0, 82550.0], [112725.5, 20.0], [112727.0, 650.0], [112729.5, 29720.0], [112730.0, 99070.0], [112734.0, 6000.0], [112734.5, 300.0], [112735.0, 35630.0], [112735.5, 61000.0], [112736.0, 5000.0], [112736.5, 11000.0], [112737.0, 50000.0]]}}}
{"jsonrpc": "2.0", "method": "subscription", "params": {"channel": "book.BTC-PERPETUAL.none.20.100ms", "data": {"timestamp": 1755857894574, "change_id": 114493090079, "instrument_name": "BTC-PERPETUAL", "bids": [[112717.5, 292140.0], [112716.5, 97390.0], [112716.0, 149040.0], [112713.5, 11000.0], [112713.0, 93550.0], [112712.5, 340.0], [112711.5, 57780.0], [112711.0, 140.0], [112709.5, 61590.0], [112709.0, 26330.0], [112708.5, 28600.0], [112708.0, 20000.0], [112707.5, 20.0], [112707.0, 40020.0], [112706.5, 20.0], [112706.0, 54350.0], [112705.5, 340.0], [112705.0, 130.0], [112704.5, 2250.0], [112704.0, 6590.0]], "asks": [[112718.0, 112010.0], [112719.0, 20.0], [112719.5, 20.0], [112720.0, 1550.0], [112720.5, 20.0], [112721.0, 20.0], [112721.5, 20.0], [112722.5, 20.0], [112723.0, 20020.0], [112724.5, 36840.0], [112725.0, 82530.0], [112726.5, 50000.0], [112727.0, 650.0], [112729.0, 5000.0], [112729.5, 29720.0], [112730.0, 99070.0], [112732.0, 20000.0], [112734.0, 6000.0], [112734.5, 300.0], [112735.0, 22950.0]]}}}
{"jsonrpc": "2.0", "method": "subscription", "params": {"channel": "book.BTC-PERPETUAL.none.20.100ms", "data": {"timestamp": 1755857894918, "change_id": 114493090678, "instrument_name": "BTC-PERPETUAL", "bids": [[112717.5, 372940.0], [112716.5, 86890.0], [112716.0, 149040.0], [112713.5, 93540.0], [112713.0, 11030.0], [112712.5, 340.0], [112711.5, 57780.0], [112711.0, 140.0], [112709.5, 61590.0], [112709.0, 26330.0], [112708.5, 28600.0], [112708.0, 20000.0], [112707.0, 40000.0], [112706.0, 54330.0], [112705.5, 360.0], [112705.0, 150.0], [112704.5, 2270.0], [112704.0, 20.0], [112703.5, 15000.0], [112702.5, 340.0]], "asks": [[112718.0, 295310.0], [112719.0, 20.0], [112719.5, 20.0], [112720.0, 1550.0], [112720.5, 20.0], [112721.0, 20.0], [112721.5, 20020.0], [112724.5, 24970.0], [112725.0, 82530.0], [112727.0, 650.0], [112729.0, 5000.0], [112729.5, 29720.0], [112730.0, 99070.0], [112732.0, 20000.0], [112734.0, 6000.0], [112734.5, 300.0], [112735.0, 22950.0], [112735.5, 11000.0], [112736.0, 11000.0], [112736.5, 50000.0]]}}}
{"jsonrpc": "2.0", "method": "subscription", "params": {"channel": "book.BTC-PERPETUAL.none.20.100ms", "data": {"timestamp": 1755857895262, "change_id": 114493091035, "instrument_name": "BTC-PERPETUAL", "bids": [[112717.5, 392940.0], [112716.5, 86890.0], [112716.0, 149040.0], [112713.5, 93540.0], [112713.0, 11030.0], [112712.5, 340.0], [112712.0, 20000.0], [112711.5, 57780.0], [112711.0, 140.0], [112709.5, 61610.0], [112709.0, 360.0], [112708.5, 28620.0], [112708.0, 20.0], [112707.5, 25990.0], [112707.0, 40000.0], [112706.0, 54330.0], [112705.5, 340.0], [112705.0, 130.0], [112704.5, 2250.0], [112704.0, 6590.0]], "asks": [[112718.0, 295610.0], [112720.0, 1530.0], [112721.5, 20.0], [112723.5, 20000.0], [112724.5, 24970.0], [112725.0, 82530.0], [112727.0, 650.0], [112729.0, 5000.0], [112729.5, 29720.0], [112730.0, 99070.0], [112732.0, 20000.0], [112734.0, 6000.0], [112735.0, 22950.0], [112735.5, 11000.0], [112736.0, 61000.0], [112738.5, 5750.0], [112740.5, 52970.0], [112741.5, 4710.0], [112742.5, 149040.0], [112743.0, 16810.0]]}}}
{"jsonrpc": "2.0", "method": "subscription", "params": {"channel": "book.BTC-PERPETUAL.none.20.100ms", "data": {"timestamp": 1755857895610, "change_id": 114493091377, "instrument_name": "BTC-PERPETUAL", "bids": [[112717.5, 392940.0], [112716.5, 86900.0], [112716.0, 149040.0], [112714.5, 82580.0], [112713.5, 61590.0], [112713.0, 11040.0], [112712.5, 340.0], [112712.0, 10990.0], [112711.5, 34840.0], [112711.0, 140.0], [112710.5, 20.0], [112710.0, 26010.0], [112709.5, 20.0], [112709.0, 360.0], [112708.5, 28600.0], [112707.0, 40000.0], [112706.0, 54330.0], [112705.5, 340.0], [112705.0, 130.0], [112704.5, 2250.0]], "asks": [[112718.0, 112310.0], [112720.0, 1530.0], [112723.0, 20.0], [112723.5, 20.0], [112724.5, 36840.0], [112725.0, 82530.0], [112727.0, 50650.0], [112729.0, 5000.0], [112729.5, 29720.0], [112730.0, 99070.0], [112734.0, 6000.0], [112735.0, 22950.0], [112735.5, 31000.0], [112736.0, 50000.0], [112740.0, 11000.0], [112740.5, 52970.0], [112741.5, 4710.0], [112742.5, 149040.0], [112743.0, 16810.0], [112745.0, 60460.0]]}}}
{"jsonrpc": "2.0", "method": "subscription", "params": {"channel": "book.BTC-PERPETUAL.none.20.100ms", "data": {"timestamp": 1755857895937, "change_id": 114493091853, "instrument_name": "BTC-PERPETUAL", "bids": [[112717.5, 381910.0], [112716.5, 86900.0], [112716.0, 149040.0], [112714.5, 82580.0], [112714.0, 11000.0], [112713.0, 40.0], [112712.5, 340.0], [112712.0, 10990.0], [112711.5, 55830.0], [112711.0, 140.0], [112710.5, 61590.0], [112709.0, 340.0], [112708.5, 28620.0], [112708.0, 20.0], [112707.5, 26010.0], [112707.0, 40000.0], [112706.0, 54330.0], [112705.5, 340.0], [112705.0, 130.0], [112704.5, 2250.0]], "asks": [[112718.0, 155910.0], [112720.0, 1530.0], [112720.5, 20.0], [112721.0, 20.0], [112721.5, 20.0], [112722.0, 20.0], [112722.5, 20.0], [112723.0, 20.0], [112723.5, 20.0], [112724.0, 20.0], [112724.5, 36840.0], [112725.0, 82530.0], [112727.0, 50650.0], [112729.0, 5000.0], [112729.5, 29720.0], [112730.0, 99370.0], [112732.0, 20000.0], [112734.0, 6000.0], [112735.0, 33950.0], [112735.5, 11000.0]]}}}
{"jsonrpc": "2.0", "method": "subscription", "params": {"channel": "book.BTC-PERPETUAL.none.20.100ms", "data": {"timestamp": 1755857896220, "change_id": 114493092205, "instrument_name": "BTC-PERPETUAL", "bids": [[112717.5, 379260.0], [112716.5, 86900.0], [112716.0, 149040.0], [112714.5, 82580.0], [112713.0, 11040.0], [112712.5, 340.0], [112712.0, 10990.0], [112711.5, 55830.0], [112711.0, 140.0], [112709.0, 61930.0], [112708.5, 28600.0], [112707.5, 25990.0], [112707.0, 40000.0], [112706.0, 54330.0], [112705.5, 340.0], [112705.0, 130.0], [112704.5, 2250.0], [112702.5, 340.0], [112701.0, 6590.0], [112700.5, 20990.0]], "asks": [[112718.0, 206210.0], [112720.0, 1530.0], [112720.5, 20.0], [112721.0, 20.0], [112721.5, 20.0], [112722.0, 20.0], [112722.5, 20.0], [112723.0, 20.0], [112723.5, 20.0], [112724.0, 20.0], [112724.5, 24950.0], [112725.0, 82530.0], [112727.0, 650.0], [112729.0, 5000.0], [112729.5, 29720.0], [112730.0, 99070.0], [112732.0, 20000.0], [112734.0, 6000.0], [112734.5, 11000.0], [112735.0, 27730.0]]}}}
{"jsonrpc": "2.0", "method": "subscription", "params": {"channel": "book.BTC-PERPETUAL.none.20.100ms", "data": {"timestamp": 1755857896590, "change_id": 114493092500, "instrument_name": "BTC-PERPETUAL", "bids": [[112717.5, 379480.0], [112716.5, 86900.0], [112716.0, 149040.0], [112714.5, 82580.0], [112713.0, 11040.0], [112712.5, 340.0], [112712.0, 10990.0], [112711.5, 48320.0], [112711.0, 140.0], [112709.5, 61590.0], [112709.0, 340.0], [112708.5, 3600.0], [112707.5, 25990.0], [112707.0, 40000.0], [112706.5, 20.0], [112706.0, 53100.0], [112705.5, 360.0], [112705.0, 150.0], [112704.5, 2250.0], [112703.0, 6590.0]], "asks": [[112718.0, 156210.0], [112720.0, 1530.0], [112721.5, 20.0], [112722.0, 20.0], [112724.5, 36840.0], [112725.0, 82530.0], [112726.5, 50000.0], [112727.0, 650.0], [112729.0, 5000.0], [112729.5, 29720.0], [112730.0, 99070.0], [112732.0, 20000.0], [112734.0, 6000.0], [112734.5, 11000.0], [112735.0, 27730.0], [112735.5, 50000.0], [112738.0, 5750.0], [112740.5, 52970.0], [112741.5, 4710.0], [112742.5, 149040.0]]}}}
{"jsonrpc": "2.0", "method": "subscription", "params": {"channel": "book.BTC-PERPETUAL.none.20.100ms", "data": {"timestamp": 1755857896927, "change_id": 114493092975, "instrument_name": "BTC-PERPETUAL", "bids": [[112717.5, 379480.0], [112716.5, 86900.0], [112716.0, 149040.0], [112715.0, 11000.0], [112714.5, 82580.0], [112713.0, 40.0], [112712.5, 340.0], [112712.0, 10990.0], [112711.5, 48320.0], [112711.0, 140.0], [112709.5, 61590.0], [112709.0, 340.0], [112708.5, 3600.0], [112707.5, 25990.0], [112707.0, 40000.0], [112706.0, 53080.0], [112705.5, 340.0], [112705.0, 130.0], [112704.5, 2250.0], [112702.5, 340.0]], "asks": [[112718.0, 311010.0], [112720.0, 1530.0], [112721.5, 20.0], [112722.0, 20.0], [112724.5, 24950.0], [112725.0, 82530.0], [112727.0, 650.0], [112729.0, 5000.0], [112729.5, 29720.0], [112730.0, 99070.0], [112732.0, 20000.0], [112733.5, 25130.0], [112734.0, 6000.0], [112734.5, 11000.0], [112735.5, 50000.0], [112737.5, 11000.0], [112738.0, 5750.0], [112740.5, 52970.0], [112741.5, 4710.0], [112742.5, 149040.0]]}}}
{"jsonrpc": "2.0", "method": "subscription", "params": {"channel": "book.BTC-PERPETUAL.none.20.100ms", "data": {"timestamp": 1755857897226, "change_id": 114493093345, "instrument_name": "BTC-PERPETUAL", "bids": [[112717.5, 379480.0], [112716.5, 86900.0], [112716.0, 149040.0], [112714.5, 82580.0], [112713.5, 11000.0], [112713.0, 40.0], [112712.5, 340.0], [112712.0, 10990.0], [112711.5, 48320.0], [112711.0, 140.0], [112709.5, 61590.0], [112709.0, 340.0], [112708.5, 3600.0], [112707.5, 25990.0], [112707.0, 40000.0], [112706.5, 20.0], [112706.0, 53100.0], [112705.5, 360.0], [112705.0, 150.0], [112704.5, 2250.0]], "asks": [[112718.0, 311010.0], [112718.5, 20.0], [112719.0, 20.0], [112719.5, 20.0], [112720.0, 1550.0], [112720.5, 20.0], [112721.0, 20.0], [112721.5, 20.0], [112722.0, 20.0], [112724.5, 24950.0], [112725.0, 82530.0], [112727.0, 650.0], [112727.5, 110.0], [112729.0, 5000.0], [112729.5, 29720.0], [112730.0, 99070.0], [112732.0, 20000.0], [112733.5, 25130.0], [112734.0, 6000.0], [112734.5, 11000.0]]}}}
{"jsonrpc": "2.0", "method": "subscription", "params": {"channel": "book.BTC-PERPETUAL.none.20.100ms", "data": {"timestamp": 1755857897594, "change_id": 114493093912, "instrument_name": "BTC-PERPETUAL", "bids": [[112717.5, 324010.0], [112717.0, 500.0], [112716.5, 62160.0], [112716.0, 149040.0], [112715.0, 82560.0], [112713.0, 40.0], [112712.5, 340.0], [112712.0, 11000.0], [112711.5, 48320.0], [112711.0, 140.0], [112709.0, 340.0], [112708.5, 3600.0], [112708.0, 72580.0], [112707.0, 40000.0], [112706.0, 59500.0], [112705.5, 340.0], [112705.0, 46120.0], [112704.5, 2250.0], [112702.5, 360.0], [112702.0, 20.0]], "asks": [[112718.0, 311030.0], [112718.5, 20020.0], [112719.0, 20.0], [112719.5, 20.0], [112720.0, 1550.0], [112720.5, 20.0], [112721.0, 20.0], [112721.5, 20.0], [112724.5, 24950.0], [112725.0, 82530.0], [112725.5, 5000.0], [112727.0, 650.0], [112727.5, 110.0], [112728.0, 20000.0], [112728.5, 6000.0], [112729.0, 46610.0], [112729.5, 56290.0], [112730.0, 99070.0], [112733.5, 27730.0], [112735.0, 50000.0]]}}}
{"jsonrpc": "2.0", "method": "subscription", "params": {"channel": "book.BTC-PERPETUAL.none.20.100ms", "data": {"timestamp": 1755857897921, "change_id": 114493094585, "instrument_name": "BTC-PERPETUAL", "bids": [[112717.5, 452620.0], [112716.5, 86900.0], [112716.0, 169040.0], [112715.5, 25990.0], [112715.0, 82560.0], [112713.0, 40.0], [112712.5, 340.0], [112712.0, 10990.0], [112711.5, 34840.0], [112711.0, 140.0], [112710.5, 20.0], [112709.0, 26930.0], [112708.5, 3600.0], [112707.0, 40000.0], [112706.0, 57530.0], [112705.5, 340.0], [112705.0, 130.0], [112704.5, 2250.0], [112704.0, 25000.0], [112703.0, 20990.0]], "asks": [[112718.0, 154110.0], [112720.0, 1530.0], [112725.0, 82530.0], [112725.5, 5000.0], [112727.0, 650.0], [112727.5, 110.0], [112728.5, 6000.0], [112729.5, 29810.0], [112730.0, 99070.0], [112732.0, 20000.0], [112732.5, 300.0], [112733.5, 16730.0], [112735.0, 50000.0], [112736.0, 11000.0], [112740.5, 52970.0], [112741.5, 4710.0], [112742.0, 11000.0], [112742.5, 149040.0], [112743.0, 16810.0], [112745.0, 60460.0]]}}}
{"jsonrpc": "2.0", "method": "subscription", "params": {"channel": "book.BTC-PERPETUAL.none.20.100ms", "data": {"timestamp": 1755857898232, "change_id": 114493095235, "instrument_name": "BTC-PERPETUAL", "bids": [[112717.5, 452620.0], [112716.5, 86900.0], [112716.0, 169040.0], [112715.5, 25990.0], [112715.0, 82560.0], [112713.5, 10990.0], [112713.0, 40.0], [112712.5, 340.0], [112712.0, 20.0], [112711.5, 34860.0], [112711.0, 160.0], [112710.5, 20.0], [112709.5, 6590.0], [112709.0, 21330.0], [112708.5, 3600.0], [112707.0, 65000.0], [112706.0, 43880.0], [112705.5, 340.0], [112705.0, 130.0], [112704.5, 2250.0]], "asks": [[112718.0, 62090.0], [112720.0, 1530.0], [112723.5, 82560.0], [112724.5, 20.0], [112725.0, 20.0], [112725.5, 20.0], [112727.0, 650.0], [112727.5, 110.0], [112729.5, 42580.0], [112730.0, 99070.0], [112731.5, 50000.0], [112732.5, 50300.0], [112733.0, 5000.0], [112733.5, 1800.0], [112734.5, 6000.0], [112739.5, 11000.0], [112740.0, 5750.0], [112740.5, 52970.0], [112741.5, 4710.0], [112742.5, 149040.0]]}}}
{"jsonrpc": "2.0", "method": "subscription", "params": {"channel": "book.BTC-PERPETUAL.none.20.100ms", "data": {"timestamp": 1755857898585, "change_id": 114493095570, "instrument_name": "BTC-PERPETUAL", "bids": [[112717.5, 307480.0], [112716.5, 86900.0], [112716.0, 169040.0], [112715.0, 82560.0], [112714.0, 61590.0], [112713.5, 10990.0], [112713.0, 40.0], [112712.5, 340.0], [112712.0, 25990.0], [112711.5, 34840.0], [112711.0, 140.0], [112709.0, 340.0], [112708.5, 3600.0], [112707.5, 6590.0], [112707.0, 65000.0], [112706.5, 20990.0], [112706.0, 43880.0], [112705.5, 340.0], [112705.0, 130.0], [112704.5, 2250.0]], "asks": [[112718.0, 62090.0], [112720.0, 1530.0], [112723.0, 20.0], [112723.5, 20.0], [112724.5, 20.0], [112725.0, 25040.0], [112725.5, 82580.0], [112726.0, 20.0], [112726.5, 20.0], [112727.0, 670.0], [112727.5, 110.0], [112729.5, 42580.0], [112730.0, 99070.0], [112731.5, 50000.0], [112732.5, 50300.0], [112733.0, 5000.0], [112733.5, 1800.0], [112734.5, 6000.0], [112739.5, 11000.0], [112740.0, 16750.0]]}}}
{"jsonrpc": "2.0", "method": "subscription", "params": {"channel": "book.BTC-PERPETUAL.none.20.100ms", "data": {"timestamp": 1755857898912, "change_id": 114493096129, "instrument_name": "BTC-PERPETUAL", "bids": [[112717.5, 299330.0], [112716.5, 52860.0], [112716.0, 20000.0], [112715.5, 11000.0], [112715.0, 82560.0], [112713.5, 10990.0], [112713.0, 40.0], [112712.5, 61930.0], [112711.5, 34840.0], [112711.0, 140.0], [112709.0, 26330.0], [112708.5, 3600.0], [112707.0, 65000.0], [112706.0, 95810.0], [112705.5, 149380.0], [112705.0, 130.0], [112704.5, 2250.0], [112703.0, 27580.0], [112702.5, 340.0], [112700.0, 45290.0]], "asks": [[112718.0, 126490.0], [112719.5, 7880.0], [112720.0, 7950.0], [112723.0, 20.0], [112723.5, 20.0], [112724.5, 20.0], [112725.0, 25040.0], [112725.5, 82580.0], [112726.0, 20.0], [112726.5, 20.0], [112727.0, 670.0], [112727.5, 110.0], [112729.0, 6000.0], [112729.5, 42580.0], [112730.0, 99070.0], [112731.5, 50000.0], [112732.0, 50000.0], [112733.0, 5000.0], [112739.5, 11000.0], [112740.0, 16750.0]]}}}
{"jsonrpc": "2.0", "method": "subscription", "params": {"channel": "book.BTC-PERPETUAL.none.20.100ms", "data": {"timestamp": 1755857899241, "change_id": 114493096549, "instrument_name": "BTC-PERPETUAL", "bids": [[112717.5, 307480.0], [112717.0, 42500.0], [112716.5, 114450.0], [112716.0, 20000.0], [112715.0, 82560.0], [112713.0, 40.0], [112712.5, 11330.0], [112712.0, 25990.0], [112711.5, 34840.0], [112711.0, 140.0], [112710.0, 20.0], [112709.5, 20.0], [112709.0, 340.0], [112708.5, 23600.0], [112708.0, 25000.0], [112707.0, 40000.0], [112706.5, 6590.0], [112706.0, 95810.0], [112705.5, 149380.0], [112705.0, 130.0]], "asks": [[112718.0, 62090.0], [112719.5, 7880.0], [112720.0, 7950.0], [112723.0, 20.0], [112723.5, 20020.0], [112724.0, 20.0], [112724.5, 20.0], [112725.0, 25040.0], [112725.5, 82580.0], [112726.0, 20.0], [112727.0, 650.0], [112727.5, 110.0], [112729.0, 6000.0], [112729.5, 61900.0], [112730.0, 99370.0], [112731.5, 50000.0], [112732.5, 20000.0], [112733.0, 5000.0], [112733.5, 50000.0], [112739.5, 11000.0]]}}}
{"jsonrpc": "2.0", "method": "subscription", "params": {"channel": "book.BTC-PERPETUAL.none.20.100ms", "data": {"timestamp": 1755857899532, "change_id": 114493096788, "instrument_name": "BTC-PERPETUAL", "bids": [[112717.5, 307480.0], [112717.0, 42500.0], [112716.5, 52860.0], [112716.0, 20000.0], [112715.5, 61590.0], [112715.0, 82560.0], [112713.0, 40.0], [112712.5, 11330.0], [112712.0, 25990.0], [112711.5, 34840.0], [112711.0, 140.0], [112710.0, 20.0], [112709.5, 20.0], [112709.0, 340.0], [112708.5, 23600.0], [112708.0, 45990.0], [112707.5, 6590.0], [112707.0, 40000.0], [112706.0, 95810.0], [112705.5, 149380.0]], "asks": [[112718.0, 62350.0], [112719.5, 7880.0], [112720.0, 7950.0], [112723.5, 20000.0], [112724.5, 20.0], [112725.0, 25030.0], [112725.5, 82580.0], [112726.0, 20.0], [112727.0, 650.0], [112727.5, 110.0], [112729.0, 6000.0], [112729.5, 61900.0], [112730.0, 99370.0], [112731.5, 50000.0], [112732.5, 20000.0], [112733.0, 55000.0], [112739.5, 11000.0], [112740.5, 52970.0], [112741.0, 11000.0], [112741.5, 4710.0]]}}}
{"jsonrpc": "2.0", "method": "subscription", "params": {"channel": "book.BTC-PERPETUAL.none.20.100ms", "data": {"timestamp": 1755857899907, "change_id": 114493097262, "instrument_name": "BTC-PERPETUAL", "bids": [[112717.5, 405970.0], [112717.0, 42500.0], [112716.5, 52860.0], [112716.0, 20000.0], [112715.0, 82560.0], [112713.0, 40.0], [112712.5, 11330.0], [112712.0, 25990.0], [112711.5, 34840.0], [112711.0, 140.0], [112709.0, 360.0], [112708.5, 23620.0], [112708.0, 46010.0], [112707.5, 6590.0], [112707.0, 40000.0], [112706.0, 95810.0], [112705.5, 149380.0], [112705.0, 130.0], [112704.5, 2250.0], [112702.5, 340.0]], "asks": [[112718.0, 165450.0], [112719.5, 7880.0], [112720.0, 7950.0], [112722.0, 20020.0], [112722.5, 20.0], [112723.0, 20.0], [112723.5, 20.0], [112724.0, 20.0], [112724.5, 20.0], [112725.0, 25000.0], [112725.5, 82560.0], [112727.0, 650.0], [112727.5, 110.0], [112729.0, 6000.0], [112729.5, 61900.0], [112730.0, 99070.0], [112731.5, 50000.0], [112732.5, 20000.0], [112733.0, 55000.0], [112736.5, 5030.0]]}}}
{"jsonrpc": "2.0", "method": "subscription", "params": {"channel": "book.BTC-PERPETUAL.none.20.100ms", "data": {"timestamp": 1755857900172, "change_id": 114493097578, "instrument_name": "BTC-PERPETUAL", "bids": [[112717.5, 344380.0], [112717.0, 42500.0], [112716.5, 52860.0], [112716.0, 20000.0], [112715.5, 61590.0], [112715.0, 82560.0], [112713.0, 40.0], [112712.5, 11330.0], [112712.0, 25990.0], [112711.5, 34840.0], [112711.0, 140.0], [112709.0, 360.0], [112708.5, 23620.0], [112708.0, 46010.0], [112707.5, 6590.0], [112707.0, 40000.0], [112706.0, 95810.0], [112705.5, 149380.0], [112705.0, 130.0], [112704.5, 2250.0]], "asks": [[112718.0, 172780.0], [112720.0, 7950.0], [112722.0, 20020.0], [112722.5, 20.0], [112723.0, 20.0], [112723.5, 20.0], [112724.0, 20.0], [112724.5, 20.0], [112725.0, 25000.0], [112725.5, 82560.0], [112727.0, 650.0], [112727.5, 110.0], [112729.0, 6000.0], [112729.5, 61900.0], [112730.0, 99370.0], [112731.5, 50000.0], [112732.5, 70000.0], [112733.0, 5000.0], [112736.5, 5030.0], [112737.0, 11000.0]]}}}
{"jsonrpc": "2.0", "method": "subscription", "params": {"channel": "book.BTC-PERPETUAL.none.20.100ms", "data": {"timestamp": 1755857900568, "change_id": 114493097839, "instrument_name": "BTC-PERPETUAL", "bids": [[112717.5, 307260.0], [112717.0, 42500.0], [112716.5, 52860.0], [112716.0, 20000.0], [112715.5, 61590.0], [112715.0, 82560.0], [112713.0, 40.0], [112712.5, 11330.0], [112712.0, 25990.0], [112711.5, 34840.0], [112711.0, 140.0], [112710.0, 20.0], [112709.5, 20.0], [112709.0, 360.0], [112708.5, 23620.0], [112708.0, 45990.0], [112707.5, 6590.0], [112707.0, 40000.0], [112706.0, 95810.0], [112705.5, 149380.0]], "asks": [[112718.0, 69980.0], [112720.0, 7950.0], [112722.0, 20000.0], [112722.5, 20.0], [112723.0, 20.0], [112723.5, 20.0], [112724.0, 20.0], [112725.0, 25000.0], [112725.5, 82560.0], [112727.0, 650.0], [112727.5, 110.0], [112729.0, 6000.0], [112729.5, 61900.0], [112730.0, 99370.0], [112731.5, 50000.0], [112732.5, 70000.0], [112733.0, 5000.0], [112736.5, 5030.0], [112737.0, 11000.0], [112737.5, 5750.0]]}}}
{"jsonrpc": "2.0", "method": "subscription", "params": {"channel": "book.BTC-PERPETUAL.none.20.100ms", "data": {"timestamp": 1755857900894, "change_id": 114493098444, "instrument_name": "BTC-PERPETUAL", "bids": [[112717.5, 387040.0], [112717.0, 42500.0], [112716.5, 24740.0], [112716.0, 20000.0], [112713.0, 72630.0], [112712.5, 340.0], [112712.0, 10990.0], [112711.5, 34840.0], [112711.0, 140.0], [112709.0, 26330.0], [112708.5, 3600.0], [112707.0, 40020.0], [112706.5, 20.0], [112706.0, 95830.0], [112705.5, 149400.0], [112705.0, 20130.0], [112704.5, 27250.0], [112703.0, 6590.0], [112702.5, 340.0], [112700.5, 20990.0]], "asks": [[112718.0, 151680.0], [112718.5, 20.0], [112719.5, 20.0], [112720.0, 7970.0], [112720.5, 20020.0], [112721.0, 20.0], [112721.5, 20.0], [112722.0, 20.0], [112722.5, 20.0], [112725.0, 25000.0], [112725.5, 82560.0], [112727.0, 650.0], [112727.5, 110.0], [112729.0, 26000.0], [112729.5, 106290.0], [112730.0, 99070.0], [112731.5, 50000.0], [112732.5, 50000.0], [112733.0, 5000.0], [112735.5, 8330.0]]}}}
{"jsonrpc": "2.0", "method": "subscription", "params": {"channel": "book.BTC-PERPETUAL.none.20.100ms", "data": {"timestamp": 1755857901195, "change_id": 114493098816, "instrument_name": "BTC-PERPETUAL", "bids": [[112717.5, 387000.0], [112717.0, 42500.0], [112716.5, 9410.0], [112716.0, 20000.0], [112713.0, 11040.0], [112712.5, 340.0], [112711.5, 48330.0], [112711.0, 140.0], [112709.5, 72580.0], [112709.0, 340.0], [112708.5, 3600.0], [112707.5, 25990.0], [112707.0, 40000.0], [112706.5, 20.0], [112706.0, 95830.0], [112705.5, 149400.0], [112705.0, 130.0], [112704.5, 27250.0], [112702.5, 340.0], [112701.0, 6590.0]], "asks": [[112718.0, 151680.0], [112719.5, 20.0], [112720.0, 7970.0], [112720.5, 20020.0], [112721.0, 20.0], [112721.5, 20.0], [112722.0, 20.0], [112722.5, 20.0], [112725.0, 25000.0], [112725.5, 82560.0], [112727.0, 650.0], [112727.5, 110.0], [112729.0, 26000.0], [112729.5, 106290.0], [112730.0, 99070.0], [112731.5, 50000.0], [112732.5, 61000.0], [112733.0, 5000.0], [112734.0, 5030.0], [112737.0, 11000.0]]}}}
{"jsonrpc": "2.0", "method": "subscription", "params": {"channel": "book.BTC-PERPETUAL.none.20.100ms", "data": {"timestamp": 1755857901562, "change_id": 114493099054, "instrument_name": "BTC-PERPETUAL", "bids": [[112717.5, 325450.0], [112717.0, 42500.0], [112716.5, 9410.0], [112716.0, 20000.0], [112713.0, 11040.0], [112712.5, 340.0], [112711.5, 48330.0], [112711.0, 140.0], [112709.5, 72580.0], [112709.0, 340.0], [112708.5, 3600.0], [112707.5, 25990.0], [112707.0, 40000.0], [112706.0, 95810.0], [112705.5, 149380.0], [112705.0, 130.0], [112704.5, 27250.0], [112702.5, 340.0], [112701.0, 6590.0], [112700.5, 20990.0]], "asks": [[112718.0, 201680.0], [112719.0, 20.0], [112719.5, 20.0], [112720.0, 7970.0], [112720.5, 20020.0], [112721.0, 20.0], [112721.5, 20.0], [112722.0, 20.0], [112725.0, 25000.0], [112725.5, 82560.0], [112727.0, 650.0], [112727.5, 110.0], [112729.0, 26000.0], [112729.5, 106290.0], [112730.0, 99070.0], [112732.5, 61000.0], [112733.0, 5000.0], [112734.0, 4810.0], [112737.0, 11000.0], [112737.5, 5750.0]]}}}
{"jsonrpc": "2.0", "method": "subscription", "params": {"channel": "book.BTC-PERPETUAL.none.20.100ms", "data": {"timestamp": 1755857901860, "change_id": 114493099537, "instrument_name": "BTC-PERPETUAL", "bids": [[112717.5, 285050.0], [112717.0, 125010.0], [112716.5, 3410.0], [112714.5, 11000.0], [112713.0, 40.0], [112712.5, 340.0], [112711.5, 48330.0], [112711.0, 140.0], [112709.5, 72580.0], [112709.0, 340.0], [112708.5, 3600.0], [112707.5, 25990.0], [112707.0, 40020.0], [112706.5, 20.0], [112706.0, 95830.0], [112705.5, 149400.0], [112705.0, 130.0], [112704.0, 25000.0], [112702.5, 340.0], [112701.0, 6590.0]], "asks": [[112718.0, 201680.0], [112720.0, 7950.0], [112720.5, 20.0], [112721.0, 20.0], [112721.5, 20.0], [112727.0, 650.0], [112727.5, 110.0], [112729.0, 26000.0], [112729.5, 106290.0], [112730.0, 99070.0], [112732.0, 50000.0], [112732.5, 11000.0], [112733.0, 5000.0], [112734.0, 4810.0], [112737.0, 11000.0], [112737.5, 5750.0], [112740.5, 52970.0], [112741.5, 4710.0], [112742.0, 500.0], [112742.5, 149040.0]]}}}
{"jsonrpc": "2.0", "method": "subscription", "params": {"channel": "book.BTC-PERPETUAL.none.20.100ms", "data": {"timestamp": 1755857902222, "change_id": 114493099953, "instrument_name": "BTC-PERPETUAL", "bids": [[112717.5, 300040.0], [112717.0, 125010.0], [112716.5, 3410.0], [112713.0, 40.0], [112712.5, 340.0], [112712.0, 11000.0], [112711.5, 48330.0], [112711.0, 140.0], [112709.5, 72580.0], [112709.0, 340.0], [112708.5, 3600.0], [112707.0, 40000.0], [112706.5, 25990.0], [112706.0, 95810.0], [112705.5, 149380.0], [112705.0, 130.0], [112704.0, 25000.0], [112702.5, 340.0], [112701.0, 6590.0], [112700.5, 20990.0]], "asks": [[112718.0, 201680.0], [112719.5, 20000.0], [112720.0, 7950.0], [112720.5, 20.0], [112721.0, 20.0], [112721.5, 20.0], [112722.0, 24750.0], [112722.5, 82510.0], [112727.0, 650.0], [112727.5, 110.0], [112729.0, 26000.0], [112729.5, 61900.0], [112730.0, 99070.0], [112731.5, 50000.0], [112732.5, 11000.0], [112733.0, 5000.0], [112733.5, 11000.0], [112740.5, 52970.0], [112741.5, 4710.0], [112742.0, 500.0]]}}}
{"jsonrpc": "2.0", "method": "subscription", "params": {"channel": "book.BTC-PERPETUAL.none.20.100ms", "data": {"timestamp": 1755857902544, "change_id": 114493100214, "instrument_name": "BTC-PERPETUAL", "bids": [[112717.5, 300000.0], [112717.0, 125010.0], [112716.5, 8990.0], [112714.0, 20000.0], [112713.0, 40.0], [112712.5, 340.0], [112712.0, 11000.0], [112711.5, 48330.0], [112711.0, 140.0], [112709.5, 72580.0], [112709.0, 340.0], [112708.5, 3600.0], [112707.0, 40000.0], [112706.5, 25990.0], [112706.0, 95810.0], [112705.5, 149380.0], [112705.0, 130.0], [112704.0, 25000.0], [112702.5, 340.0], [112701.0, 6590.0]], "asks": [[112718.0, 201680.0], [112719.5, 20000.0], [112720.0, 7950.0], [112720.5, 20.0], [112721.0, 20.0], [112721.5, 20.0], [112722.0, 24750.0], [112722.5, 82510.0], [112727.0, 650.0], [112727.5, 110.0], [112729.0, 26000.0], [112729.5, 106290.0], [112730.0, 99070.0], [112731.5, 50000.0], [112732.5, 11000.0], [112733.0, 5000.0], [112734.0, 5030.0], [112734.5, 11000.0], [112735.0, 5750.0], [112740.5, 52970.0]]}}}
{"jsonrpc": "2.0", "method": "subscription", "params": {"channel": "book.BTC-PERPETUAL.none.20.100ms", "data": {"timestamp": 1755857902884, "change_id": 114493100663, "instrument_name": "BTC-PERPETUAL", "bids": [[112717.5, 294480.0], [112717.0, 82510.0], [112716.5, 3410.0], [112713.0, 40.0], [112712.5, 340.0], [112712.0, 11000.0], [112711.5, 48330.0], [112711.0, 140.0], [112709.5, 72580.0], [112709.0, 340.0], [112708.5, 3600.0], [112707.0, 60000.0], [112706.5, 25990.0], [112706.0, 95810.0], [112705.5, 149380.0], [112705.0, 130.0], [112704.0, 25020.0], [112703.5, 20.0], [112703.0, 20.0], [112702.5, 360.0]], "asks": [[112718.0, 302540.0], [112718.5, 20.0], [112719.0, 20.0], [112719.5, 20020.0], [112720.0, 7970.0], [112720.5, 20.0], [112721.0, 20.0], [112721.5, 20.0], [112722.0, 24750.0], [112722.5, 82510.0], [112727.0, 650.0], [112727.5, 110.0], [112729.0, 26000.0], [112729.5, 106290.0], [112730.0, 99070.0], [112731.0, 50000.0], [112732.5, 11000.0], [112733.0, 5000.0], [112734.0, 5030.0], [112734.5, 11000.0]]}}}
{"jsonrpc": "2.0", "method": "subscription", "params": {"channel": "book.BTC-PERPETUAL.none.20.100ms", "data": {"timestamp": 1755857903213, "change_id": 114493101628, "instrument_name": "BTC-PERPETUAL", "bids": [[112717.5, 112390.0], [112714.0, 24860.0], [112713.5, 82490.0], [112713.0, 40.0], [112712.5, 340.0], [112711.5, 14540.0], [112711.0, 140.0], [112709.0, 340.0], [112708.5, 3600.0], [112707.5, 500.0], [112706.0, 95810.0], [112705.5, 149380.0], [112705.0, 430.0], [112703.0, 10990.0], [112702.5, 340.0], [112701.5, 11000.0], [112701.0, 61590.0], [112700.5, 32280.0], [112700.0, 11920.0], [112699.5, 2250.0]], "asks": [[112718.0, 351930.0], [112718.5, 20.0], [112719.0, 32130.0], [112719.5, 20020.0], [112720.0, 90460.0], [112720.5, 20.0], [112721.0, 20.0], [112721.5, 20.0], [112723.5, 13620.0], [112725.5, 22000.0], [112726.0, 20000.0], [112727.0, 6400.0], [112727.5, 110.0], [112729.5, 89110.0], [112730.0, 149570.0], [112740.0, 32600.0], [112740.5, 52970.0], [112741.5, 4710.0], [112742.5, 149040.0], [112743.0, 16860.0]]}}}
{"jsonrpc": "2.0", "method": "subscription", "params": {"channel": "book.BTC-PERPETUAL.none.20.100ms", "data": {"timestamp": 1755857903540, "change_id": 114493102590, "instrument_name": "BTC-PERPETUAL", "bids": [[112717.5, 29750.0], [112713.0, 40.0], [112712.5, 340.0], [112711.0, 140.0], [112709.5, 25930.0], [112709.0, 82820.0], [112708.5, 3600.0], [112706.0, 51930.0], [112705.5, 154380.0], [112705.0, 430.0], [112702.5, 340.0], [112701.0, 500.0], [112700.5, 33920.0], [112700.0, 11920.0], [112699.5, 2250.0], [112699.0, 340.0], [112698.0, 10.0], [112697.0, 10990.0], [112696.0, 340.0], [112695.5, 40000.0]], "asks": [[112718.0, 374680.0], [112718.5, 20.0], [112719.0, 50810.0], [112719.5, 20020.0], [112720.0, 113420.0], [112720.5, 20.0], [112721.0, 20.0], [112721.5, 30020.0], [112722.5, 84840.0], [112726.0, 20000.0], [112726.5, 32600.0], [112727.0, 1150.0], [112727.5, 253050.0], [112729.5, 89110.0], [112730.0, 149070.0], [112739.5, 6470.0], [112743.0, 16860.0], [112745.5, 32230.0], [112749.0, 61620.0], [112749.5, 47800.0]]}}}
{"jsonrpc": "2.0", "method": "subscription", "params": {"channel": "book.BTC-PERPETUAL.none.20.100ms", "data": {"timestamp": 1755857903843, "change_id": 114493103201, "instrument_name": "BTC-PERPETUAL", "bids": [[112717.5, 28890.0], [112713.0, 40.0], [112712.5, 340.0], [112711.0, 140.0], [112709.5, 2910.0], [112709.0, 6090.0], [112708.5, 3600.0], [112706.0, 1980.0], [112705.5, 5340.0], [112705.0, 430.0], [112702.5, 340.0], [112701.5, 500.0], [112700.5, 33920.0], [112700.0, 11920.0], [112699.5, 2250.0], [112699.0, 340.0], [112698.0, 10.0], [112697.0, 10990.0], [112696.0, 340.0], [112695.5, 51000.0]], "asks": [[112718.0, 356210.0], [112718.5, 20.0], [112719.0, 50810.0], [112719.5, 20020.0], [112720.0, 113420.0], [112720.5, 20.0], [112721.0, 20.0], [112721.5, 30020.0], [112722.5, 84840.0], [112725.0, 500.0], [112725.5, 6600.0], [112726.0, 20000.0], [112727.0, 650.0], [112727.5, 253050.0], [112729.0, 26000.0], [112729.5, 89110.0], [112730.0, 149070.0], [112733.0, 12240.0], [112734.0, 2780.0], [112735.5, 5490.0]]}}}
{"jsonrpc": "2.0", "method": "subscription", "params": {"channel": "book.BTC-PERPETUAL.none.20.100ms", "data": {"timestamp": 1755857904185, "change_id": 114493103794, "instrument_name": "BTC-PERPETUAL", "bids": [[112717.5, 28890.0], [112713.0, 40.0], [112712.5, 340.0], [112711.0, 140.0], [112709.5, 2910.0], [112709.0, 6090.0], [112708.5, 3600.0], [112706.0, 26480.0], [112705.5, 5340.0], [112705.0, 430.0], [112704.5, 82480.0], [112702.5, 340.0], [112700.5, 36590.0], [112700.0, 11920.0], [112699.5, 2250.0], [112699.0, 340.0], [112698.0, 10.0], [112697.5, 500.0], [112697.0, 10990.0], [112696.5, 11000.0]], "asks": [[112718.0, 354040.0], [112718.5, 20.0], [112719.0, 56810.0], [112719.5, 20020.0], [112720.0, 113420.0], [112720.5, 20.0], [112721.0, 20.0], [112721.5, 30020.0], [112722.0, 500.0], [112722.5, 84840.0], [112725.0, 50000.0], [112726.0, 20000.0], [112727.0, 650.0], [112727.5, 253050.0], [112728.5, 6600.0], [112729.0, 26000.0], [112729.5, 82490.0], [112730.0, 99070.0], [112733.0, 12240.0], [112734.0, 2780.0]]}}}
{"jsonrpc": "2.0", "method": "subscription", "params": {"channel": "book.BTC-PERPETUAL.none.20.100ms", "data": {"timestamp": 1755857904536, "change_id": 114493104303, "instrument_name": "BTC-PERPETUAL", "bids": [[112717.5, 28890.0], [112713.0, 40.0], [112712.5, 340.0], [112711.0, 140.0], [112709.5, 2910.0], [112709.0, 6090.0], [112708.5, 3600.0], [112706.0, 26480.0], [112705.5, 340.0], [112705.0, 20430.0], [112704.5, 82480.0], [112702.5, 340.0], [112700.5, 23240.0], [112700.0, 11920.0], [112699.5, 2250.0], [112699.0, 340.0], [112698.0, 10.0], [112696.5, 5500.0], [112696.0, 340.0], [112695.5, 40000.0]], "asks": [[112718.0, 354040.0], [112718.5, 20.0], [112719.0, 56810.0], [112719.5, 20020.0], [112720.0, 131890.0], [112720.5, 20.0], [112721.0, 520.0], [112721.5, 30020.0], [112722.5, 84840.0], [112723.0, 20000.0], [112725.0, 50000.0], [112727.0, 33250.0], [112727.5, 253050.0], [112729.5, 82490.0], [112730.0, 99070.0], [112733.0, 12240.0], [112734.0, 2780.0], [112735.5, 65830.0], [112736.0, 18310.0], [112737.0, 203410.0]]}}}
{"jsonrpc": "2.0", "method": "subscription", "params": {"channel": "book.BTC-PERPETUAL.none.20.100ms", "data": {"timestamp": 1755857904848, "change_id": 114493104798, "instrument_name": "BTC-PERPETUAL", "bids": [[112717.5, 28890.0], [112713.0, 40.0], [112712.5, 340.0], [112711.0, 140.0], [112709.5, 2910.0], [112709.0, 6090.0], [112708.5, 3600.0], [112706.0, 1980.0], [112705.5, 340.0], [112705.0, 430.0], [112704.0, 5000.0], [112702.5, 340.0], [112700.5, 27390.0], [112700.0, 11920.0], [112699.0, 340.0], [112698.0, 10.0], [112696.5, 45500.0], [112696.0, 340.0], [112695.5, 40000.0], [112695.0, 109840.0]], "asks": [[112718.0, 427110.0], [112718.5, 20.0], [112719.0, 41760.0], [112719.5, 20020.0], [112720.0, 49900.0], [112720.5, 20.0], [112721.0, 20.0], [112721.5, 30020.0], [112722.5, 84840.0], [112723.0, 20000.0], [112725.0, 50000.0], [112726.5, 26000.0], [112727.0, 7250.0], [112727.5, 253050.0], [112729.5, 82490.0], [112730.0, 99070.0], [112733.0, 12240.0], [112734.0, 2780.0], [112735.5, 65830.0], [112736.0, 18310.0]]}}}
{"jsonrpc": "2.0", "method": "subscription", "params": {"channel": "book.BTC-PERPETUAL.none.20.100ms", "data": {"timestamp": 1755857905191, "change_id": 114493105530, "instrument_name": "BTC-PERPETUAL", "bids": [[112717.5, 28890.0], [112713.0, 40.0], [112712.5, 340.0], [112711.0, 140.0], [112709.0, 340.0], [112708.5, 3600.0], [112707.0, 5750.0], [112706.5, 13320.0], [112706.0, 70720.0], [112705.5, 340.0], [112705.0, 430.0], [112703.5, 10000.0], [112702.5, 340.0], [112702.0, 82480.0], [112700.5, 16640.0], [112700.0, 11920.0], [112699.5, 500.0], [112699.0, 340.0], [112698.0, 11010.0], [112696.0, 360.0]], "asks": [[112718.0, 416110.0], [112718.5, 20.0], [112719.0, 36010.0], [112719.5, 20020.0], [112720.0, 49400.0], [112720.5, 20.0], [112721.0, 11020.0], [112721.5, 30020.0], [112722.5, 85340.0], [112723.0, 20000.0], [112725.0, 50000.0], [112727.0, 650.0], [112727.5, 253050.0], [112729.0, 112520.0], [112729.5, 49100.0], [112730.0, 99070.0], [112732.5, 26000.0], [112734.0, 2780.0], [112735.5, 5490.0], [112736.0, 18310.0]]}}}
{"jsonrpc": "2.0", "method": "subscription", "params": {"channel": "book.BTC-PERPETUAL.none.20.100ms", "data": {"timestamp": 1755857905488, "change_id": 114493105909, "instrument_name": "BTC-PERPETUAL", "bids": [[112717.5, 28890.0], [112713.0, 40.0], [112712.5, 340.0], [112711.0, 140.0], [112709.0, 3150.0], [112708.5, 3600.0], [112707.0, 5750.0], [112706.0, 26330.0], [112705.5, 340.0], [112705.0, 430.0], [112703.5, 10000.0], [112702.5, 340.0], [112702.0, 82480.0], [112700.5, 50700.0], [112700.0, 11920.0], [112699.0, 340.0], [112698.0, 10.0], [112697.5, 45000.0], [112696.5, 500.0], [112696.0, 340.0]], "asks": [[112718.0, 517110.0], [112718.5, 20.0], [112719.0, 41760.0], [112719.5, 20020.0], [112720.0, 49400.0], [112720.5, 520.0], [112721.0, 20.0], [112721.5, 30020.0], [112722.5, 84840.0], [112723.0, 20000.0], [112726.5, 6600.0], [112727.0, 26650.0], [112727.5, 253050.0], [112729.0, 105920.0], [112729.5, 49100.0], [112730.0, 99070.0], [112733.0, 124000.0], [112735.0, 76910.0], [112735.5, 213070.0], [112736.0, 18310.0]]}}}
{"jsonrpc": "2.0", "method": "subscription", "params": {"channel": "book.BTC-PERPETUAL.none.20.100ms", "data": {"timestamp": 1755857905853, "change_id": 114493106383, "instrument_name": "BTC-PERPETUAL", "bids": [[112717.5, 28890.0], [112713.0, 40.0], [112712.5, 340.0], [112711.0, 140.0], [112709.0, 340.0], [112708.5, 3600.0], [112707.0, 5750.0], [112706.5, 20000.0], [112705.5, 340.0], [112705.0, 430.0], [112704.0, 3100.0], [112703.5, 10000.0], [112702.5, 340.0], [112700.5, 30700.0], [112700.0, 11920.0], [112699.0, 340.0], [112698.0, 10.0], [112697.5, 45000.0], [112697.0, 20000.0], [112696.0, 340.0]], "asks": [[112718.0, 557110.0], [112718.5, 5770.0], [112719.0, 36510.0], [112719.5, 20020.0], [112720.0, 49400.0], [112720.5, 20.0], [112721.0, 20.0], [112721.5, 30020.0], [112722.0, 6600.0], [112722.5, 110840.0], [112723.0, 20000.0], [112727.0, 650.0], [112727.5, 253050.0], [112729.0, 105920.0], [112729.5, 49100.0], [112730.0, 99070.0], [112733.0, 124000.0], [112735.0, 76910.0], [112735.5, 213070.0], [112736.0, 18310.0]]}}}
{"jsonrpc": "2.0", "method": "subscription", "params": {"channel": "book.BTC-PERPETUAL.none.20.100ms", "data": {"timestamp": 1755857906170, "change_id": 114493106814, "instrument_name": "BTC-PERPETUAL", "bids": [[112717.5, 28890.0], [112713.0, 40.0], [112712.5, 340.0], [112711.0, 140.0], [112709.0, 340.0], [112708.5, 3600.0], [112707.0, 5750.0], [112706.5, 20000.0], [112705.5, 340.0], [112705.0, 430.0], [112704.0, 27470.0], [112703.5, 10000.0], [112702.5, 340.0], [112701.0, 82510.0], [112700.5, 30700.0], [112700.0, 11920.0], [112699.0, 340.0], [112698.0, 10.0], [112697.5, 45000.0], [112697.0, 20000.0]], "asks": [[112718.0, 557110.0], [112718.5, 5770.0], [112719.0, 36010.0], [112719.5, 20520.0], [112720.0, 49400.0], [112720.5, 20.0], [112721.0, 20.0], [112721.5, 30020.0], [112722.0, 6600.0], [112722.5, 110840.0], [112723.0, 20000.0], [112727.0, 650.0], [112727.5, 253050.0], [112729.0, 105920.0], [112729.5, 49100.0], [112730.0, 99070.0], [112733.0, 124000.0], [112735.0, 76910.0], [112735.5, 213070.0], [112736.0, 18310.0]]}}}
{"jsonrpc": "2.0", "method": "subscription", "params": {"channel": "book.BTC-PERPETUAL.none.20.100ms", "data": {"timestamp": 1755857906502, "change_id": 114493107132, "instrument_name": "BTC-PERPETUAL", "bids": [[112717.5, 28890.0], [112713.0, 40.0], [112712.5, 340.0], [112711.0, 140.0], [112709.0, 340.0], [112708.5, 3600.0], [112708.0, 20000.0], [112707.0, 5750.0], [112705.5, 340.0], [112705.0, 430.0], [112704.0, 27470.0], [112703.5, 10000.0], [112702.5, 340.0], [112701.0, 82510.0], [112700.5, 30700.0], [112700.0, 11920.0], [112699.0, 340.0], [112698.0, 10.0], [112697.5, 45000.0], [112697.0, 20000.0]], "asks": [[112718.0, 557110.0], [112718.5, 5770.0], [112719.0, 36010.0], [112719.5, 20020.0], [112720.0, 49400.0], [112720.5, 520.0], [112721.0, 20.0], [112721.5, 30020.0], [112722.0, 6600.0], [112722.5, 110840.0], [112723.0, 20000.0], [112727.0, 650.0], [112727.5, 253050.0], [112729.0, 105920.0], [112729.5, 49100.0], [112730.0, 99070.0], [112733.0, 124000.0], [112735.0, 76910.0], [112735.5, 213070.0], [112736.0, 18310.0]]}}}
{"jsonrpc": "2.0", "method": "subscription", "params": {"channel": "book.BTC-PERPETUAL.none.20.100ms", "data": {"timestamp": 1755857906847, "change_id": 114493108688, "instrument_name": "BTC-PERPETUAL", "bids": [[112711.0, 20140.0], [112708.5, 3600.0], [112705.5, 340.0], [112705.0, 130.0], [112700.0, 11920.0], [112699.0, 340.0], [112698.0, 26290.0], [112696.0, 88240.0], [112695.0, 59030.0], [112694.0, 149040.0], [112692.0, 20.0], [112691.5, 20.0], [112690.0, 500.0], [112689.5, 2250.0], [112688.5, 35040.0], [112688.0, 44390.0], [112687.5, 20.0], [112686.5, 10000.0], [112685.5, 11000.0], [112685.0, 60.0]], "asks": [[112711.5, 291590.0], [112712.0, 288300.0], [112712.5, 85860.0], [112713.0, 185800.0], [112716.5, 500.0], [112717.0, 50000.0], [112717.5, 77230.0], [112718.0, 132490.0], [112718.5, 20.0], [112719.0, 20.0], [112719.5, 26020.0], [112720.0, 49400.0], [112720.5, 20.0], [112721.0, 20.0], [112721.5, 50020.0], [112722.5, 50940.0], [112727.0, 650.0], [112727.5, 149150.0], [112729.0, 85990.0], [112729.5, 44390.0]]}}}
{"jsonrpc": "2.0", "method": "subscription", "params": {"channel": "book.BTC-PERPETUAL.none.20.100ms", "data": {"timestamp": 1755857907179, "change_id": 114493109318, "instrument_name": "BTC-PERPETUAL", "bids": [[112711.0, 20140.0], [112708.5, 3940.0], [112705.0, 130.0], [112703.5, 20000.0], [112700.0, 11920.0], [112698.0, 26290.0], [112696.0, 88240.0], [112695.0, 59030.0], [112694.5, 10000.0], [112694.0, 149040.0], [112693.0, 20.0], [112692.0, 20.0], [112691.0, 500.0], [112689.5, 2250.0], [112688.5, 35040.0], [112688.0, 44390.0], [112687.5, 20.0], [112685.0, 11060.0], [112684.5, 11290.0], [112684.0, 40000.0]], "asks": [[112711.5, 321610.0], [112712.0, 288300.0], [112712.5, 85860.0], [112713.0, 194720.0], [112713.5, 20000.0], [112716.0, 500.0], [112717.0, 50000.0], [112717.5, 77230.0], [112718.0, 107160.0], [112718.5, 20.0], [112719.0, 6620.0], [112719.5, 26020.0], [112720.0, 49400.0], [112720.5, 20.0], [112721.0, 20.0], [112721.5, 50000.0], [112722.5, 50940.0], [112727.0, 650.0], [112727.5, 149150.0], [112729.0, 85990.0]]}}}
{"jsonrpc": "2.0", "method": "subscription", "params": {"channel": "book.BTC-PERPETUAL.none.20.100ms", "data": {"timestamp": 1755857907478, "change_id": 114493109691, "instrument_name": "BTC-PERPETUAL", "bids": [[112711.0, 20140.0], [112708.5, 3940.0], [112705.0, 130.0], [112703.5, 20000.0], [112700.0, 11920.0], [112698.0, 26290.0], [112696.0, 88240.0], [112695.0, 59030.0], [112694.5, 10000.0], [112694.0, 149040.0], [112692.0, 20.0], [112691.5, 20000.0], [112690.0, 500.0], [112689.5, 2250.0], [112688.5, 35040.0], [112688.0, 44390.0], [112687.5, 20.0], [112685.0, 11060.0], [112684.5, 11290.0], [112684.0, 40000.0]], "asks": [[112711.5, 376320.0], [112712.0, 288300.0], [112712.5, 85860.0], [112713.0, 194720.0], [112713.5, 20000.0], [112715.0, 500.0], [112717.5, 77230.0], [112718.0, 107160.0], [112718.5, 26020.0], [112719.0, 6620.0], [112719.5, 20.0], [112720.0, 49400.0], [112720.5, 20.0], [112721.0, 20.0], [112721.5, 50000.0], [112722.5, 50940.0], [112727.0, 650.0], [112727.5, 149150.0], [112729.0, 55920.0], [112729.5, 44390.0]]}}}
{"jsonrpc": "2.0", "method": "subscription", "params": {"channel": "book.BTC-PERPETUAL.none.20.100ms", "data": {"timestamp": 1755857907837, "change_id": 114493109981, "instrument_name": "BTC-PERPETUAL", "bids": [[112711.0, 20140.0], [112708.5, 3940.0], [112705.0, 130.0], [112703.5, 20000.0], [112701.5, 10000.0], [112700.0, 11920.0], [112699.5, 5750.0], [112698.0, 10.0], [112695.0, 59030.0], [112694.5, 20000.0], [112694.0, 149040.0], [112690.5, 500.0], [112688.5, 35040.0], [112688.0, 44390.0], [112687.5, 20.0], [112685.0, 11060.0], [112684.5, 11290.0], [112684.0, 40000.0], [112683.5, 26030.0], [112682.5, 270.0]], "asks": [[112711.5, 385220.0], [112712.0, 294320.0], [112712.5, 85880.0], [112713.0, 194740.0], [112713.5, 20020.0], [112714.0, 20.0], [112714.5, 20.0], [112715.0, 20.0], [112717.0, 500.0], [112717.5, 77230.0], [112718.0, 107140.0], [112718.5, 26000.0], [112719.0, 6600.0], [112720.0, 49380.0], [112721.5, 50000.0], [112722.5, 75770.0], [112723.0, 123990.0], [112727.0, 650.0], [112727.5, 149150.0], [112729.0, 55920.0]]}}}
{"jsonrpc": "2.0", "method": "subscription", "params": {"channel": "book.BTC-PERPETUAL.none.20.100ms", "data": {"timestamp": 1755857908169, "change_id": 114493110910, "instrument_name": "BTC-PERPETUAL", "bids": [[112711.0, 20140.0], [112708.5, 3940.0], [112705.5, 340.0], [112705.0, 130.0], [112700.0, 11920.0], [112698.0, 10.0], [112696.0, 5750.0], [112695.0, 59030.0], [112694.0, 149040.0], [112692.0, 92500.0], [112688.5, 24970.0], [112688.0, 44390.0], [112687.5, 20.0], [112685.5, 45500.0], [112685.0, 60.0], [112684.5, 300.0], [112683.0, 7430.0], [112682.5, 270.0], [112680.5, 11000.0], [112680.0, 2500.0]], "asks": [[112711.5, 400060.0], [112712.0, 294320.0], [112712.5, 85880.0], [112713.0, 194740.0], [112713.5, 20020.0], [112714.0, 20.0], [112714.5, 20.0], [112715.0, 20.0], [112717.0, 26000.0], [112717.5, 77230.0], [112718.0, 110770.0], [112720.0, 49380.0], [112721.5, 50000.0], [112722.5, 75770.0], [112723.0, 123990.0], [112725.0, 5750.0], [112727.0, 650.0], [112727.5, 149150.0], [112729.0, 55920.0], [112729.5, 44390.0]]}}}
{"jsonrpc": "2.0", "method": "subscription", "params": {"channel": "book.BTC-PERPETUAL.none.20.100ms", "data": {"timestamp": 1755857908482, "change_id": 114493111279, "instrument_name": "BTC-PERPETUAL", "bids": [[112711.0, 20140.0], [112708.5, 3940.0], [112705.5, 340.0], [112705.0, 130.0], [112700.0, 11920.0], [112698.0, 10.0], [112695.0, 59030.0], [112694.0, 149040.0], [112692.0, 92500.0], [112688.5, 24970.0], [112688.0, 44390.0], [112687.5, 20.0], [112685.5, 45000.0], [112685.0, 560.0], [112684.5, 300.0], [112683.0, 4130.0], [112682.5, 270.0], [112680.0, 2500.0], [112679.0, 11000.0], [112678.5, 50740.0]], "asks": [[112711.5, 426220.0], [112712.0, 294320.0], [112712.5, 85880.0], [112713.0, 194740.0], [112713.5, 20020.0], [112714.0, 20.0], [112714.5, 20.0], [112715.0, 20.0], [112717.5, 77230.0], [112718.0, 106980.0], [112720.0, 49380.0], [112721.5, 50000.0], [112722.5, 50940.0], [112727.0, 650.0], [112727.5, 149150.0], [112729.0, 55920.0], [112729.5, 44390.0], [112730.0, 99070.0], [112731.0, 42480.0], [112733.0, 61620.0]]}}}
{"jsonrpc": "2.0", "method": "subscription", "params": {"channel": "book.BTC-PERPETUAL.none.20.100ms", "data": {"timestamp": 1755857908828, "change_id": 114493111541, "instrument_name": "BTC-PERPETUAL", "bids": [[112711.0, 20140.0], [112708.5, 3940.0], [112705.5, 340.0], [112705.0, 130.0], [112701.5, 20000.0], [112700.0, 11920.0], [112698.0, 10.0], [112695.0, 59030.0], [112694.0, 149040.0], [112693.0, 5750.0], [112692.0, 92500.0], [112690.5, 20.0], [112690.0, 20.0], [112689.5, 20.0], [112689.0, 20.0], [112688.5, 24970.0], [112688.0, 44390.0], [112687.5, 20.0], [112686.0, 500.0], [112685.5, 45000.0]], "asks": [[112711.5, 621130.0], [112712.0, 300360.0], [112712.5, 20.0], [112713.0, 20.0], [112713.5, 20020.0], [112714.0, 20.0], [112714.5, 20.0], [112715.0, 20.0], [112716.5, 9350.0], [112717.5, 114700.0], [112718.0, 106980.0], [112720.0, 49380.0], [112721.5, 256290.0], [112722.5, 50940.0], [112725.0, 5750.0], [112727.0, 650.0], [112727.5, 149150.0], [112729.0, 55920.0], [112729.5, 44390.0], [112730.0, 99070.0]]}}}
{"jsonrpc": "2.0", "method": "subscription", "params": {"channel": "book.BTC-PERPETUAL.none.20.100ms", "data": {"timestamp": 1755857909156, "change_id": 114493112165, "instrument_name": "BTC-PERPETUAL", "bids": [[112711.0, 20140.0], [112708.5, 3940.0], [112705.5, 340.0], [112705.0, 130.0], [112702.0, 340.0], [112700.0, 11920.0], [112698.0, 10.0], [112695.0, 59030.0], [112694.0, 149040.0], [112693.0, 5750.0], [112692.5, 20000.0], [112692.0, 92500.0], [112690.5, 20.0], [112690.0, 20.0], [112689.5, 20.0], [112689.0, 20.0], [112688.5, 24970.0], [112688.0, 44390.0], [112687.5, 20.0], [112685.5, 45500.0]], "asks": [[112711.5, 621130.0], [112712.0, 300360.0], [112712.5, 20.0], [112713.0, 20.0], [112713.5, 20020.0], [112714.0, 20.0], [112714.5, 20.0], [112715.0, 20.0], [112716.5, 9350.0], [112717.5, 114700.0], [112718.0, 106980.0], [112720.0, 49380.0], [112721.5, 256290.0], [112722.5, 50940.0], [112725.0, 5750.0], [112727.0, 25650.0], [112727.5, 149150.0], [112729.0, 55920.0], [112729.5, 44390.0], [112730.0, 99070.0]]}}}
{"jsonrpc": "2.0", "method": "subscription", "params": {"channel": "book.BTC-PERPETUAL.none.20.100ms", "data": {"timestamp": 1755857909491, "change_id": 114493112600, "instrument_name": "BTC-PERPETUAL", "bids": [[112711.0, 20140.0], [112708.5, 3940.0], [112705.5, 340.0], [112705.0, 130.0], [112702.0, 340.0], [112700.0, 11920.0], [112698.0, 10.0], [112695.0, 120.0], [112694.0, 149040.0], [112692.0, 92500.0], [112688.5, 16900.0], [112688.0, 20.0], [112687.5, 40.0], [112687.0, 20.0], [112685.5, 45000.0], [112685.0, 560.0], [112684.5, 300.0], [112683.0, 4130.0], [112682.5, 270.0], [112680.0, 2500.0]], "asks": [[112711.5, 615380.0], [112712.0, 300360.0], [112712.5, 20.0], [112713.0, 20.0], [112713.5, 20020.0], [112714.0, 20.0], [112714.5, 20.0], [112715.0, 20.0], [112716.5, 9350.0], [112717.5, 114700.0], [112718.0, 106980.0], [112720.0, 47850.0], [112721.5, 256290.0], [112722.5, 50940.0], [112725.0, 5750.0], [112727.0, 25650.0], [112727.5, 149150.0], [112729.0, 55920.0], [112729.5, 44390.0], [112730.0, 99070.0]]}}}
{"jsonrpc": "2.0", "method": "subscription", "params": {"channel": "book.BTC-PERPETUAL.none.20.100ms", "data": {"timestamp": 1755857909811, "change_id": 114493112809, "instrument_name": "BTC-PERPETUAL", "bids": [[112711.0, 20140.0], [112708.5, 3940.0], [112705.5, 340.0], [112705.0, 130.0], [112702.0, 340.0], [112701.0, 20000.0], [112700.0, 11920.0], [112698.0, 10.0], [112695.0, 120.0], [112694.0, 149040.0], [112692.5, 5750.0], [112692.0, 92500.0], [112689.0, 20000.0], [112688.5, 16880.0], [112687.5, 20.0], [112687.0, 20.0], [112686.5, 20.0], [112686.0, 20.0], [112685.5, 45020.0], [112685.0, 60.0]], "asks": [[112711.5, 621130.0], [112712.0, 300360.0], [112712.5, 20.0], [112713.0, 20.0], [112713.5, 20020.0], [112714.0, 20.0], [112714.5, 20.0], [112715.0, 20.0], [112716.5, 9350.0], [112717.5, 114700.0], [112718.0, 106980.0], [112720.0, 47850.0], [112721.5, 256290.0], [112722.5, 50940.0], [112725.0, 5750.0], [112727.0, 25650.0], [112727.5, 149150.0], [112729.0, 55920.0], [112729.5, 44390.0], [112730.0, 99070.0]]}}}
