{"jsonrpc": "2.0", "id": 1, "result": ["book.BTC-PERPETUAL.none.20.100ms"], "usIn": 1771844801266342, "usOut": 1771844801266559, "usDiff": 217, "testnet": false}
{"jsonrpc": "2.0", "method": "subscription", "params": {"channel": "book.BTC-PERPETUAL.none.20.100ms", "data": {"timestamp": 1771844801258, "change_id": 141797967301, "instrument_name": "BTC-PERPETUAL", "bids": [[66284.5, 71830.0], [66283.5, 1000.0], [66283.0, 36190.0], [66282.5, 2410.0], [66282.0, 3360.0], [66281.5, 300.0], [66280.5, 2000.0], [66279.5, 26680.0], [66278.5, 10000.0], [66278.0, 490.0], [66277.5, 33140.0], [66277.0, 6000.0], [66276.5, 56000.0], [66276.0, 15000.0], [66275.5, 6000.0], [66275.0, 30000.0], [66274.0, 19490.0], [66273.5, 8240.0], [66273.0, 6000.0], [66272.5, 14070.0]], "asks": [[66285.0, 81920.0], [66285.5, 6460.0], [66288.0, 10000.0], [66288.5, 8240.0], [66289.0, 2980.0], [66290.5, 3840.0], [66291.0, 12000.0], [66292.0, 490.0], [66292.5, 2040.0], [66293.5, 390.0], [66294.0, 22730.0], [66295.5, 19500.0], [66296.0, 9230.0], [66296.5, 1000.0], [66297.0, 49280.0], [66297.5, 3520.0], [66300.0, 11780.0], [66303.0, 21000.0], [66303.5, 5000.0], [66304.0, 11620.0]]}}}
{"jsonrpc": "2.0", "method": "subscription", "params": {"channel": "book.BTC-PERPETUAL.none.20.100ms", "data": {"timestamp": 1771844801280, "change_id": 141797967307, "instrument_name": "BTC-PERPETUAL", "bids": [[66284.5, 71830.0], [66283.5, 1000.0], [66283.0, 1200.0], [66282.5, 12640.0], [66282.0, 3360.0], [66281.5, 300.0], [66280.5, 2000.0], [66280.0, 34990.0], [66279.5, 26680.0], [66278.5, 10000.0], [66278.0, 490.0], [66277.5, 33140.0], [66277.0, 6000.0], [66276.5, 56000.0], [66276.0, 15000.0], [66275.5, 6000.0], [66275.0, 30000.0], [66274.0, 19490.0], [66273.5, 8240.0], [66273.0, 6000.0]], "asks": [[66285.0, 81920.0], [66285.5, 6460.0], [66288.0, 10000.0], [66288.5, 8240.0], [66289.0, 2980.0], [66290.5, 3840.0], [66291.0, 12000.0], [66292.0, 490.0], [66292.5, 2040.0], [66293.5, 390.0], [66294.0, 22730.0], [66295.5, 19500.0], [66296.0, 9230.0], [66296.5, 1000.0], [66297.0, 49280.0], [66297.5, 3520.0], [66300.0, 11780.0], [66303.0, 21000.0], [66303.5, 5000.0], [66304.0, 11620.0]]}}}
{"jsonrpc": "2.0", "method": "subscription", "params": {"channel": "book.BTC-PERPETUAL.none.20.100ms", "data": {"timestamp": 1771844801595, "change_id": 141797967882, "instrument_name": "BTC-PERPETUAL", "bids": [[66284.5, 71830.0], [66283.5, 1000.0], [66283.0, 1200.0], [66282.5, 12640.0], [66282.0, 3360.0], [66281.5, 300.0], [66280.5, 2000.0], [66280.0, 34990.0], [66279.5, 26680.0], [66278.5, 10000.0], [66277.5, 33630.0], [66277.0, 6000.0], [66276.5, 56000.0], [66276.0, 15000.0], [66275.5, 6000.0], [66275.0, 30000.0], [66273.5, 8240.0], [66273.0, 25490.0], [66272.5, 14070.0], [66271.5, 31810.0]], "asks": [[66285.0, 81920.0], [66285.5, 6460.0], [66288.0, 10000.0], [66288.5, 8240.0], [66289.0, 2980.0], [66290.5, 3840.0], [66291.0, 12000.0], [66292.0, 490.0], [66292.5, 2040.0], [66293.5, 390.0], [66294.0, 22730.0], [66295.5, 19500.0], [66296.0, 9230.0], [66296.5, 1000.0], [66297.0, 49280.0], [66297.5, 3520.0], [66300.0, 11780.0], [66302.0, 21000.0], [66303.5, 5000.0], [66304.0, 11620.0]]}}}
{"jsonrpc": "2.0", "method": "subscription", "params": {"channel": "book.BTC-PERPETUAL.none.20.100ms", "data": {"timestamp": 1771844801938, "change_id": 141797968084, "instrument_name": "BTC-PERPETUAL", "bids": [[66284.5, 71830.0], [66283.5, 1000.0], [66283.0, 1200.0], [66282.5, 12640.0], [66282.0, 3360.0], [66281.5, 300.0], [66280.5, 2000.0], [66280.0, 34990.0], [66279.5, 26680.0], [66278.5, 10000.0], [66277.5, 33140.0], [66277.0, 6490.0], [66276.5, 56000.0], [66276.0, 15000.0], [66275.5, 6000.0], [66275.0, 30000.0], [66273.5, 8240.0], [66273.0, 6000.0], [66272.5, 14070.0], [66272.0, 19490.0]], "asks": [[66285.0, 81920.0], [66285.5, 6460.0], [66288.0, 10000.0], [66288.5, 8240.0], [66289.0, 2980.0], [66290.5, 4330.0], [66291.0, 12000.0], [66292.5, 2040.0], [66293.5, 390.0], [66294.0, 22730.0], [66295.5, 19500.0], [66296.0, 9230.0], [66296.5, 1000.0], [66297.0, 49280.0], [66297.5, 3520.0], [66300.0, 11780.0], [66301.5, 11230.0], [66302.0, 21000.0], [66303.5, 5000.0], [66304.0, 11620.0]]}}}
{"jsonrpc": "2.0", "method": "subscription", "params": {"channel": "book.BTC-PERPETUAL.none.20.100ms", "data": {"timestamp": 1771844802260, "change_id": 141797968491, "instrument_name": "BTC-PERPETUAL", "bids": [[66284.5, 45230.0], [66283.5, 1000.0], [66283.0, 1200.0], [66282.5, 12640.0], [66282.0, 3360.0], [66281.5, 300.0], [66280.5, 2000.0], [66280.0, 34990.0], [66279.5, 26680.0], [66278.5, 10000.0], [66278.0, 490.0], [66277.5, 33140.0], [66277.0, 6000.0], [66276.5, 56000.0], [66276.0, 15000.0], [66275.5, 6000.0], [66275.0, 30000.0], [66273.5, 8240.0], [66273.0, 6000.0], [66272.5, 14070.0]], "asks": [[66285.0, 81920.0], [66285.5, 6460.0], [66288.0, 10000.0], [66288.5, 8240.0], [66289.0, 2980.0], [66290.5, 3840.0], [66291.0, 12000.0], [66292.0, 490.0], [66292.5, 2040.0], [66293.5, 390.0], [66294.0, 22730.0], [66295.5, 19500.0], [66296.0, 9230.0], [66296.5, 1000.0], [66297.0, 49280.0], [66297.5, 3520.0], [66300.0, 11780.0], [66301.5, 11230.0], [66302.0, 21000.0], [66303.5, 5000.0]]}}}
{"jsonrpc": "2.0", "method": "subscription", "params": {"channel": "book.BTC-PERPETUAL.none.20.100ms", "data": {"timestamp": 1771844802597, "change_id": 141797969094, "instrument_name": "BTC-PERPETUAL", "bids": [[66284.5, 45230.0], [66283.5, 1000.0], [66283.0, 1200.0], [66282.5, 720.0], [66282.0, 3360.0], [66281.5, 300.0], [66280.5, 12440.0], [66280.0, 34990.0], [66279.5, 26680.0], [66278.5, 10000.0], [66277.5, 33140.0], [66277.0, 6490.0], [66276.5, 56000.0], [66276.0, 15000.0], [66275.5, 6000.0], [66275.0, 30000.0], [66273.0, 6000.0], [66272.5, 14070.0], [66272.0, 8240.0], [66271.5, 31810.0]], "asks": [[66285.0, 93920.0], [66285.5, 6460.0], [66288.0, 10000.0], [66288.5, 8240.0], [66289.0, 2980.0], [66290.5, 3970.0], [66292.5, 2040.0], [66293.5, 9630.0], [66294.0, 14160.0], [66295.0, 49280.0], [66295.5, 19500.0], [66296.5, 1000.0], [66297.5, 3520.0], [66300.0, 11780.0], [66301.5, 11230.0], [66302.0, 21000.0], [66303.5, 5000.0], [66304.0, 11620.0], [66304.5, 11980.0], [66305.0, 10.0]]}}}
{"jsonrpc": "2.0", "method": "subscription", "params": {"channel": "book.BTC-PERPETUAL.none.20.100ms", "data": {"timestamp": 1771844802930, "change_id": 141797969424, "instrument_name": "BTC-PERPETUAL", "bids": [[66284.5, 27130.0], [66283.5, 1000.0], [66283.0, 1200.0], [66282.5, 720.0], [66282.0, 3360.0], [66281.5, 300.0], [66280.0, 34990.0], [66279.5, 7310.0], [66279.0, 12000.0], [66277.0, 6000.0], [66276.5, 6000.0], [66276.0, 38120.0], [66275.5, 6000.0], [66275.0, 80000.0], [66273.0, 6000.0], [66272.5, 47210.0], [66271.5, 31810.0], [66270.5, 8240.0], [66270.0, 19490.0], [66269.5, 10990.0]], "asks": [[66285.0, 102160.0], [66285.5, 10000.0], [66288.5, 1490.0], [66289.0, 5000.0], [66290.0, 490.0], [66290.5, 22290.0], [66293.0, 19500.0], [66293.5, 58910.0], [66296.5, 7270.0], [66297.0, 21000.0], [66297.5, 12020.0], [66299.5, 30000.0], [66300.0, 11780.0], [66301.0, 5000.0], [66304.0, 11620.0], [66304.5, 11980.0], [66305.0, 10.0], [66307.0, 30000.0], [66307.5, 24910.0], [66309.0, 8490.0]]}}}
{"jsonrpc": "2.0", "method": "subscription", "params": {"channel": "book.BTC-PERPETUAL.none.20.100ms", "data": {"timestamp": 1771844803256, "change_id": 141797969915, "instrument_name": "BTC-PERPETUAL", "bids": [[66284.5, 25220.0], [66283.5, 1000.0], [66283.0, 1200.0], [66282.5, 2730.0], [66282.0, 3360.0], [66281.5, 300.0], [66280.0, 34990.0], [66279.5, 7310.0], [66279.0, 12000.0], [66277.0, 6000.0], [66276.5, 6000.0], [66276.0, 37630.0], [66275.5, 6490.0], [66275.0, 30000.0], [66273.5, 50000.0], [66273.0, 6000.0], [66272.5, 47210.0], [66271.5, 31810.0], [66270.0, 27730.0], [66269.5, 10990.0]], "asks": [[66285.0, 102160.0], [66285.5, 10000.0], [66288.5, 1490.0], [66289.0, 5000.0], [66290.0, 490.0], [66290.5, 17220.0], [66292.0, 19500.0], [66292.5, 9240.0], [66293.0, 49280.0], [66293.5, 390.0], [66294.5, 6570.0], [66296.5, 1000.0], [66297.0, 21000.0], [66297.5, 12020.0], [66299.5, 30000.0], [66300.0, 11780.0], [66303.5, 5000.0], [66304.0, 11620.0], [66304.5, 11980.0], [66305.0, 10.0]]}}}
{"jsonrpc": "2.0", "method": "subscription", "params": {"channel": "book.BTC-PERPETUAL.none.20.100ms", "data": {"timestamp": 1771844803588, "change_id": 141797970483, "instrument_name": "BTC-PERPETUAL", "bids": [[66284.5, 25220.0], [66283.5, 1000.0], [66283.0, 1200.0], [66282.5, 2730.0], [66282.0, 3360.0], [66281.5, 300.0], [66280.0, 34990.0], [66279.5, 7310.0], [66279.0, 12000.0], [66277.0, 6000.0], [66276.5, 6000.0], [66276.0, 38120.0], [66275.5, 6000.0], [66275.0, 30000.0], [66273.5, 50000.0], [66273.0, 6000.0], [66272.5, 47210.0], [66271.5, 31810.0], [66270.0, 27730.0], [66269.5, 10990.0]], "asks": [[66285.0, 102160.0], [66285.5, 4620.0], [66286.0, 10000.0], [66289.0, 5000.0], [66290.0, 490.0], [66290.5, 8330.0], [66292.5, 9240.0], [66293.0, 19500.0], [66293.5, 21670.0], [66296.0, 49280.0], [66296.5, 1000.0], [66297.0, 21000.0], [66297.5, 12020.0], [66299.5, 30000.0], [66300.0, 11780.0], [66303.5, 5000.0], [66304.0, 11620.0], [66304.5, 11980.0], [66305.0, 10.0], [66307.0, 30000.0]]}}}
{"jsonrpc": "2.0", "method": "subscription", "params": {"channel": "book.BTC-PERPETUAL.none.20.100ms", "data": {"timestamp": 1771844803924, "change_id": 141797970695, "instrument_name": "BTC-PERPETUAL", "bids": [[66284.5, 25220.0], [66283.5, 1000.0], [66283.0, 1200.0], [66282.5, 2730.0], [66282.0, 3360.0], [66281.5, 300.0], [66280.0, 34990.0], [66279.5, 7310.0], [66279.0, 12000.0], [66277.0, 6000.0], [66276.5, 6000.0], [66276.0, 37630.0], [66275.5, 6490.0], [66275.0, 30000.0], [66274.5, 50000.0], [66273.0, 6000.0], [66272.5, 47210.0], [66271.5, 31810.0], [66270.5, 19230.0], [66270.0, 19490.0]], "asks": [[66285.0, 102150.0], [66285.5, 4620.0], [66286.0, 10000.0], [66289.0, 5000.0], [66290.0, 490.0], [66290.5, 8330.0], [66292.5, 9240.0], [66293.0, 19500.0], [66293.5, 15400.0], [66296.0, 49280.0], [66296.5, 1000.0], [66297.5, 17200.0], [66299.0, 21000.0], [66299.5, 30000.0], [66300.0, 11780.0], [66303.5, 5000.0], [66304.0, 11620.0], [66304.5, 11980.0], [66305.0, 10.0], [66307.0, 30000.0]]}}}
{"jsonrpc": "2.0", "method": "subscription", "params": {"channel": "book.BTC-PERPETUAL.none.20.100ms", "data": {"timestamp": 1771844804253, "change_id": 141797971087, "instrument_name": "BTC-PERPETUAL", "bids": [[66284.5, 25220.0], [66283.5, 1000.0], [66283.0, 1200.0], [66282.5, 2730.0], [66282.0, 3360.0], [66281.5, 300.0], [66280.0, 34990.0], [66279.5, 7310.0], [66279.0, 12000.0], [66277.0, 6000.0], [66276.5, 6000.0], [66276.0, 37630.0], [66275.5, 56490.0], [66275.0, 63140.0], [66273.0, 6000.0], [66272.5, 14070.0], [66271.5, 31810.0], [66271.0, 8240.0], [66270.5, 10990.0], [66270.0, 19490.0]], "asks": [[66285.0, 102150.0], [66285.5, 4620.0], [66286.0, 10000.0], [66289.0, 5000.0], [66290.0, 490.0], [66290.5, 8330.0], [66292.5, 9240.0], [66293.0, 19500.0], [66293.5, 15400.0], [66296.0, 49280.0], [66296.5, 1000.0], [66297.5, 17200.0], [66299.0, 21000.0], [66299.5, 30000.0], [66300.0, 11780.0], [66303.5, 5000.0], [66304.0, 11620.0], [66304.5, 11980.0], [66305.0, 10.0], [66307.0, 30000.0]]}}}
{"jsonrpc": "2.0", "method": "subscription", "params": {"channel": "book.BTC-PERPETUAL.none.20.100ms", "data": {"timestamp": 1771844804551, "change_id": 141797971611, "instrument_name": "BTC-PERPETUAL", "bids": [[66284.5, 25120.0], [66283.5, 1000.0], [66283.0, 1200.0], [66282.5, 2730.0], [66282.0, 3360.0], [66281.5, 300.0], [66280.0, 34990.0], [66279.5, 7310.0], [66279.0, 12000.0], [66277.0, 16000.0], [66276.5, 6000.0], [66276.0, 38120.0], [66275.5, 56000.0], [66275.0, 63140.0], [66273.0, 6000.0], [66272.5, 14070.0], [66271.5, 31810.0], [66271.0, 8240.0], [66270.5, 10990.0], [66270.0, 19490.0]], "asks": [[66285.0, 102170.0], [66285.5, 4620.0], [66286.0, 10000.0], [66289.0, 5000.0], [66290.0, 490.0], [66290.5, 8330.0], [66292.5, 9240.0], [66293.0, 19500.0], [66293.5, 15400.0], [66296.0, 49280.0], [66296.5, 1000.0], [66297.5, 17200.0], [66299.0, 21000.0], [66299.5, 30000.0], [66300.0, 11780.0], [66303.5, 5000.0], [66304.0, 11620.0], [66304.5, 11980.0], [66305.0, 10.0], [66307.0, 30000.0]]}}}
{"jsonrpc": "2.0", "method": "subscription", "params": {"channel": "book.BTC-PERPETUAL.none.20.100ms", "data": {"timestamp": 1771844804915, "change_id": 141797971792, "instrument_name": "BTC-PERPETUAL", "bids": [[66284.5, 25220.0], [66283.5, 1000.0], [66283.0, 1200.0], [66282.5, 2730.0], [66282.0, 3360.0], [66281.5, 300.0], [66280.0, 34990.0], [66279.5, 7310.0], [66279.0, 12000.0], [66277.0, 16000.0], [66276.5, 6000.0], [66276.0, 38120.0], [66275.5, 56000.0], [66275.0, 63140.0], [66273.0, 6000.0], [66272.5, 14070.0], [66271.5, 31810.0], [66271.0, 8240.0], [66270.0, 19490.0], [66269.5, 10990.0]], "asks": [[66285.0, 102170.0], [66285.5, 4620.0], [66286.0, 10000.0], [66289.0, 5000.0], [66290.0, 490.0], [66290.5, 8330.0], [66292.5, 9240.0], [66293.0, 19500.0], [66293.5, 15400.0], [66296.0, 49280.0], [66296.5, 1000.0], [66297.5, 17200.0], [66299.0, 21000.0], [66299.5, 30000.0], [66300.0, 11780.0], [66303.0, 4960.0], [66303.5, 5000.0], [66304.0, 11620.0], [66304.5, 11980.0], [66305.0, 10.0]]}}}
{"jsonrpc": "2.0", "method": "subscription", "params": {"channel": "book.BTC-PERPETUAL.none.20.100ms", "data": {"timestamp": 1771844805243, "change_id": 141797972168, "instrument_name": "BTC-PERPETUAL", "bids": [[66284.5, 37920.0], [66283.5, 1000.0], [66283.0, 1200.0], [66282.5, 2730.0], [66282.0, 3360.0], [66281.5, 300.0], [66280.0, 34990.0], [66279.5, 7310.0], [66279.0, 12000.0], [66277.0, 16000.0], [66276.5, 6000.0], [66276.0, 38120.0], [66275.5, 56000.0], [66275.0, 63140.0], [66273.0, 6000.0], [66272.5, 14070.0], [66272.0, 8240.0], [66271.5, 31810.0], [66270.5, 10990.0], [66270.0, 19490.0]], "asks": [[66285.0, 102170.0], [66285.5, 4620.0], [66286.0, 10000.0], [66289.0, 5000.0], [66290.0, 490.0], [66290.5, 8330.0], [66292.5, 9240.0], [66293.0, 19500.0], [66293.5, 15400.0], [66296.0, 49280.0], [66296.5, 1000.0], [66297.5, 17200.0], [66299.0, 21000.0], [66299.5, 30000.0], [66300.0, 11780.0], [66303.5, 5000.0], [66304.0, 11620.0], [66304.5, 11980.0], [66305.0, 10.0], [66307.0, 30000.0]]}}}
{"jsonrpc": "2.0", "method": "subscription", "params": {"channel": "book.BTC-PERPETUAL.none.20.100ms", "data": {"timestamp": 1771844805557, "change_id": 141797972689, "instrument_name": "BTC-PERPETUAL", "bids": [[66284.5, 25220.0], [66283.5, 1000.0], [66283.0, 1200.0], [66282.5, 2730.0], [66282.0, 3360.0], [66281.5, 300.0], [66280.0, 34990.0], [66279.5, 7310.0], [66279.0, 12000.0], [66277.0, 16000.0], [66276.5, 6000.0], [66276.0, 38120.0], [66275.5, 56000.0], [66275.0, 63140.0], [66273.0, 6000.0], [66272.5, 14070.0], [66272.0, 8240.0], [66271.5, 31810.0], [66270.5, 10990.0], [66270.0, 19490.0]], "asks": [[66285.0, 102170.0], [66285.5, 4620.0], [66286.0, 10000.0], [66289.0, 5000.0], [66290.0, 490.0], [66290.5, 8330.0], [66292.5, 9240.0], [66293.0, 19500.0], [66293.5, 15400.0], [66296.0, 49280.0], [66296.5, 1000.0], [66297.5, 17200.0], [66299.0, 21000.0], [66299.5, 30000.0], [66300.0, 11780.0], [66303.5, 5000.0], [66304.0, 11620.0], [66304.5, 11980.0], [66305.0, 10.0], [66307.0, 30000.0]]}}}
{"jsonrpc": "2.0", "method": "subscription", "params": {"channel": "book.BTC-PERPETUAL.none.20.100ms", "data": {"timestamp": 1771844805898, "change_id": 141797972817, "instrument_name": "BTC-PERPETUAL", "bids": [[66284.5, 25220.0], [66283.5, 1000.0], [66283.0, 1200.0], [66282.5, 2730.0], [66282.0, 3360.0], [66281.5, 300.0], [66280.0, 34990.0], [66279.5, 7310.0], [66279.0, 12000.0], [66277.0, 16000.0], [66276.5, 6000.0], [66276.0, 37630.0], [66275.5, 56490.0], [66275.0, 63140.0], [66273.0, 6000.0], [66272.5, 14070.0], [66271.5, 31810.0], [66271.0, 8240.0], [66270.5, 10990.0], [66270.0, 19490.0]], "asks": [[66285.0, 102170.0], [66285.5, 4620.0], [66286.0, 10000.0], [66289.0, 5000.0], [66290.0, 490.0], [66290.5, 8330.0], [66292.5, 9240.0], [66293.0, 19500.0], [66293.5, 15400.0], [66296.0, 49280.0], [66296.5, 1000.0], [66297.5, 17200.0], [66299.0, 21000.0], [66299.5, 30000.0], [66300.0, 11780.0], [66303.5, 5000.0], [66304.0, 11620.0], [66304.5, 11980.0], [66305.0, 10.0], [66307.0, 30000.0]]}}}
{"jsonrpc": "2.0", "method": "subscription", "params": {"channel": "book.BTC-PERPETUAL.none.20.100ms", "data": {"timestamp": 1771844806236, "change_id": 141797973207, "instrument_name": "BTC-PERPETUAL", "bids": [[66284.5, 25220.0], [66283.5, 1000.0], [66283.0, 1200.0], [66282.5, 2730.0], [66282.0, 3360.0], [66281.5, 300.0], [66280.0, 34990.0], [66279.5, 7310.0], [66279.0, 12000.0], [66277.0, 16000.0], [66276.5, 6000.0], [66276.0, 37630.0], [66275.5, 56490.0], [66275.0, 63140.0], [66273.0, 6000.0], [66272.5, 14070.0], [66272.0, 8240.0], [66271.5, 31810.0], [66270.5, 10990.0], [66270.0, 19490.0]], "asks": [[66285.0, 102170.0], [66285.5, 4620.0], [66286.0, 10000.0], [66289.0, 5000.0], [66290.0, 490.0], [66290.5, 8330.0], [66292.5, 9240.0], [66293.0, 19500.0], [66293.5, 15400.0], [66296.0, 49280.0], [66296.5, 1000.0], [66297.5, 17200.0], [66299.0, 21000.0], [66299.5, 30000.0], [66300.0, 11780.0], [66302.5, 5000.0], [66304.0, 11620.0], [66304.5, 11980.0], [66305.0, 10.0], [66307.0, 30000.0]]}}}
{"jsonrpc": "2.0", "method": "subscription", "params": {"channel": "book.BTC-PERPETUAL.none.20.100ms", "data": {"timestamp": 1771844806532, "change_id": 141797973738, "instrument_name": "BTC-PERPETUAL", "bids": [[66284.5, 25220.0], [66283.5, 1000.0], [66283.0, 1200.0], [66282.5, 2730.0], [66282.0, 3360.0], [66281.5, 300.0], [66280.0, 34990.0], [66279.5, 7310.0], [66279.0, 12000.0], [66277.0, 16000.0], [66276.5, 6000.0], [66276.0, 38120.0], [66275.5, 56000.0], [66275.0, 63140.0], [66273.0, 6000.0], [66272.5, 14070.0], [66272.0, 8240.0], [66271.5, 31810.0], [66270.5, 10990.0], [66270.0, 19490.0]], "asks": [[66285.0, 93930.0], [66285.5, 12860.0], [66286.0, 10000.0], [66289.0, 5000.0], [66290.0, 490.0], [66290.5, 8330.0], [66292.5, 9240.0], [66293.0, 19500.0], [66293.5, 15400.0], [66296.0, 49280.0], [66296.5, 1000.0], [66297.5, 17200.0], [66299.0, 21000.0], [66299.5, 30000.0], [66300.0, 11780.0], [66303.5, 5000.0], [66304.0, 11620.0], [66304.5, 11980.0], [66305.0, 10.0], [66307.0, 30000.0]]}}}
{"jsonrpc": "2.0", "method": "subscription", "params": {"channel": "book.BTC-PERPETUAL.none.20.100ms", "data": {"timestamp": 1771844806898, "change_id": 141797973878, "instrument_name": "BTC-PERPETUAL", "bids": [[66284.5, 25220.0], [66283.5, 1000.0], [66283.0, 1200.0], [66282.5, 2730.0], [66282.0, 3360.0], [66281.5, 300.0], [66280.0, 34990.0], [66279.5, 7310.0], [66279.0, 12000.0], [66277.0, 16000.0], [66276.5, 6000.0], [66276.0, 38120.0], [66275.5, 56000.0], [66275.0, 63140.0], [66273.0, 6000.0], [66272.5, 14070.0], [66271.5, 31810.0], [66271.0, 8240.0], [66270.5, 10990.0], [66270.0, 19490.0]], "asks": [[66285.0, 102170.0], [66285.5, 4620.0], [66286.0, 10000.0], [66289.0, 5000.0], [66290.0, 490.0], [66290.5, 8330.0], [66292.5, 9240.0], [66293.0, 19500.0], [66293.5, 15400.0], [66296.0, 49280.0], [66296.5, 1000.0], [66297.5, 17200.0], [66299.0, 21000.0], [66299.5, 30000.0], [66300.0, 11780.0], [66303.5, 5000.0], [66304.0, 11620.0], [66304.5, 11980.0], [66305.0, 10.0], [66307.0, 30000.0]]}}}
{"jsonrpc": "2.0", "method": "subscription", "params": {"channel": "book.BTC-PERPETUAL.none.20.100ms", "data": {"timestamp": 1771844807231, "change_id": 141797974245, "instrument_name": "BTC-PERPETUAL", "bids": [[66284.5, 25220.0], [66283.5, 1000.0], [66283.0, 1200.0], [66282.5, 2730.0], [66282.0, 3360.0], [66281.5, 300.0], [66280.0, 34990.0], [66279.5, 7310.0], [66279.0, 12000.0], [66277.0, 16000.0], [66276.5, 6000.0], [66276.0, 37630.0], [66275.5, 56000.0], [66275.0, 63140.0], [66273.5, 490.0], [66273.0, 6000.0], [66272.5, 14070.0], [66271.5, 31810.0], [66271.0, 8240.0], [66270.5, 10990.0]], "asks": [[66285.0, 102170.0], [66285.5, 4620.0], [66286.0, 10000.0], [66289.0, 5000.0], [66290.0, 490.0], [66290.5, 8330.0], [66292.5, 9240.0], [66293.0, 19500.0], [66293.5, 15400.0], [66296.0, 49280.0], [66296.5, 1000.0], [66297.5, 17200.0], [66299.0, 21000.0], [66299.5, 30000.0], [66300.0, 11780.0], [66303.0, 4960.0], [66303.5, 5000.0], [66304.0, 11620.0], [66304.5, 11980.0], [66305.0, 10.0]]}}}
{"jsonrpc": "2.0", "method": "subscription", "params": {"channel": "book.BTC-PERPETUAL.none.20.100ms", "data": {"timestamp": 1771844807556, "change_id": 141797974812, "instrument_name": "BTC-PERPETUAL", "bids": [[66284.5, 25220.0], [66283.5, 1000.0], [66283.0, 1200.0], [66282.5, 2730.0], [66282.0, 3360.0], [66281.5, 300.0], [66280.0, 34990.0], [66279.5, 7310.0], [66279.0, 12000.0], [66277.0, 16000.0], [66276.5, 6000.0], [66276.0, 37630.0], [66275.5, 56000.0], [66275.0, 63140.0], [66273.5, 490.0], [66273.0, 6000.0], [66272.5, 14070.0], [66271.5, 31810.0], [66271.0, 10990.0], [66270.5, 8240.0]], "asks": [[66285.0, 102170.0], [66285.5, 4620.0], [66286.0, 10000.0], [66289.0, 5000.0], [66290.0, 490.0], [66290.5, 8330.0], [66292.5, 28740.0], [66293.5, 390.0], [66294.5, 20050.0], [66296.0, 49280.0], [66296.5, 1000.0], [66298.5, 18740.0], [66299.0, 21000.0], [66299.5, 30000.0], [66300.0, 11780.0], [66303.5, 5000.0], [66304.0, 11620.0], [66304.5, 11980.0], [66305.0, 10.0], [66307.0, 30000.0]]}}}
{"jsonrpc": "2.0", "method": "subscription", "params": {"channel": "book.BTC-PERPETUAL.none.20.100ms", "data": {"timestamp": 1771844807886, "change_id": 141797974979, "instrument_name": "BTC-PERPETUAL", "bids": [[66284.5, 25220.0], [66283.5, 1000.0], [66283.0, 1200.0], [66282.5, 2730.0], [66282.0, 3360.0], [66281.5, 300.0], [66280.0, 34990.0], [66279.5, 7310.0], [66279.0, 12000.0], [66277.0, 16000.0], [66276.5, 6000.0], [66276.0, 37630.0], [66275.5, 56490.0], [66275.0, 63140.0], [66273.0, 6000.0], [66272.5, 14070.0], [66271.5, 31810.0], [66270.5, 19230.0], [66270.0, 19490.0], [66269.0, 15970.0]], "asks": [[66285.0, 102170.0], [66285.5, 4620.0], [66286.0, 10000.0], [66289.0, 5000.0], [66291.0, 490.0], [66293.0, 14830.0], [66293.5, 58550.0], [66294.0, 28740.0], [66296.5, 1000.0], [66298.5, 18740.0], [66299.0, 21000.0], [66299.5, 30000.0], [66300.0, 11780.0], [66303.5, 5000.0], [66304.0, 11620.0], [66304.5, 11980.0], [66305.0, 10.0], [66307.0, 30000.0], [66307.5, 24910.0], [66309.0, 8490.0]]}}}
{"jsonrpc": "2.0", "method": "subscription", "params": {"channel": "book.BTC-PERPETUAL.none.20.100ms", "data": {"timestamp": 1771844808214, "change_id": 141797975511, "instrument_name": "BTC-PERPETUAL", "bids": [[66284.5, 25610.0], [66283.5, 1000.0], [66283.0, 1200.0], [66282.5, 720.0], [66282.0, 3360.0], [66281.5, 2310.0], [66279.5, 34990.0], [66279.0, 12000.0], [66277.5, 19160.0], [66277.0, 16000.0], [66276.5, 56000.0], [66276.0, 17190.0], [66275.5, 6490.0], [66275.0, 63140.0], [66273.0, 6000.0], [66272.5, 14070.0], [66271.5, 31810.0], [66270.0, 30480.0], [66269.5, 8240.0], [66269.0, 15970.0]], "asks": [[66285.0, 104190.0], [66285.5, 4620.0], [66286.0, 10000.0], [66289.0, 2980.0], [66290.0, 490.0], [66290.5, 10190.0], [66292.5, 28740.0], [66293.5, 390.0], [66294.5, 15010.0], [66295.0, 49280.0], [66296.5, 1000.0], [66297.5, 9780.0], [66298.0, 21000.0], [66300.0, 11780.0], [66303.5, 5000.0], [66304.0, 11620.0], [66304.5, 11980.0], [66305.0, 10.0], [66307.0, 30000.0], [66307.5, 24910.0]]}}}
{"jsonrpc": "2.0", "method": "subscription", "params": {"channel": "book.BTC-PERPETUAL.none.20.100ms", "data": {"timestamp": 1771844808551, "change_id": 141797976079, "instrument_name": "BTC-PERPETUAL", "bids": [[66284.5, 28130.0], [66283.5, 1000.0], [66283.0, 1200.0], [66282.5, 720.0], [66282.0, 3360.0], [66281.5, 2310.0], [66280.5, 34990.0], [66279.0, 12000.0], [66277.5, 19160.0], [66277.0, 16000.0], [66276.5, 56000.0], [66276.0, 17190.0], [66275.5, 6490.0], [66275.0, 63140.0], [66273.0, 6000.0], [66272.5, 14070.0], [66272.0, 8240.0], [66271.5, 31810.0], [66270.5, 30480.0], [66269.0, 15970.0]], "asks": [[66285.0, 104190.0], [66285.5, 4620.0], [66286.0, 10000.0], [66289.0, 2980.0], [66293.0, 490.0], [66293.5, 23980.0], [66294.0, 28740.0], [66296.0, 49280.0], [66296.5, 1000.0], [66297.5, 9780.0], [66299.5, 21000.0], [66300.0, 11780.0], [66303.5, 5000.0], [66304.0, 11620.0], [66304.5, 11980.0], [66305.0, 10.0], [66307.0, 30000.0], [66307.5, 24910.0], [66309.0, 8490.0], [66310.0, 2010.0]]}}}
{"jsonrpc": "2.0", "method": "subscription", "params": {"channel": "book.BTC-PERPETUAL.none.20.100ms", "data": {"timestamp": 1771844808871, "change_id": 141797976265, "instrument_name": "BTC-PERPETUAL", "bids": [[66284.5, 28130.0], [66283.5, 1000.0], [66283.0, 1200.0], [66282.5, 720.0], [66282.0, 3360.0], [66281.5, 2310.0], [66280.5, 34990.0], [66279.0, 12000.0], [66278.5, 22150.0], [66277.0, 16000.0], [66276.5, 56000.0], [66276.0, 17190.0], [66275.5, 6000.0], [66275.0, 63140.0], [66273.5, 490.0], [66273.0, 6000.0], [66272.5, 14070.0], [66271.5, 40050.0], [66270.0, 19490.0], [66269.5, 10990.0]], "asks": [[66285.0, 95950.0], [66285.5, 10000.0], [66288.0, 3350.0], [66288.5, 8240.0], [66289.0, 2980.0], [66293.0, 490.0], [66293.5, 23980.0], [66294.0, 28740.0], [66296.0, 49280.0], [66296.5, 1000.0], [66297.5, 9780.0], [66299.5, 21000.0], [66300.0, 11780.0], [66303.5, 5000.0], [66304.0, 11620.0], [66304.5, 11980.0], [66305.0, 10.0], [66307.0, 30000.0], [66307.5, 24910.0], [66309.0, 8490.0]]}}}
{"jsonrpc": "2.0", "method": "subscription", "params": {"channel": "book.BTC-PERPETUAL.none.20.100ms", "data": {"timestamp": 1771844809201, "change_id": 141797976615, "instrument_name": "BTC-PERPETUAL", "bids": [[66284.5, 32710.0], [66283.5, 1000.0], [66283.0, 1200.0], [66282.5, 720.0], [66282.0, 3360.0], [66281.5, 2310.0], [66280.5, 34990.0], [66279.0, 12000.0], [66277.5, 22150.0], [66277.0, 16000.0], [66276.5, 56000.0], [66276.0, 17190.0], [66275.5, 6490.0], [66275.0, 63140.0], [66273.0, 6000.0], [66272.5, 14070.0], [66271.5, 40050.0], [66270.0, 19490.0], [66269.5, 10990.0], [66269.0, 15970.0]], "asks": [[66285.0, 104190.0], [66285.5, 10000.0], [66289.0, 2980.0], [66293.0, 490.0], [66293.5, 23980.0], [66294.0, 28740.0], [66296.0, 49280.0], [66296.5, 1000.0], [66297.5, 9780.0], [66299.5, 21000.0], [66300.0, 11780.0], [66303.0, 4960.0], [66303.5, 5000.0], [66304.0, 11620.0], [66304.5, 11980.0], [66305.0, 10.0], [66307.0, 30000.0], [66307.5, 24910.0], [66309.0, 8490.0], [66310.0, 2010.0]]}}}
{"jsonrpc": "2.0", "method": "subscription", "params": {"channel": "book.BTC-PERPETUAL.none.20.100ms", "data": {"timestamp": 1771844809502, "change_id": 141797977208, "instrument_name": "BTC-PERPETUAL", "bids": [[66284.5, 32710.0], [66283.5, 1000.0], [66283.0, 1200.0], [66282.5, 720.0], [66282.0, 3360.0], [66281.5, 2310.0], [66280.5, 34990.0], [66279.0, 12000.0], [66277.5, 22150.0], [66277.0, 16000.0], [66276.5, 56000.0], [66276.0, 17190.0], [66275.5, 6490.0], [66275.0, 63140.0], [66273.0, 6000.0], [66272.5, 14070.0], [66271.5, 40050.0], [66270.0, 19490.0], [66269.5, 10990.0], [66269.0, 15970.0]], "asks": [[66285.0, 95950.0], [66285.5, 10000.0], [66288.0, 3500.0], [66288.5, 8240.0], [66289.0, 2980.0], [66293.0, 490.0], [66293.5, 23980.0], [66294.0, 28740.0], [66296.0, 49280.0], [66296.5, 1000.0], [66297.5, 17490.0], [66299.0, 30000.0], [66299.5, 21000.0], [66300.0, 11780.0], [66303.5, 5000.0], [66304.0, 11620.0], [66304.5, 11980.0], [66305.0, 10.0], [66307.0, 30000.0], [66307.5, 24910.0]]}}}
{"jsonrpc": "2.0", "method": "subscription", "params": {"channel": "book.BTC-PERPETUAL.none.20.100ms", "data": {"timestamp": 1771844809871, "change_id": 141797977392, "instrument_name": "BTC-PERPETUAL", "bids": [[66284.5, 32710.0], [66283.5, 1000.0], [66283.0, 1200.0], [66282.5, 720.0], [66282.0, 3360.0], [66281.5, 2310.0], [66280.0, 10440.0], [66279.5, 34990.0], [66279.0, 12000.0], [66277.5, 22150.0], [66277.0, 16000.0], [66276.5, 56000.0], [66276.0, 17190.0], [66275.5, 6490.0], [66275.0, 63140.0], [66273.0, 6000.0], [66272.5, 14070.0], [66271.5, 40050.0], [66270.0, 19490.0], [66269.5, 10990.0]], "asks": [[66285.0, 95950.0], [66285.5, 10000.0], [66287.5, 3350.0], [66288.0, 8240.0], [66289.0, 2980.0], [66293.0, 490.0], [66293.5, 23980.0], [66294.0, 28740.0], [66296.0, 49280.0], [66296.5, 1000.0], [66297.5, 17490.0], [66299.0, 30000.0], [66299.5, 21000.0], [66300.0, 11780.0], [66303.5, 5000.0], [66304.0, 11620.0], [66304.5, 11980.0], [66305.0, 10.0], [66307.0, 30000.0], [66307.5, 24910.0]]}}}
{"jsonrpc": "2.0", "method": "subscription", "params": {"channel": "book.BTC-PERPETUAL.none.20.100ms", "data": {"timestamp": 1771844810180, "change_id": 141797977782, "instrument_name": "BTC-PERPETUAL", "bids": [[66284.5, 59310.0], [66283.5, 1000.0], [66283.0, 1200.0], [66282.5, 720.0], [66282.0, 3360.0], [66281.5, 2310.0], [66280.0, 10440.0], [66279.5, 34990.0], [66279.0, 12000.0], [66277.5, 22150.0], [66277.0, 16000.0], [66276.5, 56000.0], [66276.0, 17190.0], [66275.5, 6490.0], [66275.0, 63140.0], [66273.0, 6000.0], [66272.5, 14070.0], [66272.0, 8240.0], [66271.5, 31810.0], [66270.5, 10990.0]], "asks": [[66285.0, 93930.0], [66285.5, 13950.0], [66286.0, 8240.0], [66289.0, 5000.0], [66293.0, 490.0], [66293.5, 28450.0], [66294.0, 28740.0], [66296.0, 49280.0], [66296.5, 1000.0], [66297.5, 17490.0], [66298.5, 21000.0], [66299.0, 30000.0], [66300.0, 11780.0], [66303.0, 4960.0], [66303.5, 5000.0], [66304.0, 11620.0], [66304.5, 11980.0], [66305.0, 10.0], [66307.0, 30000.0], [66307.5, 24910.0]]}}}
{"jsonrpc": "2.0", "method": "subscription", "params": {"channel": "book.BTC-PERPETUAL.none.20.100ms", "data": {"timestamp": 1771844810503, "change_id": 141797978373, "instrument_name": "BTC-PERPETUAL", "bids": [[66284.5, 59310.0], [66283.5, 1000.0], [66283.0, 1200.0], [66282.5, 720.0], [66282.0, 3360.0], [66281.5, 2310.0], [66280.0, 10440.0], [66279.5, 34990.0], [66279.0, 12000.0], [66277.5, 22150.0], [66277.0, 16000.0], [66276.5, 56000.0], [66276.0, 17190.0], [66275.5, 6490.0], [66275.0, 63140.0], [66273.0, 6000.0], [66272.5, 14070.0], [66271.5, 51300.0], [66271.0, 8240.0], [66270.5, 10990.0]], "asks": [[66285.0, 93930.0], [66285.5, 13760.0], [66288.5, 8240.0], [66289.0, 5000.0], [66293.0, 490.0], [66293.5, 28450.0], [66294.0, 28740.0], [66296.0, 49280.0], [66296.5, 1000.0], [66297.5, 17490.0], [66298.5, 21000.0], [66299.0, 30000.0], [66300.0, 11780.0], [66303.5, 5000.0], [66304.0, 11620.0], [66304.5, 11980.0], [66305.0, 10.0], [66307.0, 30000.0], [66307.5, 24910.0], [66309.0, 8490.0]]}}}
{"jsonrpc": "2.0", "method": "subscription", "params": {"channel": "book.BTC-PERPETUAL.none.20.100ms", "data": {"timestamp": 1771844810865, "change_id": 141797978531, "instrument_name": "BTC-PERPETUAL", "bids": [[66284.5, 71310.0], [66283.5, 1000.0], [66283.0, 1200.0], [66282.5, 720.0], [66282.0, 3360.0], [66281.5, 2310.0], [66278.0, 34990.0], [66277.5, 22150.0], [66277.0, 16000.0], [66276.5, 56000.0], [66276.0, 17190.0], [66275.5, 6490.0], [66275.0, 63140.0], [66273.0, 6000.0], [66272.5, 14070.0], [66271.5, 51300.0], [66271.0, 8240.0], [66269.5, 10990.0], [66269.0, 15970.0], [66268.5, 12330.0]], "asks": [[66285.0, 93930.0], [66285.5, 13760.0], [66288.5, 8240.0], [66289.0, 5000.0], [66293.0, 490.0], [66293.5, 28450.0], [66294.0, 28740.0], [66296.0, 49280.0], [66296.5, 1000.0], [66297.5, 17490.0], [66298.5, 21000.0], [66299.0, 30000.0], [66300.0, 11780.0], [66303.5, 5000.0], [66304.0, 11620.0], [66304.5, 11980.0], [66305.0, 10.0], [66307.0, 30000.0], [66307.5, 24910.0], [66309.0, 8490.0]]}}}
{"jsonrpc": "2.0", "method": "subscription", "params": {"channel": "book.BTC-PERPETUAL.none.20.100ms", "data": {"timestamp": 1771844811165, "change_id": 141797978881, "instrument_name": "BTC-PERPETUAL", "bids": [[66284.5, 71310.0], [66283.5, 1000.0], [66283.0, 1200.0], [66282.5, 720.0], [66282.0, 3360.0], [66281.5, 2310.0], [66278.0, 34990.0], [66277.5, 22150.0], [66277.0, 16000.0], [66276.5, 56000.0], [66276.0, 25310.0], [66275.5, 6490.0], [66275.0, 63140.0], [66273.0, 6000.0], [66272.5, 14070.0], [66272.0, 8240.0], [66271.5, 31810.0], [66270.0, 19490.0], [66269.5, 10990.0], [66269.0, 15970.0]], "asks": [[66285.0, 93930.0], [66285.5, 13760.0], [66288.5, 8240.0], [66289.0, 5000.0], [66293.0, 490.0], [66293.5, 28450.0], [66294.0, 28740.0], [66296.0, 49280.0], [66296.5, 1000.0], [66297.5, 17490.0], [66298.5, 21000.0], [66299.0, 30000.0], [66300.0, 11780.0], [66303.5, 5000.0], [66304.0, 11620.0], [66304.5, 11980.0], [66305.0, 10.0], [66307.0, 30000.0], [66307.5, 24910.0], [66309.0, 8490.0]]}}}
{"jsonrpc": "2.0", "method": "subscription", "params": {"channel": "book.BTC-PERPETUAL.none.20.100ms", "data": {"timestamp": 1771844811525, "change_id": 141797980230, "instrument_name": "BTC-PERPETUAL", "bids": [[66292.5, 52820.0], [66292.0, 43060.0], [66288.0, 15470.0], [66285.0, 30200.0], [66284.5, 114630.0], [66284.0, 650.0], [66283.5, 3240.0], [66283.0, 1200.0], [66282.5, 15260.0], [66282.0, 360.0], [66279.5, 8240.0], [66278.5, 19980.0], [66277.5, 22150.0], [66277.0, 6000.0], [66276.5, 56000.0], [66276.0, 15000.0], [66275.5, 15230.0], [66275.0, 30000.0], [66273.0, 6000.0], [66272.5, 12580.0]], "asks": [[66293.0, 490.0], [66295.5, 8240.0], [66300.5, 390.0], [66302.0, 10000.0], [66302.5, 61280.0], [66305.0, 10.0], [66307.5, 11620.0], [66308.5, 5000.0], [66311.0, 11620.0], [66315.5, 11750.0], [66316.0, 24380.0], [66317.0, 12910.0], [66317.5, 50000.0], [66318.5, 3480.0], [66319.0, 11650.0], [66320.5, 500.0], [66322.0, 3480.0], [66323.5, 11650.0], [66327.0, 12470.0], [66327.5, 30000.0]]}}}
{"jsonrpc": "2.0", "method": "subscription", "params": {"channel": "book.BTC-PERPETUAL.none.20.100ms", "data": {"timestamp": 1771844811857, "change_id": 141797981508, "instrument_name": "BTC-PERPETUAL", "bids": [[66295.0, 149210.0], [66294.0, 140.0], [66293.0, 17380.0], [66292.5, 36860.0], [66290.0, 50000.0], [66289.0, 19150.0], [66288.5, 12990.0], [66287.5, 30000.0], [66285.5, 57920.0], [66285.0, 60830.0], [66284.5, 95200.0], [66284.0, 650.0], [66283.5, 11990.0], [66283.0, 1200.0], [66282.5, 720.0], [66282.0, 360.0], [66280.0, 14700.0], [66279.5, 55740.0], [66279.0, 2830.0], [66277.0, 6000.0]], "asks": [[66295.5, 2440.0], [66297.5, 1000.0], [66298.0, 2010.0], [66300.0, 10990.0], [66301.5, 6680.0], [66302.0, 10000.0], [66302.5, 12000.0], [66303.5, 390.0], [66305.0, 10.0], [66306.0, 2460.0], [66306.5, 8240.0], [66312.0, 49280.0], [66313.5, 3060.0], [66314.0, 9240.0], [66314.5, 1000.0], [66315.0, 22080.0], [66315.5, 11650.0], [66316.5, 30000.0], [66317.0, 10.0], [66318.0, 21000.0]]}}}
{"jsonrpc": "2.0", "method": "subscription", "params": {"channel": "book.BTC-PERPETUAL.none.20.100ms", "data": {"timestamp": 1771844812184, "change_id": 141797982626, "instrument_name": "BTC-PERPETUAL", "bids": [[66295.0, 154320.0], [66294.0, 2190.0], [66293.0, 17380.0], [66292.5, 7770.0], [66290.5, 27090.0], [66290.0, 50000.0], [66289.0, 15290.0], [66288.5, 8240.0], [66288.0, 19490.0], [66287.5, 30000.0], [66285.5, 17460.0], [66285.0, 33140.0], [66284.5, 30390.0], [66284.0, 650.0], [66283.5, 3330.0], [66283.0, 1200.0], [66282.5, 720.0], [66282.0, 360.0], [66279.5, 21670.0], [66279.0, 2830.0]], "asks": [[66295.5, 2440.0], [66297.5, 1000.0], [66298.0, 2010.0], [66300.0, 10990.0], [66300.5, 6160.0], [66302.5, 12000.0], [66303.0, 8240.0], [66303.5, 390.0], [66305.0, 10.0], [66305.5, 2020.0], [66310.5, 2760.0], [66311.0, 35240.0], [66311.5, 19500.0], [66312.5, 49280.0], [66314.5, 22000.0], [66315.0, 12440.0], [66315.5, 11650.0], [66316.5, 30000.0], [66317.0, 10.0], [66318.5, 8480.0]]}}}
{"jsonrpc": "2.0", "method": "subscription", "params": {"channel": "book.BTC-PERPETUAL.none.20.100ms", "data": {"timestamp": 1771844812518, "change_id": 141797984340, "instrument_name": "BTC-PERPETUAL", "bids": [[66301.5, 69710.0], [66301.0, 7790.0], [66300.5, 6000.0], [66300.0, 3000.0], [66295.5, 75740.0], [66295.0, 81870.0], [66294.5, 50000.0], [66293.0, 22590.0], [66292.5, 40820.0], [66290.5, 26600.0], [66290.0, 14770.0], [66289.5, 10990.0], [66288.0, 9230.0], [66287.5, 30000.0], [66286.5, 7270.0], [66285.0, 600.0], [66284.5, 9100.0], [66284.0, 11940.0], [66283.5, 3330.0], [66283.0, 1200.0]], "asks": [[66302.0, 1000.0], [66302.5, 1080.0], [66305.0, 10.0], [66307.5, 4330.0], [66308.0, 12000.0], [66309.0, 8240.0], [66310.0, 2890.0], [66311.0, 8580.0], [66314.0, 19500.0], [66315.0, 27820.0], [66316.0, 49280.0], [66317.0, 10.0], [66317.5, 9240.0], [66318.5, 9300.0], [66319.0, 11650.0], [66321.0, 21000.0], [66322.0, 11990.0], [66322.5, 1000.0], [66323.5, 11650.0], [66324.5, 5000.0]]}}}
{"jsonrpc": "2.0", "method": "subscription", "params": {"channel": "book.BTC-PERPETUAL.none.20.100ms", "data": {"timestamp": 1771844812850, "change_id": 141797985570, "instrument_name": "BTC-PERPETUAL", "bids": [[66305.0, 140250.0], [66304.5, 40610.0], [66303.0, 6030.0], [66302.0, 6000.0], [66301.5, 530.0], [66301.0, 8190.0], [66300.5, 6000.0], [66300.0, 24820.0], [66299.5, 50000.0], [66299.0, 10000.0], [66298.5, 490.0], [66297.5, 33150.0], [66297.0, 34980.0], [66295.5, 38240.0], [66295.0, 52720.0], [66294.5, 19490.0], [66293.5, 16050.0], [66293.0, 10.0], [66292.5, 7670.0], [66291.5, 10990.0]], "asks": [[66305.5, 1000.0], [66307.5, 12030.0], [66308.0, 12000.0], [66309.0, 10990.0], [66312.0, 2720.0], [66312.5, 8240.0], [66313.5, 390.0], [66314.5, 490.0], [66316.0, 2020.0], [66317.0, 8590.0], [66317.5, 28740.0], [66318.0, 18190.0], [66318.5, 49280.0], [66319.0, 11650.0], [66322.0, 18960.0], [66322.5, 1000.0], [66323.0, 21000.0], [66323.5, 11650.0], [66325.0, 30000.0], [66327.0, 7540.0]]}}}
{"jsonrpc": "2.0", "method": "subscription", "params": {"channel": "book.BTC-PERPETUAL.none.20.100ms", "data": {"timestamp": 1771844813173, "change_id": 141797986620, "instrument_name": "BTC-PERPETUAL", "bids": [[66305.0, 143490.0], [66304.5, 8010.0], [66303.0, 13350.0], [66302.0, 6000.0], [66301.5, 530.0], [66301.0, 8190.0], [66300.5, 32600.0], [66300.0, 25310.0], [66299.5, 50000.0], [66299.0, 10000.0], [66297.5, 33150.0], [66297.0, 19320.0], [66296.0, 27730.0], [66295.5, 30000.0], [66295.0, 6620.0], [66293.5, 7650.0], [66293.0, 9240.0], [66292.5, 7670.0], [66290.5, 10990.0], [66290.0, 10640.0]], "asks": [[66305.5, 11990.0], [66306.5, 4750.0], [66307.5, 3900.0], [66308.0, 12000.0], [66312.0, 2720.0], [66312.5, 8240.0], [66313.5, 390.0], [66315.5, 490.0], [66316.0, 2020.0], [66317.0, 2770.0], [66317.5, 9240.0], [66318.0, 18190.0], [66318.5, 19500.0], [66319.0, 11650.0], [66321.5, 49280.0], [66322.0, 18960.0], [66322.5, 1000.0], [66323.0, 21000.0], [66323.5, 11650.0], [66325.0, 30000.0]]}}}
{"jsonrpc": "2.0", "method": "subscription", "params": {"channel": "book.BTC-PERPETUAL.none.20.100ms", "data": {"timestamp": 1771844813510, "change_id": 141797987514, "instrument_name": "BTC-PERPETUAL", "bids": [[66305.0, 140390.0], [66304.5, 11010.0], [66303.0, 13350.0], [66302.0, 6000.0], [66301.0, 8190.0], [66300.5, 32600.0], [66300.0, 25310.0], [66299.5, 50000.0], [66299.0, 10000.0], [66297.5, 33150.0], [66297.0, 19320.0], [66296.0, 27730.0], [66295.5, 30000.0], [66295.0, 6000.0], [66293.5, 7680.0], [66293.0, 10.0], [66292.5, 18660.0], [66290.5, 9230.0], [66290.0, 10640.0], [66289.0, 5000.0]], "asks": [[66305.5, 1000.0], [66306.0, 10990.0], [66306.5, 4750.0], [66307.5, 3900.0], [66308.0, 12000.0], [66312.0, 2720.0], [66312.5, 8240.0], [66313.5, 390.0], [66315.5, 490.0], [66316.0, 2020.0], [66316.5, 2760.0], [66317.0, 10.0], [66317.5, 9240.0], [66318.0, 18190.0], [66318.5, 19500.0], [66319.0, 11650.0], [66321.5, 49280.0], [66322.0, 18960.0], [66322.5, 1000.0], [66323.0, 21000.0]]}}}
{"jsonrpc": "2.0", "method": "subscription", "params": {"channel": "book.BTC-PERPETUAL.none.20.100ms", "data": {"timestamp": 1771844813823, "change_id": 141797987754, "instrument_name": "BTC-PERPETUAL", "bids": [[66305.0, 140450.0], [66304.5, 11010.0], [66303.0, 13350.0], [66302.0, 6000.0], [66301.0, 8190.0], [66300.5, 33090.0], [66300.0, 24820.0], [66299.5, 50000.0], [66299.0, 10000.0], [66297.5, 33150.0], [66297.0, 19320.0], [66296.0, 8240.0], [66295.5, 49490.0], [66295.0, 6000.0], [66293.5, 7680.0], [66293.0, 10.0], [66292.5, 7670.0], [66291.0, 10990.0], [66290.5, 9230.0], [66290.0, 10640.0]], "asks": [[66305.5, 1000.0], [66306.0, 10990.0], [66306.5, 4750.0], [66307.5, 3900.0], [66308.0, 12000.0], [66312.0, 2720.0], [66312.5, 8240.0], [66313.5, 390.0], [66315.5, 490.0], [66316.0, 2020.0], [66316.5, 8230.0], [66317.0, 19510.0], [66317.5, 9240.0], [66318.0, 18190.0], [66318.5, 49280.0], [66319.0, 11650.0], [66322.0, 18960.0], [66322.5, 1000.0], [66323.0, 21000.0], [66323.5, 11650.0]]}}}
{"jsonrpc": "2.0", "method": "subscription", "params": {"channel": "book.BTC-PERPETUAL.none.20.100ms", "data": {"timestamp": 1771844814167, "change_id": 141797989262, "instrument_name": "BTC-PERPETUAL", "bids": [[66307.0, 173360.0], [66306.5, 134270.0], [66306.0, 6000.0], [66305.5, 26600.0], [66305.0, 30220.0], [66304.5, 14240.0], [66304.0, 22490.0], [66303.0, 21500.0], [66302.5, 33150.0], [66302.0, 6000.0], [66301.5, 10990.0], [66301.0, 15230.0], [66300.5, 6000.0], [66297.0, 10750.0], [66295.5, 30000.0], [66295.0, 6000.0], [66293.5, 16990.0], [66293.0, 10.0], [66292.5, 7670.0], [66292.0, 5000.0]], "asks": [[66307.5, 250.0], [66314.5, 4000.0], [66315.0, 10990.0], [66315.5, 390.0], [66317.0, 10.0], [66318.0, 2010.0], [66318.5, 6190.0], [66319.0, 8240.0], [66320.0, 12000.0], [66321.5, 490.0], [66323.5, 2020.0], [66325.5, 22500.0], [66326.5, 49280.0], [66327.5, 28740.0], [66328.0, 11650.0], [66328.5, 110.0], [66330.5, 14080.0], [66331.0, 30000.0], [66332.0, 21000.0], [66333.5, 8470.0]]}}}
{"jsonrpc": "2.0", "method": "subscription", "params": {"channel": "book.BTC-PERPETUAL.none.20.100ms", "data": {"timestamp": 1771844814498, "change_id": 141797990102, "instrument_name": "BTC-PERPETUAL", "bids": [[66307.0, 187860.0], [66306.5, 135050.0], [66306.0, 6490.0], [66305.5, 46090.0], [66305.0, 37130.0], [66304.5, 6000.0], [66304.0, 3000.0], [66303.0, 41720.0], [66302.5, 36250.0], [66302.0, 6000.0], [66301.0, 6000.0], [66300.5, 6000.0], [66297.0, 27250.0], [66295.5, 30000.0], [66295.0, 6000.0], [66294.0, 70510.0], [66293.5, 2830.0], [66293.0, 12810.0], [66292.5, 7670.0], [66292.0, 31820.0]], "asks": [[66307.5, 1000.0], [66314.5, 4000.0], [66315.5, 2400.0], [66317.0, 10.0], [66317.5, 10990.0], [66318.5, 6190.0], [66320.0, 12000.0], [66320.5, 8240.0], [66323.0, 490.0], [66323.5, 2020.0], [66325.5, 12090.0], [66327.5, 28740.0], [66328.0, 11650.0], [66328.5, 110.0], [66329.5, 29930.0], [66330.0, 49280.0], [66331.0, 30000.0], [66332.0, 21000.0], [66333.0, 5000.0], [66333.5, 3470.0]]}}}
{"jsonrpc": "2.0", "method": "subscription", "params": {"channel": "book.BTC-PERPETUAL.none.20.100ms", "data": {"timestamp": 1771844814828, "change_id": 141797990360, "instrument_name": "BTC-PERPETUAL", "bids": [[66307.0, 180240.0], [66306.5, 142610.0], [66306.0, 6490.0], [66305.5, 46090.0], [66305.0, 10000.0], [66304.5, 6000.0], [66304.0, 3000.0], [66303.0, 41720.0], [66302.5, 36250.0], [66302.0, 6000.0], [66301.0, 6000.0], [66300.5, 6000.0], [66297.0, 27250.0], [66296.0, 49250.0], [66295.5, 30000.0], [66295.0, 6000.0], [66294.0, 21260.0], [66293.5, 7830.0], [66293.0, 12810.0], [66292.5, 7670.0]], "asks": [[66307.5, 1000.0], [66314.5, 4000.0], [66315.5, 2400.0], [66317.0, 10.0], [66318.0, 10990.0], [66318.5, 5730.0], [66319.5, 8240.0], [66320.0, 12000.0], [66323.0, 490.0], [66323.5, 2020.0], [66325.5, 11290.0], [66327.5, 28740.0], [66328.0, 11650.0], [66328.5, 110.0], [66329.5, 29930.0], [66330.0, 49280.0], [66331.0, 31000.0], [66332.0, 21000.0], [66333.0, 5000.0], [66333.5, 3470.0]]}}}
{"jsonrpc": "2.0", "method": "subscription", "params": {"channel": "book.BTC-PERPETUAL.none.20.100ms", "data": {"timestamp": 1771844815161, "change_id": 141797990943, "instrument_name": "BTC-PERPETUAL", "bids": [[66307.0, 177520.0], [66306.5, 142610.0], [66306.0, 6490.0], [66305.5, 46090.0], [66305.0, 10000.0], [66304.5, 6000.0], [66304.0, 3000.0], [66303.0, 35490.0], [66302.5, 33150.0], [66302.0, 6000.0], [66301.0, 6000.0], [66300.5, 6000.0], [66297.0, 27250.0], [66295.5, 30000.0], [66295.0, 6000.0], [66294.5, 49250.0], [66294.0, 21260.0], [66293.5, 7830.0], [66293.0, 12810.0], [66292.5, 7670.0]], "asks": [[66307.5, 1000.0], [66315.5, 2400.0], [66317.0, 10.0], [66317.5, 3280.0], [66318.0, 10990.0], [66318.5, 5730.0], [66319.5, 8240.0], [66320.0, 12000.0], [66323.0, 490.0], [66323.5, 2020.0], [66325.5, 11290.0], [66327.5, 28740.0], [66328.0, 11650.0], [66328.5, 110.0], [66329.5, 29930.0], [66330.0, 49280.0], [66331.0, 31000.0], [66332.0, 21000.0], [66333.0, 5000.0], [66333.5, 3470.0]]}}}
{"jsonrpc": "2.0", "method": "subscription", "params": {"channel": "book.BTC-PERPETUAL.none.20.100ms", "data": {"timestamp": 1771844815493, "change_id": 141797991606, "instrument_name": "BTC-PERPETUAL", "bids": [[66307.0, 189030.0], [66306.5, 134370.0], [66306.0, 6490.0], [66305.5, 46090.0], [66305.0, 10000.0], [66304.5, 6000.0], [66304.0, 3000.0], [66303.0, 35490.0], [66302.5, 33150.0], [66302.0, 6000.0], [66301.0, 6000.0], [66300.5, 6000.0], [66297.0, 27250.0], [66295.5, 30000.0], [66295.0, 6000.0], [66294.5, 49250.0], [66294.0, 21260.0], [66293.5, 7830.0], [66293.0, 12810.0], [66292.5, 7670.0]], "asks": [[66307.5, 1000.0], [66314.5, 4000.0], [66315.5, 2400.0], [66317.0, 11000.0], [66318.5, 5730.0], [66319.5, 8240.0], [66320.0, 12000.0], [66323.0, 490.0], [66323.5, 2020.0], [66325.5, 6270.0], [66327.5, 9240.0], [66328.0, 11650.0], [66328.5, 110.0], [66329.0, 19500.0], [66329.5, 29930.0], [66330.0, 49280.0], [66331.0, 31000.0], [66332.0, 21000.0], [66333.0, 5000.0], [66333.5, 3470.0]]}}}
{"jsonrpc": "2.0", "method": "subscription", "params": {"channel": "book.BTC-PERPETUAL.none.20.100ms", "data": {"timestamp": 1771844815823, "change_id": 141797992010, "instrument_name": "BTC-PERPETUAL", "bids": [[66307.0, 245020.0], [66306.5, 121130.0], [66306.0, 6000.0], [66305.5, 26600.0], [66304.5, 6000.0], [66304.0, 3000.0], [66303.5, 9230.0], [66303.0, 8650.0], [66302.5, 10990.0], [66302.0, 6000.0], [66301.0, 6000.0], [66300.5, 6000.0], [66297.0, 27250.0], [66296.0, 49250.0], [66295.5, 30000.0], [66295.0, 6000.0], [66294.0, 21260.0], [66293.5, 11520.0], [66293.0, 12810.0], [66292.5, 7670.0]], "asks": [[66307.5, 1000.0], [66315.5, 390.0], [66317.0, 3890.0], [66317.5, 10990.0], [66318.0, 2010.0], [66318.5, 5730.0], [66320.0, 12000.0], [66321.5, 8240.0], [66322.5, 490.0], [66323.5, 2020.0], [66328.0, 2790.0], [66328.5, 9350.0], [66329.0, 19500.0], [66329.5, 29930.0], [66330.0, 11290.0], [66331.0, 31000.0], [66331.5, 49280.0], [66332.5, 9740.0], [66333.0, 21000.0], [66334.0, 11640.0]]}}}
{"jsonrpc": "2.0", "method": "subscription", "params": {"channel": "book.BTC-PERPETUAL.none.20.100ms", "data": {"timestamp": 1771844816153, "change_id": 141797992578, "instrument_name": "BTC-PERPETUAL", "bids": [[66307.0, 259410.0], [66306.5, 113190.0], [66306.0, 6000.0], [66304.5, 6000.0], [66304.0, 3000.0], [66303.5, 9230.0], [66303.0, 8650.0], [66302.5, 10990.0], [66302.0, 6000.0], [66301.0, 6000.0], [66300.5, 6000.0], [66299.5, 2190.0], [66299.0, 5000.0], [66297.0, 27250.0], [66295.5, 30000.0], [66295.0, 6000.0], [66294.5, 49250.0], [66294.0, 21260.0], [66293.5, 11520.0], [66293.0, 12810.0]], "asks": [[66307.5, 1000.0], [66315.5, 390.0], [66316.5, 10990.0], [66317.0, 10.0], [66318.0, 2010.0], [66318.5, 5580.0], [66320.0, 12000.0], [66321.5, 8240.0], [66323.0, 490.0], [66323.5, 2020.0], [66327.0, 2790.0], [66328.5, 9350.0], [66329.0, 27330.0], [66329.5, 19500.0], [66330.0, 11290.0], [66331.0, 31000.0], [66332.0, 49280.0], [66332.5, 9740.0], [66333.0, 21000.0], [66334.0, 11640.0]]}}}
{"jsonrpc": "2.0", "method": "subscription", "params": {"channel": "book.BTC-PERPETUAL.none.20.100ms", "data": {"timestamp": 1771844816474, "change_id": 141797993325, "instrument_name": "BTC-PERPETUAL", "bids": [[66307.0, 269920.0], [66306.5, 125900.0], [66306.0, 6000.0], [66305.0, 9230.0], [66304.5, 6000.0], [66304.0, 19360.0], [66302.0, 6000.0], [66301.0, 6000.0], [66300.5, 6000.0], [66299.5, 2190.0], [66299.0, 5000.0], [66297.0, 27250.0], [66296.0, 49250.0], [66295.5, 30000.0], [66295.0, 6000.0], [66294.0, 21260.0], [66293.5, 11520.0], [66293.0, 12810.0], [66292.5, 7670.0], [66292.0, 31820.0]], "asks": [[66307.5, 250.0], [66315.5, 390.0], [66317.0, 10.0], [66317.5, 3880.0], [66318.0, 13000.0], [66318.5, 3580.0], [66320.0, 12000.0], [66322.5, 3210.0], [66323.0, 8240.0], [66323.5, 2020.0], [66328.5, 600.0], [66329.0, 27330.0], [66329.5, 9240.0], [66330.0, 11290.0], [66330.5, 19500.0], [66331.0, 31000.0], [66332.0, 49280.0], [66332.5, 9740.0], [66334.0, 11640.0], [66335.0, 21000.0]]}}}
{"jsonrpc": "2.0", "method": "subscription", "params": {"channel": "book.BTC-PERPETUAL.none.20.100ms", "data": {"timestamp": 1771844816807, "change_id": 141797993652, "instrument_name": "BTC-PERPETUAL", "bids": [[66307.0, 250220.0], [66306.5, 128430.0], [66306.0, 6000.0], [66305.5, 19490.0], [66304.5, 6000.0], [66304.0, 10970.0], [66302.5, 20220.0], [66302.0, 6000.0], [66301.0, 6000.0], [66300.5, 6000.0], [66299.5, 2190.0], [66299.0, 5000.0], [66297.0, 27250.0], [66295.5, 30000.0], [66295.0, 6000.0], [66294.5, 49250.0], [66294.0, 21260.0], [66293.5, 11520.0], [66293.0, 12810.0], [66292.5, 7670.0]], "asks": [[66307.5, 250.0], [66315.5, 390.0], [66317.0, 10.0], [66317.5, 3880.0], [66318.0, 13000.0], [66318.5, 3580.0], [66320.0, 12000.0], [66322.5, 3210.0], [66323.0, 8240.0], [66323.5, 2020.0], [66327.5, 490.0], [66328.0, 5850.0], [66328.5, 28850.0], [66329.0, 27330.0], [66330.0, 60570.0], [66331.0, 31000.0], [66332.5, 9740.0], [66334.0, 11640.0], [66335.0, 21000.0], [66335.5, 10500.0]]}}}
{"jsonrpc": "2.0", "method": "subscription", "params": {"channel": "book.BTC-PERPETUAL.none.20.100ms", "data": {"timestamp": 1771844817145, "change_id": 141797994547, "instrument_name": "BTC-PERPETUAL", "bids": [[66316.5, 148180.0], [66313.5, 5190.0], [66311.5, 15420.0], [66311.0, 61560.0], [66310.0, 33160.0], [66307.5, 40700.0], [66307.0, 41760.0], [66306.5, 40000.0], [66306.0, 6000.0], [66305.0, 9230.0], [66304.5, 6000.0], [66304.0, 7970.0], [66303.5, 10990.0], [66302.0, 6000.0], [66301.0, 6000.0], [66300.5, 6000.0], [66299.5, 8250.0], [66298.0, 11270.0], [66297.5, 11290.0], [66297.0, 27250.0]], "asks": [[66317.0, 54970.0], [66317.5, 1000.0], [66320.5, 2010.0], [66321.5, 6760.0], [66322.0, 8240.0], [66322.5, 12000.0], [66323.5, 2020.0], [66325.0, 390.0], [66328.0, 3160.0], [66328.5, 19840.0], [66329.0, 46830.0], [66330.0, 11290.0], [66331.0, 31000.0], [66332.0, 49280.0], [66332.5, 9300.0], [66334.0, 11640.0], [66335.0, 21000.0], [66335.5, 10500.0], [66337.0, 180.0], [66338.5, 5000.0]]}}}
{"jsonrpc": "2.0", "method": "subscription", "params": {"channel": "book.BTC-PERPETUAL.none.20.100ms", "data": {"timestamp": 1771844817469, "change_id": 141797995439, "instrument_name": "BTC-PERPETUAL", "bids": [[66316.5, 149950.0], [66313.5, 5190.0], [66312.0, 490.0], [66311.5, 14930.0], [66311.0, 66140.0], [66310.0, 33160.0], [66308.0, 8240.0], [66307.5, 30070.0], [66307.0, 28690.0], [66306.5, 30000.0], [66306.0, 6000.0], [66305.0, 9230.0], [66304.5, 6000.0], [66304.0, 7970.0], [66302.5, 10990.0], [66302.0, 6000.0], [66301.0, 11000.0], [66300.5, 6000.0], [66299.5, 8250.0], [66298.0, 11270.0]], "asks": [[66317.0, 28470.0], [66317.5, 1000.0], [66318.5, 2010.0], [66321.5, 5690.0], [66322.0, 8240.0], [66322.5, 12000.0], [66325.0, 390.0], [66326.5, 490.0], [66328.0, 2020.0], [66328.5, 110.0], [66329.5, 33560.0], [66330.0, 11290.0], [66330.5, 28740.0], [66331.0, 31000.0], [66331.5, 49280.0], [66333.5, 9740.0], [66334.0, 11640.0], [66335.0, 21000.0], [66335.5, 10500.0], [66337.0, 180.0]]}}}
{"jsonrpc": "2.0", "method": "subscription", "params": {"channel": "book.BTC-PERPETUAL.none.20.100ms", "data": {"timestamp": 1771844817806, "change_id": 141797995765, "instrument_name": "BTC-PERPETUAL", "bids": [[66316.5, 149950.0], [66313.5, 5190.0], [66311.5, 15420.0], [66311.0, 61690.0], [66310.0, 33160.0], [66307.5, 30070.0], [66307.0, 9200.0], [66306.5, 38240.0], [66306.0, 6000.0], [66305.5, 19490.0], [66304.5, 6000.0], [66304.0, 11880.0], [66303.0, 9230.0], [66302.5, 10990.0], [66302.0, 6000.0], [66301.0, 11000.0], [66300.5, 6000.0], [66299.5, 8250.0], [66298.0, 11270.0], [66297.5, 11290.0]], "asks": [[66317.0, 28470.0], [66317.5, 1000.0], [66318.5, 2010.0], [66321.5, 5690.0], [66322.0, 8240.0], [66322.5, 12000.0], [66325.0, 390.0], [66327.0, 9360.0], [66327.5, 19990.0], [66328.0, 2020.0], [66328.5, 9350.0], [66329.5, 27730.0], [66330.0, 60570.0], [66331.0, 31000.0], [66333.5, 9740.0], [66334.0, 11640.0], [66335.0, 21000.0], [66335.5, 10500.0], [66337.0, 180.0], [66339.0, 33470.0]]}}}
{"jsonrpc": "2.0", "method": "subscription", "params": {"channel": "book.BTC-PERPETUAL.none.20.100ms", "data": {"timestamp": 1771844818112, "change_id": 141797996071, "instrument_name": "BTC-PERPETUAL", "bids": [[66316.5, 119470.0], [66313.5, 5190.0], [66311.5, 15420.0], [66311.0, 61690.0], [66310.0, 33160.0], [66307.5, 30070.0], [66307.0, 9100.0], [66306.5, 38240.0], [66306.0, 6000.0], [66305.5, 19490.0], [66304.5, 6000.0], [66304.0, 11880.0], [66303.0, 9230.0], [66302.5, 10990.0], [66302.0, 6000.0], [66301.0, 11000.0], [66300.5, 6000.0], [66299.5, 8250.0], [66298.0, 11270.0], [66297.5, 11290.0]], "asks": [[66317.0, 66970.0], [66317.5, 1000.0], [66318.5, 2010.0], [66321.5, 1990.0], [66322.0, 8240.0], [66325.0, 390.0], [66326.0, 490.0], [66326.5, 10000.0], [66327.0, 9360.0], [66327.5, 19500.0], [66328.0, 2020.0], [66328.5, 42950.0], [66329.0, 49280.0], [66330.0, 11290.0], [66331.0, 31000.0], [66332.0, 21000.0], [66333.5, 3470.0], [66334.0, 11640.0], [66335.5, 10500.0], [66337.0, 180.0]]}}}
{"jsonrpc": "2.0", "method": "subscription", "params": {"channel": "book.BTC-PERPETUAL.none.20.100ms", "data": {"timestamp": 1771844818464, "change_id": 141797996770, "instrument_name": "BTC-PERPETUAL", "bids": [[66316.5, 119470.0], [66313.5, 5190.0], [66312.0, 490.0], [66311.5, 14930.0], [66311.0, 61690.0], [66310.0, 33160.0], [66307.5, 48310.0], [66307.0, 28590.0], [66306.5, 30000.0], [66306.0, 6000.0], [66305.0, 9230.0], [66304.5, 6000.0], [66304.0, 11880.0], [66302.5, 10990.0], [66302.0, 6000.0], [66301.0, 11000.0], [66300.5, 6000.0], [66299.5, 8250.0], [66298.0, 11270.0], [66297.5, 60540.0]], "asks": [[66317.0, 54970.0], [66317.5, 1000.0], [66318.5, 2010.0], [66321.5, 5720.0], [66322.5, 8240.0], [66323.0, 12000.0], [66325.0, 390.0], [66327.0, 490.0], [66327.5, 3620.0], [66328.0, 12020.0], [66328.5, 21310.0], [66329.5, 28740.0], [66330.0, 11290.0], [66331.0, 31000.0], [66332.0, 24450.0], [66332.5, 49280.0], [66334.0, 11640.0], [66335.0, 21000.0], [66335.5, 10500.0], [66337.0, 180.0]]}}}
{"jsonrpc": "2.0", "method": "subscription", "params": {"channel": "book.BTC-PERPETUAL.none.20.100ms", "data": {"timestamp": 1771844818790, "change_id": 141797997262, "instrument_name": "BTC-PERPETUAL", "bids": [[66316.5, 119470.0], [66313.5, 5190.0], [66312.0, 490.0], [66311.5, 14930.0], [66311.0, 61690.0], [66310.0, 33160.0], [66307.5, 48310.0], [66307.0, 28590.0], [66306.5, 30000.0], [66306.0, 6000.0], [66304.5, 6000.0], [66304.0, 11880.0], [66303.0, 9230.0], [66302.5, 10990.0], [66302.0, 6000.0], [66301.0, 11000.0], [66300.5, 6000.0], [66299.5, 8250.0], [66298.0, 11270.0], [66297.5, 11290.0]], "asks": [[66317.0, 54970.0], [66317.5, 1000.0], [66318.5, 2010.0], [66320.5, 2460.0], [66321.0, 8240.0], [66322.5, 3700.0], [66323.0, 12000.0], [66325.0, 390.0], [66327.0, 490.0], [66327.5, 3620.0], [66328.0, 12020.0], [66328.5, 33310.0], [66329.5, 28740.0], [66330.0, 11290.0], [66330.5, 49280.0], [66331.0, 31000.0], [66333.5, 9740.0], [66334.0, 11640.0], [66335.0, 21000.0], [66335.5, 10500.0]]}}}
{"jsonrpc": "2.0", "method": "subscription", "params": {"channel": "book.BTC-PERPETUAL.none.20.100ms", "data": {"timestamp": 1771844819123, "change_id": 141797997511, "instrument_name": "BTC-PERPETUAL", "bids": [[66316.5, 167750.0], [66313.5, 5190.0], [66311.5, 15420.0], [66311.0, 61690.0], [66310.0, 33160.0], [66308.0, 10000.0], [66307.5, 30070.0], [66307.0, 17340.0], [66306.5, 30000.0], [66306.0, 6000.0], [66305.0, 19490.0], [66304.5, 6000.0], [66304.0, 11880.0], [66303.0, 9230.0], [66302.5, 10990.0], [66302.0, 6000.0], [66301.0, 11000.0], [66300.5, 6000.0], [66299.5, 8250.0], [66298.0, 11270.0]], "asks": [[66317.0, 54970.0], [66317.5, 1000.0], [66318.5, 2010.0], [66321.5, 6160.0], [66322.0, 8240.0], [66323.0, 12000.0], [66325.0, 390.0], [66327.0, 490.0], [66327.5, 3620.0], [66328.0, 12020.0], [66328.5, 33310.0], [66329.0, 19500.0], [66329.5, 9240.0], [66330.0, 11290.0], [66330.5, 49280.0], [66331.0, 31000.0], [66333.5, 9740.0], [66334.0, 11640.0], [66335.0, 21000.0], [66335.5, 10500.0]]}}}
{"jsonrpc": "2.0", "method": "subscription", "params": {"channel": "book.BTC-PERPETUAL.none.20.100ms", "data": {"timestamp": 1771844819457, "change_id": 141797998225, "instrument_name": "BTC-PERPETUAL", "bids": [[66316.5, 167750.0], [66313.5, 5190.0], [66312.0, 490.0], [66311.5, 14930.0], [66311.0, 68470.0], [66310.0, 33160.0], [66309.0, 8240.0], [66308.5, 19490.0], [66307.5, 30070.0], [66307.0, 18330.0], [66306.5, 30000.0], [66306.0, 6000.0], [66305.0, 10990.0], [66304.5, 6000.0], [66304.0, 6870.0], [66302.0, 6000.0], [66301.0, 11000.0], [66300.5, 6000.0], [66299.5, 8250.0], [66298.0, 60520.0]], "asks": [[66317.0, 17480.0], [66317.5, 1000.0], [66318.5, 2010.0], [66320.5, 3280.0], [66321.0, 10990.0], [66321.5, 5690.0], [66323.0, 12000.0], [66324.5, 8240.0], [66325.0, 390.0], [66326.0, 4260.0], [66326.5, 10000.0], [66328.0, 2020.0], [66328.5, 15490.0], [66330.0, 11290.0], [66331.0, 31000.0], [66332.0, 9240.0], [66332.5, 18180.0], [66333.0, 68780.0], [66334.0, 11640.0], [66335.5, 10500.0]]}}}
{"jsonrpc": "2.0", "method": "subscription", "params": {"channel": "book.BTC-PERPETUAL.none.20.100ms", "data": {"timestamp": 1771844819752, "change_id": 141797998698, "instrument_name": "BTC-PERPETUAL", "bids": [[66316.5, 167750.0], [66313.5, 5190.0], [66311.5, 15420.0], [66311.0, 69000.0], [66310.0, 33160.0], [66308.0, 18240.0], [66307.5, 30070.0], [66307.0, 9100.0], [66306.5, 49490.0], [66306.0, 6000.0], [66304.5, 26220.0], [66304.0, 6870.0], [66302.0, 6000.0], [66301.0, 11000.0], [66300.5, 6000.0], [66299.5, 8250.0], [66298.0, 11270.0], [66297.5, 11290.0], [66297.0, 27250.0], [66296.0, 49250.0]], "asks": [[66317.0, 17480.0], [66317.5, 1000.0], [66318.0, 10990.0], [66318.5, 2010.0], [66321.5, 5690.0], [66322.5, 8240.0], [66323.0, 12000.0], [66325.0, 390.0], [66327.5, 490.0], [66328.0, 2020.0], [66328.5, 34060.0], [66329.5, 28740.0], [66330.0, 11290.0], [66330.5, 49280.0], [66331.0, 31000.0], [66333.5, 9740.0], [66334.0, 11640.0], [66335.0, 21000.0], [66335.5, 10500.0], [66337.0, 180.0]]}}}
{"jsonrpc": "2.0", "method": "subscription", "params": {"channel": "book.BTC-PERPETUAL.none.20.100ms", "data": {"timestamp": 1771844820112, "change_id": 141797999012, "instrument_name": "BTC-PERPETUAL", "bids": [[66316.5, 167750.0], [66313.5, 5190.0], [66311.5, 15420.0], [66311.0, 69000.0], [66310.0, 33160.0], [66308.0, 18240.0], [66307.5, 30070.0], [66307.0, 9100.0], [66306.5, 49490.0], [66306.0, 6000.0], [66304.5, 26220.0], [66304.0, 6870.0], [66302.0, 6000.0], [66301.0, 11000.0], [66300.5, 6000.0], [66299.5, 8250.0], [66298.0, 11270.0], [66297.5, 11290.0], [66297.0, 27250.0], [66296.0, 49250.0]], "asks": [[66317.0, 55980.0], [66317.5, 4880.0], [66318.0, 10990.0], [66318.5, 2010.0], [66321.5, 1990.0], [66322.5, 8240.0], [66325.0, 390.0], [66327.5, 490.0], [66328.0, 2020.0], [66328.5, 34060.0], [66329.5, 28740.0], [66330.0, 11290.0], [66330.5, 49280.0], [66331.0, 31000.0], [66333.5, 9740.0], [66334.0, 11640.0], [66335.0, 21000.0], [66335.5, 10500.0], [66337.0, 180.0], [66339.0, 33470.0]]}}}
{"jsonrpc": "2.0", "method": "subscription", "params": {"channel": "book.BTC-PERPETUAL.none.20.100ms", "data": {"timestamp": 1771844820448, "change_id": 141798000211, "instrument_name": "BTC-PERPETUAL", "bids": [[66316.5, 110100.0], [66314.0, 34990.0], [66313.5, 5190.0], [66311.0, 19740.0], [66310.0, 12000.0], [66309.5, 50000.0], [66308.5, 490.0], [66307.5, 39330.0], [66307.0, 9100.0], [66306.5, 40000.0], [66306.0, 6000.0], [66305.0, 41390.0], [66304.5, 6000.0], [66304.0, 13590.0], [66302.5, 30480.0], [66302.0, 6000.0], [66301.0, 15230.0], [66300.5, 6000.0], [66299.5, 8250.0], [66298.0, 11270.0]], "asks": [[66317.0, 78960.0], [66317.5, 6590.0], [66318.0, 8240.0], [66318.5, 2010.0], [66321.0, 10000.0], [66324.0, 2020.0], [66325.0, 390.0], [66327.0, 27040.0], [66327.5, 19990.0], [66328.0, 49280.0], [66328.5, 22860.0], [66329.5, 21000.0], [66330.0, 11290.0], [66331.0, 31000.0], [66333.5, 3470.0], [66334.0, 11640.0], [66335.5, 10500.0], [66336.5, 5000.0], [66337.0, 180.0], [66339.0, 33470.0]]}}}
{"jsonrpc": "2.0", "method": "subscription", "params": {"channel": "book.BTC-PERPETUAL.none.20.100ms", "data": {"timestamp": 1771844820771, "change_id": 141798000745, "instrument_name": "BTC-PERPETUAL", "bids": [[66316.5, 110100.0], [66314.0, 34990.0], [66313.5, 5190.0], [66311.0, 19740.0], [66310.0, 12490.0], [66309.5, 50000.0], [66307.5, 39330.0], [66307.0, 9100.0], [66306.5, 40000.0], [66306.0, 6000.0], [66305.0, 41390.0], [66304.5, 6000.0], [66304.0, 13590.0], [66303.0, 30480.0], [66302.0, 6000.0], [66301.0, 15230.0], [66300.5, 6000.0], [66299.5, 8250.0], [66299.0, 5000.0], [66298.0, 11270.0]], "asks": [[66317.0, 78960.0], [66317.5, 6590.0], [66318.0, 8240.0], [66318.5, 2010.0], [66321.0, 10000.0], [66323.5, 490.0], [66324.0, 2020.0], [66325.0, 390.0], [66327.0, 27040.0], [66327.5, 19500.0], [66328.0, 49280.0], [66328.5, 15490.0], [66330.0, 11290.0], [66331.0, 31000.0], [66332.5, 9740.0], [66333.0, 21000.0], [66334.0, 11640.0], [66335.5, 10500.0], [66337.0, 180.0], [66338.5, 5000.0]]}}}
{"jsonrpc": "2.0", "method": "subscription", "params": {"channel": "book.BTC-PERPETUAL.none.20.100ms", "data": {"timestamp": 1771844821100, "change_id": 141798001049, "instrument_name": "BTC-PERPETUAL", "bids": [[66316.5, 108090.0], [66314.5, 2010.0], [66314.0, 34990.0], [66313.5, 5190.0], [66311.0, 19740.0], [66310.5, 490.0], [66310.0, 12000.0], [66309.5, 50000.0], [66307.5, 39330.0], [66307.0, 9100.0], [66306.5, 40000.0], [66306.0, 6000.0], [66305.0, 33150.0], [66304.5, 14240.0], [66304.0, 13590.0], [66303.0, 19490.0], [66302.5, 10990.0], [66302.0, 6000.0], [66301.0, 15230.0], [66300.5, 6000.0]], "asks": [[66317.0, 81370.0], [66317.5, 6590.0], [66318.0, 8240.0], [66318.5, 2010.0], [66321.0, 10000.0], [66324.0, 2020.0], [66325.0, 390.0], [66326.5, 500.0], [66327.0, 27040.0], [66327.5, 19500.0], [66328.0, 49280.0], [66328.5, 15490.0], [66330.0, 11290.0], [66331.0, 31000.0], [66332.5, 9740.0], [66333.0, 21000.0], [66334.0, 11640.0], [66335.5, 10500.0], [66337.0, 180.0], [66338.5, 5000.0]]}}}
{"jsonrpc": "2.0", "method": "subscription", "params": {"channel": "book.BTC-PERPETUAL.none.20.100ms", "data": {"timestamp": 1771844821417, "change_id": 141798001550, "instrument_name": "BTC-PERPETUAL", "bids": [[66316.5, 108090.0], [66314.5, 2010.0], [66314.0, 34990.0], [66313.5, 5190.0], [66311.0, 19740.0], [66310.5, 50000.0], [66310.0, 12000.0], [66308.0, 490.0], [66307.5, 39330.0], [66307.0, 9100.0], [66306.5, 40000.0], [66306.0, 6000.0], [66305.0, 33150.0], [66304.5, 14240.0], [66304.0, 13590.0], [66303.0, 19490.0], [66302.5, 10990.0], [66302.0, 6000.0], [66301.0, 15230.0], [66300.5, 6000.0]], "asks": [[66317.0, 81370.0], [66317.5, 6590.0], [66318.0, 8240.0], [66318.5, 2010.0], [66321.0, 10000.0], [66324.0, 2020.0], [66325.0, 390.0], [66326.5, 500.0], [66327.0, 27040.0], [66327.5, 19500.0], [66328.0, 49280.0], [66328.5, 15490.0], [66330.0, 11290.0], [66331.0, 31000.0], [66332.5, 9740.0], [66333.0, 21000.0], [66334.0, 11640.0], [66335.5, 10500.0], [66337.0, 180.0], [66338.5, 5000.0]]}}}
{"jsonrpc": "2.0", "method": "subscription", "params": {"channel": "book.BTC-PERPETUAL.none.20.100ms", "data": {"timestamp": 1771844821771, "change_id": 141798002145, "instrument_name": "BTC-PERPETUAL", "bids": [[66316.5, 91460.0], [66314.0, 34990.0], [66313.5, 3000.0], [66312.5, 1000.0], [66310.0, 12000.0], [66309.0, 50000.0], [66308.0, 490.0], [66307.5, 6000.0], [66307.0, 9100.0], [66306.0, 6000.0], [66304.5, 6000.0], [66304.0, 13590.0], [66302.0, 6000.0], [66301.5, 38720.0], [66301.0, 6000.0], [66300.5, 6000.0], [66299.5, 8250.0], [66298.5, 9230.0], [66298.0, 11270.0], [66297.5, 11290.0]], "asks": [[66317.0, 103480.0], [66317.5, 4580.0], [66318.5, 2010.0], [66321.0, 10000.0], [66323.0, 8980.0], [66323.5, 29230.0], [66325.0, 390.0], [66325.5, 15040.0], [66326.0, 49280.0], [66327.5, 1000.0], [66328.5, 15490.0], [66329.5, 21000.0], [66330.0, 11290.0], [66331.0, 30000.0], [66332.5, 3470.0], [66334.0, 11640.0], [66335.5, 10500.0], [66336.5, 5000.0], [66337.0, 180.0], [66339.0, 33470.0]]}}}
{"jsonrpc": "2.0", "method": "subscription", "params": {"channel": "book.BTC-PERPETUAL.none.20.100ms", "data": {"timestamp": 1771844822102, "change_id": 141798003004, "instrument_name": "BTC-PERPETUAL", "bids": [[66316.5, 63150.0], [66307.5, 6000.0], [66307.0, 6000.0], [66306.0, 6000.0], [66305.0, 1000.0], [66304.5, 20190.0], [66304.0, 37000.0], [66303.5, 20300.0], [66302.0, 6000.0], [66301.5, 50000.0], [66301.0, 6000.0], [66300.5, 6000.0], [66299.5, 13320.0], [66299.0, 490.0], [66298.5, 8240.0], [66298.0, 11270.0], [66297.5, 44440.0], [66297.0, 27920.0], [66296.5, 10990.0], [66296.0, 19490.0]], "asks": [[66317.0, 106570.0], [66317.5, 1000.0], [66318.5, 12010.0], [66319.5, 23950.0], [66320.5, 49280.0], [66321.5, 17950.0], [66322.0, 19500.0], [66323.0, 30000.0], [66323.5, 1000.0], [66324.5, 21000.0], [66325.0, 390.0], [66328.5, 15490.0], [66329.0, 5000.0], [66330.0, 11290.0], [66331.0, 30000.0], [66332.5, 3470.0], [66334.0, 11640.0], [66335.5, 10500.0], [66339.0, 33470.0], [66340.0, 12900.0]]}}}
{"jsonrpc": "2.0", "method": "subscription", "params": {"channel": "book.BTC-PERPETUAL.none.20.100ms", "data": {"timestamp": 1771844822430, "change_id": 141798003582, "instrument_name": "BTC-PERPETUAL", "bids": [[66316.5, 63150.0], [66307.5, 6000.0], [66307.0, 6000.0], [66306.5, 37000.0], [66306.0, 6000.0], [66305.0, 1000.0], [66304.5, 20190.0], [66303.5, 5370.0], [66302.0, 6000.0], [66301.0, 6000.0], [66300.5, 41680.0], [66300.0, 50490.0], [66298.0, 19510.0], [66297.5, 55430.0], [66297.0, 27920.0], [66296.0, 19490.0], [66295.5, 30000.0], [66295.0, 6000.0], [66293.5, 10630.0], [66293.0, 9240.0]], "asks": [[66317.0, 107010.0], [66317.5, 1000.0], [66318.5, 35300.0], [66319.0, 19500.0], [66319.5, 9240.0], [66320.5, 49280.0], [66321.5, 17950.0], [66323.0, 30000.0], [66323.5, 1000.0], [66324.5, 21000.0], [66325.0, 390.0], [66326.5, 1530.0], [66328.0, 5000.0], [66328.5, 15490.0], [66330.0, 11290.0], [66331.0, 30000.0], [66332.5, 3470.0], [66334.0, 11640.0], [66335.5, 10500.0], [66339.0, 33470.0]]}}}
{"jsonrpc": "2.0", "method": "subscription", "params": {"channel": "book.BTC-PERPETUAL.none.20.100ms", "data": {"timestamp": 1771844822760, "change_id": 141798004143, "instrument_name": "BTC-PERPETUAL", "bids": [[66316.5, 63150.0], [66307.5, 6000.0], [66307.0, 6000.0], [66306.5, 37000.0], [66306.0, 6000.0], [66305.0, 1000.0], [66304.5, 20190.0], [66302.5, 5370.0], [66302.0, 6000.0], [66301.0, 6000.0], [66300.5, 36180.0], [66298.5, 50490.0], [66298.0, 11270.0], [66297.5, 44440.0], [66297.0, 25170.0], [66296.5, 19230.0], [66295.5, 30000.0], [66295.0, 6000.0], [66294.0, 19490.0], [66293.5, 13920.0]], "asks": [[66317.0, 146090.0], [66317.5, 1000.0], [66318.5, 2010.0], [66319.0, 14710.0], [66319.5, 49280.0], [66321.5, 17950.0], [66323.0, 30000.0], [66323.5, 1000.0], [66324.5, 21000.0], [66325.0, 390.0], [66327.5, 1530.0], [66328.0, 5000.0], [66328.5, 15490.0], [66330.0, 11290.0], [66331.0, 30000.0], [66332.5, 3470.0], [66334.0, 11640.0], [66335.5, 10500.0], [66339.0, 33470.0], [66340.0, 12900.0]]}}}
{"jsonrpc": "2.0", "method": "subscription", "params": {"channel": "book.BTC-PERPETUAL.none.20.100ms", "data": {"timestamp": 1771844823053, "change_id": 141798004512, "instrument_name": "BTC-PERPETUAL", "bids": [[66316.5, 63150.0], [66307.5, 40990.0], [66307.0, 6000.0], [66306.5, 2010.0], [66306.0, 6000.0], [66305.0, 1000.0], [66304.5, 20190.0], [66302.5, 5370.0], [66302.0, 6000.0], [66301.0, 6490.0], [66300.5, 39320.0], [66299.0, 50000.0], [66298.0, 22260.0], [66297.5, 52680.0], [66297.0, 25170.0], [66295.5, 49490.0], [66295.0, 6000.0], [66293.5, 13920.0], [66293.0, 10.0], [66292.5, 15230.0]], "asks": [[66317.0, 117650.0], [66317.5, 24890.0], [66318.0, 28740.0], [66318.5, 2010.0], [66321.0, 75780.0], [66321.5, 17950.0], [66323.0, 30000.0], [66323.5, 1000.0], [66324.5, 21000.0], [66325.0, 390.0], [66328.5, 15490.0], [66329.5, 5000.0], [66330.0, 11290.0], [66331.0, 30000.0], [66332.5, 3470.0], [66334.0, 11640.0], [66335.5, 10500.0], [66339.0, 33470.0], [66340.0, 12900.0], [66340.5, 36610.0]]}}}
{"jsonrpc": "2.0", "method": "subscription", "params": {"channel": "book.BTC-PERPETUAL.none.20.100ms", "data": {"timestamp": 1771844823415, "change_id": 141798005029, "instrument_name": "BTC-PERPETUAL", "bids": [[66316.5, 63150.0], [66308.0, 34990.0], [66307.5, 6000.0], [66307.0, 6000.0], [66306.5, 2010.0], [66306.0, 6000.0], [66305.0, 1000.0], [66304.5, 20190.0], [66302.5, 5370.0], [66302.0, 6000.0], [66301.0, 6490.0], [66300.5, 39320.0], [66299.5, 10000.0], [66299.0, 50000.0], [66298.0, 11270.0], [66297.5, 63670.0], [66297.0, 18430.0], [66296.0, 19490.0], [66295.5, 30000.0], [66295.0, 6000.0]], "asks": [[66317.0, 118190.0], [66317.5, 24890.0], [66318.5, 2010.0], [66320.0, 9240.0], [66320.5, 19500.0], [66321.0, 75780.0], [66321.5, 17950.0], [66323.0, 30000.0], [66323.5, 1000.0], [66324.5, 21000.0], [66325.0, 390.0], [66328.5, 15490.0], [66329.5, 5000.0], [66330.0, 11290.0], [66331.0, 30000.0], [66332.0, 10940.0], [66332.5, 25000.0], [66334.0, 11640.0], [66335.5, 10500.0], [66339.0, 33470.0]]}}}
{"jsonrpc": "2.0", "method": "subscription", "params": {"channel": "book.BTC-PERPETUAL.none.20.100ms", "data": {"timestamp": 1771844823752, "change_id": 141798005461, "instrument_name": "BTC-PERPETUAL", "bids": [[66316.5, 63150.0], [66308.0, 34990.0], [66307.5, 6000.0], [66307.0, 6000.0], [66306.5, 2010.0], [66306.0, 6000.0], [66305.0, 1000.0], [66304.5, 20190.0], [66302.5, 19760.0], [66302.0, 6000.0], [66301.5, 490.0], [66301.0, 56000.0], [66300.5, 39320.0], [66300.0, 10000.0], [66298.5, 19230.0], [66298.0, 11270.0], [66297.5, 63930.0], [66297.0, 18430.0], [66295.5, 30000.0], [66295.0, 6000.0]], "asks": [[66317.0, 118180.0], [66317.5, 18090.0], [66318.5, 2010.0], [66320.0, 9240.0], [66320.5, 19500.0], [66321.0, 26500.0], [66321.5, 28050.0], [66322.5, 49280.0], [66323.0, 30000.0], [66323.5, 1000.0], [66324.5, 21000.0], [66325.0, 390.0], [66328.5, 15490.0], [66329.5, 5000.0], [66330.0, 11290.0], [66331.0, 30000.0], [66332.0, 3470.0], [66334.0, 11640.0], [66335.5, 10500.0], [66339.0, 33470.0]]}}}
{"jsonrpc": "2.0", "method": "subscription", "params": {"channel": "book.BTC-PERPETUAL.none.20.100ms", "data": {"timestamp": 1771844824067, "change_id": 141798005711, "instrument_name": "BTC-PERPETUAL", "bids": [[66316.5, 63150.0], [66308.0, 34990.0], [66307.5, 6000.0], [66307.0, 6000.0], [66306.5, 2010.0], [66306.0, 6000.0], [66305.0, 1000.0], [66304.5, 20190.0], [66303.0, 20440.0], [66302.5, 50000.0], [66302.0, 6000.0], [66301.5, 490.0], [66301.0, 6000.0], [66300.5, 39320.0], [66300.0, 10000.0], [66298.5, 8240.0], [66298.0, 22260.0], [66297.5, 63930.0], [66297.0, 18430.0], [66295.5, 30000.0]], "asks": [[66317.0, 117640.0], [66317.5, 18090.0], [66318.5, 2010.0], [66320.0, 9240.0], [66320.5, 19500.0], [66321.0, 26500.0], [66321.5, 28050.0], [66322.5, 49280.0], [66323.0, 30000.0], [66323.5, 1000.0], [66324.5, 21000.0], [66325.0, 390.0], [66328.5, 15490.0], [66329.5, 5000.0], [66330.0, 11290.0], [66331.0, 30000.0], [66332.0, 3470.0], [66334.0, 11640.0], [66335.5, 10500.0], [66339.0, 33470.0]]}}}
{"jsonrpc": "2.0", "method": "subscription", "params": {"channel": "book.BTC-PERPETUAL.none.20.100ms", "data": {"timestamp": 1771844824415, "change_id": 141798006186, "instrument_name": "BTC-PERPETUAL", "bids": [[66316.5, 63150.0], [66308.0, 34990.0], [66307.5, 6000.0], [66307.0, 6000.0], [66306.5, 2010.0], [66306.0, 6000.0], [66305.0, 1000.0], [66304.5, 20190.0], [66303.0, 20440.0], [66302.5, 50000.0], [66302.0, 6000.0], [66301.5, 490.0], [66301.0, 6000.0], [66300.5, 49320.0], [66298.5, 8240.0], [66298.0, 22260.0], [66297.5, 63930.0], [66297.0, 18430.0], [66295.5, 30000.0], [66295.0, 6000.0]], "asks": [[66317.0, 117510.0], [66317.5, 18090.0], [66318.5, 2010.0], [66320.0, 9240.0], [66320.5, 19500.0], [66321.0, 26500.0], [66321.5, 28050.0], [66322.5, 49280.0], [66323.0, 30000.0], [66323.5, 1000.0], [66324.5, 21000.0], [66325.0, 390.0], [66328.5, 15490.0], [66329.5, 5000.0], [66330.0, 11290.0], [66331.0, 30000.0], [66332.0, 3470.0], [66334.0, 11640.0], [66335.5, 10500.0], [66339.0, 33470.0]]}}}
{"jsonrpc": "2.0", "method": "subscription", "params": {"channel": "book.BTC-PERPETUAL.none.20.100ms", "data": {"timestamp": 1771844824742, "change_id": 141798006561, "instrument_name": "BTC-PERPETUAL", "bids": [[66316.5, 63150.0], [66308.0, 34990.0], [66307.5, 6000.0], [66307.0, 6000.0], [66306.5, 2010.0], [66306.0, 6000.0], [66305.0, 1000.0], [66304.5, 20190.0], [66303.0, 20440.0], [66302.5, 50000.0], [66302.0, 6000.0], [66301.5, 490.0], [66301.0, 16000.0], [66300.5, 39320.0], [66298.5, 8240.0], [66298.0, 22260.0], [66297.5, 63930.0], [66297.0, 18430.0], [66295.5, 30000.0], [66295.0, 6000.0]], "asks": [[66317.0, 118020.0], [66317.5, 18090.0], [66318.5, 2010.0], [66320.0, 9240.0], [66320.5, 19500.0], [66321.0, 26500.0], [66321.5, 28050.0], [66322.5, 49280.0], [66323.0, 30000.0], [66323.5, 1000.0], [66324.5, 21000.0], [66325.0, 390.0], [66328.5, 15490.0], [66330.0, 11290.0], [66330.5, 5000.0], [66331.0, 30000.0], [66332.0, 3470.0], [66334.0, 11640.0], [66335.5, 10500.0], [66339.0, 33470.0]]}}}
{"jsonrpc": "2.0", "method": "subscription", "params": {"channel": "book.BTC-PERPETUAL.none.20.100ms", "data": {"timestamp": 1771844825046, "change_id": 141798006740, "instrument_name": "BTC-PERPETUAL", "bids": [[66316.5, 63150.0], [66308.0, 34990.0], [66307.5, 6000.0], [66307.0, 6000.0], [66306.5, 2010.0], [66306.0, 6000.0], [66305.0, 1000.0], [66304.5, 20190.0], [66303.0, 20440.0], [66302.5, 50000.0], [66302.0, 6000.0], [66301.5, 490.0], [66301.0, 16000.0], [66300.5, 39320.0], [66298.5, 8240.0], [66298.0, 11270.0], [66297.5, 74920.0], [66297.0, 18430.0], [66295.5, 30000.0], [66295.0, 6000.0]], "asks": [[66317.0, 117740.0], [66317.5, 30610.0], [66318.5, 2010.0], [66320.0, 9240.0], [66320.5, 68780.0], [66321.0, 26500.0], [66321.5, 17950.0], [66323.0, 30000.0], [66323.5, 1000.0], [66324.5, 21000.0], [66325.0, 390.0], [66328.5, 15490.0], [66330.0, 11290.0], [66330.5, 5000.0], [66331.0, 30000.0], [66332.0, 3470.0], [66334.0, 11640.0], [66335.5, 10500.0], [66339.0, 33470.0], [66340.0, 37900.0]]}}}
{"jsonrpc": "2.0", "method": "subscription", "params": {"channel": "book.BTC-PERPETUAL.none.20.100ms", "data": {"timestamp": 1771844825398, "change_id": 141798007268, "instrument_name": "BTC-PERPETUAL", "bids": [[66316.5, 63150.0], [66308.0, 34990.0], [66307.5, 6000.0], [66307.0, 6000.0], [66306.5, 2010.0], [66306.0, 6000.0], [66305.0, 1000.0], [66304.5, 20190.0], [66303.0, 20440.0], [66302.5, 50000.0], [66302.0, 6000.0], [66301.5, 490.0], [66301.0, 16000.0], [66300.5, 32670.0], [66298.0, 19510.0], [66297.5, 74920.0], [66297.0, 18430.0], [66295.5, 30000.0], [66295.0, 6000.0], [66294.0, 9230.0]], "asks": [[66317.0, 118310.0], [66317.5, 18090.0], [66318.5, 2010.0], [66320.0, 9240.0], [66320.5, 19500.0], [66321.0, 26500.0], [66321.5, 22790.0], [66322.5, 49280.0], [66323.0, 30000.0], [66323.5, 1000.0], [66325.0, 390.0], [66327.5, 6300.0], [66328.0, 21000.0], [66328.5, 15490.0], [66330.0, 11290.0], [66330.5, 5000.0], [66331.0, 30000.0], [66332.0, 3470.0], [66334.0, 11640.0], [66335.5, 10500.0]]}}}
{"jsonrpc": "2.0", "method": "subscription", "params": {"channel": "book.BTC-PERPETUAL.none.20.100ms", "data": {"timestamp": 1771844825736, "change_id": 141798007647, "instrument_name": "BTC-PERPETUAL", "bids": [[66316.5, 63150.0], [66308.0, 34990.0], [66307.5, 6000.0], [66307.0, 6000.0], [66306.5, 2010.0], [66306.0, 6000.0], [66305.0, 1000.0], [66304.5, 20190.0], [66303.0, 20440.0], [66302.0, 6000.0], [66301.5, 490.0], [66301.0, 66000.0], [66300.5, 32670.0], [66298.0, 19510.0], [66297.5, 74920.0], [66297.0, 18430.0], [66296.0, 9230.0], [66295.5, 30000.0], [66295.0, 6000.0], [66293.5, 10630.0]], "asks": [[66317.0, 118150.0], [66317.5, 18090.0], [66318.5, 2010.0], [66320.0, 9240.0], [66320.5, 19500.0], [66321.0, 26500.0], [66321.5, 22790.0], [66322.5, 49280.0], [66323.0, 30000.0], [66323.5, 1000.0], [66325.0, 390.0], [66326.5, 6300.0], [66327.0, 21000.0], [66328.5, 15490.0], [66330.0, 11290.0], [66330.5, 5000.0], [66331.0, 30000.0], [66332.0, 3470.0], [66334.0, 11640.0], [66335.5, 10500.0]]}}}
{"jsonrpc": "2.0", "method": "subscription", "params": {"channel": "book.BTC-PERPETUAL.none.20.100ms", "data": {"timestamp": 1771844826029, "change_id": 141798007850, "instrument_name": "BTC-PERPETUAL", "bids": [[66316.5, 63150.0], [66308.0, 34990.0], [66307.5, 6000.0], [66307.0, 6000.0], [66306.5, 2010.0], [66306.0, 6000.0], [66305.0, 1000.0], [66304.5, 20190.0], [66303.0, 20440.0], [66302.0, 6000.0], [66301.5, 490.0], [66301.0, 66000.0], [66300.5, 32670.0], [66298.0, 19510.0], [66297.5, 74920.0], [66297.0, 18430.0], [66296.0, 9230.0], [66295.5, 30000.0], [66295.0, 6000.0], [66293.5, 10630.0]], "asks": [[66317.0, 117930.0], [66317.5, 18090.0], [66318.5, 2010.0], [66320.0, 9240.0], [66320.5, 19500.0], [66321.0, 26500.0], [66321.5, 22790.0], [66322.5, 49280.0], [66323.0, 30000.0], [66323.5, 1000.0], [66325.0, 390.0], [66326.5, 6300.0], [66327.0, 21000.0], [66328.5, 15490.0], [66330.0, 11290.0], [66330.5, 5000.0], [66331.0, 30000.0], [66332.0, 3470.0], [66334.0, 11640.0], [66335.5, 10500.0]]}}}
{"jsonrpc": "2.0", "method": "subscription", "params": {"channel": "book.BTC-PERPETUAL.none.20.100ms", "data": {"timestamp": 1771844826387, "change_id": 141798008342, "instrument_name": "BTC-PERPETUAL", "bids": [[66316.5, 63150.0], [66308.0, 34990.0], [66307.5, 6000.0], [66307.0, 6000.0], [66306.5, 2010.0], [66306.0, 6000.0], [66305.0, 1000.0], [66304.5, 20190.0], [66303.0, 20440.0], [66302.0, 6000.0], [66301.5, 490.0], [66301.0, 66000.0], [66300.5, 32670.0], [66298.0, 19510.0], [66297.5, 74920.0], [66297.0, 18430.0], [66296.0, 9230.0], [66295.5, 30000.0], [66295.0, 6000.0], [66293.5, 10630.0]], "asks": [[66317.0, 117920.0], [66317.5, 18090.0], [66318.5, 2010.0], [66320.0, 9240.0], [66320.5, 19500.0], [66321.0, 26500.0], [66321.5, 22790.0], [66322.5, 49280.0], [66323.0, 30000.0], [66323.5, 1000.0], [66325.0, 390.0], [66326.5, 6300.0], [66327.0, 21000.0], [66328.5, 15490.0], [66330.0, 11290.0], [66330.5, 5000.0], [66331.0, 30000.0], [66332.0, 3470.0], [66334.0, 11640.0], [66335.5, 10500.0]]}}}
{"jsonrpc": "2.0", "method": "subscription", "params": {"channel": "book.BTC-PERPETUAL.none.20.100ms", "data": {"timestamp": 1771844826698, "change_id": 141798008729, "instrument_name": "BTC-PERPETUAL", "bids": [[66316.5, 63150.0], [66308.0, 34990.0], [66307.5, 6000.0], [66307.0, 6000.0], [66306.5, 2010.0], [66306.0, 6000.0], [66305.0, 1000.0], [66304.5, 20190.0], [66303.0, 20440.0], [66302.0, 6000.0], [66301.5, 490.0], [66301.0, 66000.0], [66300.5, 32670.0], [66298.0, 19510.0], [66297.5, 74920.0], [66297.0, 18430.0], [66296.0, 9230.0], [66295.5, 30000.0], [66295.0, 6000.0], [66293.5, 10630.0]], "asks": [[66317.0, 117290.0], [66317.5, 18090.0], [66318.5, 2010.0], [66320.0, 9240.0], [66320.5, 19500.0], [66321.0, 26500.0], [66321.5, 22790.0], [66322.5, 49280.0], [66323.0, 30000.0], [66323.5, 1000.0], [66325.0, 390.0], [66326.5, 6300.0], [66327.0, 21000.0], [66328.5, 15490.0], [66330.0, 11290.0], [66330.5, 5000.0], [66331.0, 30000.0], [66332.0, 3470.0], [66334.0, 11640.0], [66335.5, 10500.0]]}}}
{"jsonrpc": "2.0", "method": "subscription", "params": {"channel": "book.BTC-PERPETUAL.none.20.100ms", "data": {"timestamp": 1771844827040, "change_id": 141798008940, "instrument_name": "BTC-PERPETUAL", "bids": [[66316.5, 63150.0], [66308.0, 34990.0], [66307.5, 6000.0], [66307.0, 6000.0], [66306.5, 2010.0], [66306.0, 6000.0], [66305.0, 1000.0], [66304.5, 20190.0], [66303.0, 20440.0], [66302.0, 6000.0], [66301.5, 490.0], [66301.0, 66000.0], [66300.5, 32670.0], [66298.0, 19510.0], [66297.5, 74920.0], [66297.0, 18430.0], [66296.0, 9230.0], [66295.5, 30000.0], [66295.0, 6000.0], [66293.5, 10630.0]], "asks": [[66317.0, 117100.0], [66317.5, 18090.0], [66318.5, 2010.0], [66320.0, 9240.0], [66320.5, 19500.0], [66321.0, 26500.0], [66321.5, 22790.0], [66322.5, 49280.0], [66323.0, 30000.0], [66323.5, 1000.0], [66325.0, 390.0], [66326.5, 6300.0], [66327.0, 21000.0], [66328.5, 15490.0], [66330.0, 11290.0], [66330.5, 5000.0], [66331.0, 30000.0], [66332.0, 3470.0], [66334.0, 11640.0], [66335.5, 10500.0]]}}}
{"jsonrpc": "2.0", "method": "subscription", "params": {"channel": "book.BTC-PERPETUAL.none.20.100ms", "data": {"timestamp": 1771844827362, "change_id": 141798009264, "instrument_name": "BTC-PERPETUAL", "bids": [[66316.5, 63150.0], [66308.0, 34990.0], [66307.5, 6000.0], [66307.0, 6000.0], [66306.5, 2010.0], [66306.0, 6000.0], [66305.0, 1000.0], [66304.5, 20190.0], [66303.0, 20440.0], [66302.0, 6000.0], [66301.5, 490.0], [66301.0, 66000.0], [66300.5, 32670.0], [66298.0, 19510.0], [66297.5, 74920.0], [66297.0, 18430.0], [66296.0, 9230.0], [66295.5, 30000.0], [66295.0, 6000.0], [66293.5, 10630.0]], "asks": [[66317.0, 117100.0], [66317.5, 18090.0], [66318.5, 2010.0], [66320.0, 9240.0], [66320.5, 19500.0], [66321.0, 26500.0], [66321.5, 22790.0], [66322.5, 49280.0], [66323.0, 30000.0], [66323.5, 1000.0], [66325.0, 390.0], [66326.5, 6300.0], [66327.0, 21000.0], [66328.5, 15490.0], [66330.0, 11290.0], [66330.5, 5000.0], [66331.0, 30000.0], [66332.0, 3470.0], [66334.0, 11640.0], [66335.5, 10500.0]]}}}
{"jsonrpc": "2.0", "method": "subscription", "params": {"channel": "book.BTC-PERPETUAL.none.20.100ms", "data": {"timestamp": 1771844827698, "change_id": 141798009792, "instrument_name": "BTC-PERPETUAL", "bids": [[66316.5, 63150.0], [66308.0, 34990.0], [66307.5, 6000.0], [66307.0, 6000.0], [66306.5, 2010.0], [66306.0, 6000.0], [66305.0, 1000.0], [66304.5, 20190.0], [66303.0, 20440.0], [66302.0, 6000.0], [66301.5, 490.0], [66301.0, 66000.0], [66300.5, 32670.0], [66298.0, 19510.0], [66297.5, 74920.0], [66297.0, 18430.0], [66296.0, 9230.0], [66295.5, 30000.0], [66295.0, 6000.0], [66293.5, 10630.0]], "asks": [[66317.0, 117100.0], [66317.5, 18090.0], [66318.5, 2010.0], [66320.0, 9240.0], [66320.5, 19500.0], [66321.0, 26500.0], [66321.5, 22790.0], [66322.5, 49280.0], [66323.0, 30000.0], [66323.5, 1000.0], [66325.0, 390.0], [66326.5, 6300.0], [66327.0, 21000.0], [66328.5, 15490.0], [66330.0, 11290.0], [66330.5, 5000.0], [66331.0, 30000.0], [66332.0, 3470.0], [66334.0, 11640.0], [66335.5, 10500.0]]}}}
{"jsonrpc": "2.0", "method": "subscription", "params": {"channel": "book.BTC-PERPETUAL.none.20.100ms", "data": {"timestamp": 1771844828037, "change_id": 141798010002, "instrument_name": "BTC-PERPETUAL", "bids": [[66316.5, 41370.0], [66308.0, 34990.0], [66307.5, 6000.0], [66307.0, 6000.0], [66306.5, 2010.0], [66306.0, 6000.0], [66305.0, 1000.0], [66304.5, 20190.0], [66303.0, 8500.0], [66302.0, 6000.0], [66301.5, 490.0], [66301.0, 16000.0], [66300.5, 46400.0], [66299.5, 50000.0], [66298.0, 19510.0], [66297.5, 55430.0], [66297.0, 25470.0], [66296.5, 19490.0], [66295.5, 30000.0], [66295.0, 6000.0]], "asks": [[66317.0, 108110.0], [66317.5, 30610.0], [66318.5, 2010.0], [66320.0, 58520.0], [66320.5, 19500.0], [66321.0, 26500.0], [66321.5, 10100.0], [66323.0, 30000.0], [66323.5, 1000.0], [66325.0, 390.0], [66326.5, 6300.0], [66327.0, 21000.0], [66328.5, 15490.0], [66330.0, 11290.0], [66330.5, 5000.0], [66331.0, 30000.0], [66332.0, 3470.0], [66334.0, 11640.0], [66335.5, 10500.0], [66339.0, 47050.0]]}}}
{"jsonrpc": "2.0", "method": "subscription", "params": {"channel": "book.BTC-PERPETUAL.none.20.100ms", "data": {"timestamp": 1771844828362, "change_id": 141798010342, "instrument_name": "BTC-PERPETUAL", "bids": [[66316.5, 41370.0], [66308.0, 34990.0], [66307.5, 6000.0], [66307.0, 6000.0], [66306.5, 2010.0], [66306.0, 6000.0], [66305.0, 1000.0], [66304.5, 20190.0], [66303.0, 22340.0], [66302.0, 6000.0], [66301.5, 490.0], [66301.0, 66000.0], [66300.5, 6000.0], [66299.5, 8240.0], [66299.0, 28880.0], [66298.5, 19490.0], [66298.0, 11270.0], [66297.5, 55430.0], [66297.0, 18430.0], [66296.0, 9230.0]], "asks": [[66317.0, 108110.0], [66317.5, 18090.0], [66318.5, 2010.0], [66320.0, 9240.0], [66320.5, 19500.0], [66321.0, 26500.0], [66321.5, 22790.0], [66322.5, 49280.0], [66323.0, 30000.0], [66323.5, 1000.0], [66325.0, 390.0], [66326.5, 6300.0], [66327.0, 21000.0], [66328.5, 15490.0], [66330.0, 11290.0], [66330.5, 5000.0], [66331.0, 30000.0], [66332.0, 3470.0], [66334.0, 11640.0], [66335.5, 10500.0]]}}}
{"jsonrpc": "2.0", "method": "subscription", "params": {"channel": "book.BTC-PERPETUAL.none.20.100ms", "data": {"timestamp": 1771844828695, "change_id": 141798010870, "instrument_name": "BTC-PERPETUAL", "bids": [[66316.5, 41370.0], [66308.0, 34990.0], [66307.5, 6000.0], [66307.0, 6000.0], [66306.5, 2010.0], [66306.0, 6000.0], [66305.0, 1000.0], [66304.5, 20190.0], [66303.0, 22340.0], [66302.0, 6000.0], [66301.5, 490.0], [66301.0, 66000.0], [66300.5, 6000.0], [66299.5, 8240.0], [66299.0, 28880.0], [66298.5, 19490.0], [66298.0, 11270.0], [66297.5, 55430.0], [66297.0, 18430.0], [66296.0, 9230.0]], "asks": [[66317.0, 108110.0], [66317.5, 12270.0], [66318.5, 2010.0], [66321.0, 35740.0], [66321.5, 22790.0], [66322.0, 19500.0], [66322.5, 49280.0], [66323.0, 30000.0], [66323.5, 1000.0], [66325.0, 390.0], [66326.5, 6300.0], [66327.0, 21000.0], [66328.5, 15490.0], [66330.0, 11290.0], [66330.5, 5000.0], [66331.0, 30000.0], [66332.0, 3470.0], [66334.0, 11640.0], [66335.5, 10500.0], [66339.0, 47050.0]]}}}
{"jsonrpc": "2.0", "method": "subscription", "params": {"channel": "book.BTC-PERPETUAL.none.20.100ms", "data": {"timestamp": 1771844829041, "change_id": 141798011114, "instrument_name": "BTC-PERPETUAL", "bids": [[66316.5, 41370.0], [66308.0, 34990.0], [66307.5, 6000.0], [66307.0, 6000.0], [66306.5, 2010.0], [66306.0, 6000.0], [66305.0, 1000.0], [66304.5, 20190.0], [66303.0, 22340.0], [66302.0, 6000.0], [66301.5, 490.0], [66301.0, 66000.0], [66300.5, 6000.0], [66299.5, 8240.0], [66299.0, 28880.0], [66298.5, 19490.0], [66298.0, 11270.0], [66297.5, 55430.0], [66297.0, 18430.0], [66296.0, 9230.0]], "asks": [[66317.0, 103050.0], [66317.5, 18740.0], [66318.5, 2010.0], [66321.0, 35740.0], [66321.5, 49290.0], [66322.0, 19500.0], [66322.5, 49280.0], [66323.0, 30000.0], [66323.5, 1000.0], [66325.0, 390.0], [66326.5, 6300.0], [66327.0, 21000.0], [66328.5, 15490.0], [66330.0, 11290.0], [66330.5, 5000.0], [66331.0, 30000.0], [66332.0, 3470.0], [66334.0, 11640.0], [66335.5, 10500.0], [66339.0, 47050.0]]}}}
{"jsonrpc": "2.0", "method": "subscription", "params": {"channel": "book.BTC-PERPETUAL.none.20.100ms", "data": {"timestamp": 1771844829363, "change_id": 141798011461, "instrument_name": "BTC-PERPETUAL", "bids": [[66316.5, 41370.0], [66308.0, 34990.0], [66307.5, 6000.0], [66307.0, 6000.0], [66306.5, 2010.0], [66306.0, 6000.0], [66305.0, 1000.0], [66304.5, 20190.0], [66303.0, 22340.0], [66302.5, 490.0], [66302.0, 16000.0], [66301.0, 56000.0], [66300.5, 6000.0], [66299.5, 8240.0], [66299.0, 39870.0], [66298.5, 19490.0], [66298.0, 11270.0], [66297.5, 44440.0], [66297.0, 18430.0], [66296.0, 9230.0]], "asks": [[66317.0, 103440.0], [66317.5, 18740.0], [66318.5, 2010.0], [66321.0, 35740.0], [66321.5, 49290.0], [66322.0, 19500.0], [66322.5, 49280.0], [66323.0, 30000.0], [66323.5, 1000.0], [66325.0, 390.0], [66326.5, 6300.0], [66327.0, 21000.0], [66328.5, 15490.0], [66330.0, 11290.0], [66331.0, 30000.0], [66331.5, 5000.0], [66332.0, 3470.0], [66334.0, 11640.0], [66335.5, 10500.0], [66339.0, 47050.0]]}}}
{"jsonrpc": "2.0", "method": "subscription", "params": {"channel": "book.BTC-PERPETUAL.none.20.100ms", "data": {"timestamp": 1771844829696, "change_id": 141798011979, "instrument_name": "BTC-PERPETUAL", "bids": [[66316.5, 41370.0], [66308.0, 34990.0], [66307.5, 6000.0], [66307.0, 6000.0], [66306.5, 2010.0], [66306.0, 6000.0], [66305.0, 1000.0], [66304.5, 20190.0], [66303.0, 22340.0], [66302.0, 16000.0], [66301.5, 490.0], [66301.0, 56000.0], [66300.5, 6000.0], [66299.5, 8240.0], [66299.0, 28880.0], [66298.5, 30480.0], [66298.0, 11270.0], [66297.5, 44440.0], [66297.0, 18430.0], [66296.0, 9230.0]], "asks": [[66317.0, 103440.0], [66317.5, 18740.0], [66318.5, 2010.0], [66320.5, 19500.0], [66321.0, 35740.0], [66321.5, 49290.0], [66322.5, 49280.0], [66323.0, 30000.0], [66323.5, 1000.0], [66325.0, 390.0], [66326.5, 6300.0], [66327.0, 21000.0], [66328.5, 15490.0], [66330.0, 11290.0], [66330.5, 5000.0], [66331.0, 30000.0], [66332.0, 3470.0], [66334.0, 11640.0], [66335.5, 10500.0], [66339.0, 47050.0]]}}}
{"jsonrpc": "2.0", "method": "subscription", "params": {"channel": "book.BTC-PERPETUAL.none.20.100ms", "data": {"timestamp": 1771844830003, "change_id": 141798012189, "instrument_name": "BTC-PERPETUAL", "bids": [[66316.5, 41370.0], [66308.0, 34990.0], [66307.5, 6000.0], [66307.0, 6000.0], [66306.5, 2010.0], [66306.0, 6000.0], [66305.0, 1000.0], [66304.5, 20190.0], [66303.0, 22340.0], [66302.0, 16000.0], [66301.5, 490.0], [66301.0, 56000.0], [66300.5, 6000.0], [66299.5, 8240.0], [66299.0, 28880.0], [66298.5, 30480.0], [66298.0, 11270.0], [66297.5, 44440.0], [66297.0, 18430.0], [66296.0, 9230.0]], "asks": [[66317.0, 107740.0], [66317.5, 18740.0], [66318.5, 2010.0], [66320.5, 19500.0], [66321.0, 35740.0], [66321.5, 22790.0], [66322.5, 49280.0], [66323.0, 30000.0], [66323.5, 1000.0], [66325.0, 390.0], [66326.5, 6300.0], [66327.0, 21000.0], [66328.5, 15490.0], [66330.0, 11290.0], [66330.5, 5000.0], [66331.0, 30000.0], [66332.0, 3470.0], [66334.0, 11640.0], [66335.5, 10500.0], [66339.0, 33470.0]]}}}
{"jsonrpc": "2.0", "method": "subscription", "params": {"channel": "book.BTC-PERPETUAL.none.20.100ms", "data": {"timestamp": 1771844830362, "change_id": 141798012528, "instrument_name": "BTC-PERPETUAL", "bids": [[66316.5, 41370.0], [66308.0, 34990.0], [66307.5, 6000.0], [66307.0, 6000.0], [66306.5, 2010.0], [66306.0, 6000.0], [66305.0, 1000.0], [66304.5, 20190.0], [66303.0, 22340.0], [66302.0, 16000.0], [66301.5, 490.0], [66301.0, 56000.0], [66300.5, 6000.0], [66299.5, 8240.0], [66299.0, 28880.0], [66298.5, 19490.0], [66298.0, 22260.0], [66297.5, 44440.0], [66297.0, 18430.0], [66296.0, 9230.0]], "asks": [[66317.0, 107740.0], [66317.5, 18740.0], [66318.5, 2010.0], [66320.5, 19500.0], [66321.0, 35740.0], [66321.5, 22790.0], [66322.5, 49280.0], [66323.0, 30000.0], [66323.5, 1000.0], [66325.0, 390.0], [66326.5, 6300.0], [66327.0, 21000.0], [66328.5, 15490.0], [66330.0, 11290.0], [66330.5, 5000.0], [66331.0, 30000.0], [66332.0, 3470.0], [66334.0, 11640.0], [66335.5, 10500.0], [66339.0, 33470.0]]}}}
{"jsonrpc": "2.0", "method": "subscription", "params": {"channel": "book.BTC-PERPETUAL.none.20.100ms", "data": {"timestamp": 1771844830665, "change_id": 141798013075, "instrument_name": "BTC-PERPETUAL", "bids": [[66316.5, 41370.0], [66308.0, 34990.0], [66307.5, 6000.0], [66307.0, 6000.0], [66306.5, 2010.0], [66306.0, 6000.0], [66305.0, 1000.0], [66304.5, 20190.0], [66303.0, 22340.0], [66302.0, 16000.0], [66301.5, 490.0], [66301.0, 56000.0], [66300.5, 6000.0], [66299.5, 8240.0], [66299.0, 28880.0], [66298.5, 19490.0], [66298.0, 22260.0], [66297.5, 44440.0], [66297.0, 18430.0], [66296.0, 9230.0]], "asks": [[66317.0, 107740.0], [66317.5, 12270.0], [66318.5, 2010.0], [66321.0, 26500.0], [66321.5, 22790.0], [66322.0, 28740.0], [66322.5, 49280.0], [66323.0, 30000.0], [66323.5, 1000.0], [66325.0, 390.0], [66326.5, 6300.0], [66327.0, 21000.0], [66328.5, 15490.0], [66330.0, 11290.0], [66330.5, 5000.0], [66331.0, 30000.0], [66332.0, 3470.0], [66334.0, 11640.0], [66335.5, 10500.0], [66339.0, 33470.0]]}}}
{"jsonrpc": "2.0", "method": "subscription", "params": {"channel": "book.BTC-PERPETUAL.none.20.100ms", "data": {"timestamp": 1771844831012, "change_id": 141798013292, "instrument_name": "BTC-PERPETUAL", "bids": [[66316.5, 41370.0], [66308.0, 34990.0], [66307.5, 6000.0], [66307.0, 6000.0], [66306.5, 2010.0], [66306.0, 6000.0], [66305.0, 1000.0], [66304.5, 20190.0], [66303.0, 22340.0], [66302.0, 16000.0], [66301.5, 490.0], [66301.0, 56000.0], [66300.5, 6000.0], [66299.5, 8240.0], [66299.0, 28880.0], [66298.5, 19490.0], [66298.0, 22260.0], [66297.5, 44440.0], [66297.0, 18430.0], [66296.0, 9230.0]], "asks": [[66317.0, 107740.0], [66317.5, 12270.0], [66318.5, 2010.0], [66320.5, 19500.0], [66321.0, 26500.0], [66321.5, 22790.0], [66322.0, 9240.0], [66322.5, 49280.0], [66323.0, 30000.0], [66323.5, 1000.0], [66325.0, 390.0], [66326.5, 6300.0], [66327.0, 21000.0], [66328.5, 15490.0], [66330.0, 11290.0], [66330.5, 5000.0], [66331.0, 30000.0], [66332.0, 3470.0], [66334.0, 11640.0], [66335.5, 10500.0]]}}}
{"jsonrpc": "2.0", "method": "subscription", "params": {"channel": "book.BTC-PERPETUAL.none.20.100ms", "data": {"timestamp": 1771844831337, "change_id": 141798013637, "instrument_name": "BTC-PERPETUAL", "bids": [[66316.5, 41370.0], [66307.5, 6000.0], [66307.0, 6000.0], [66306.5, 2010.0], [66306.0, 6000.0], [66305.0, 1000.0], [66304.5, 20190.0], [66303.0, 22340.0], [66302.5, 10490.0], [66302.0, 6000.0], [66301.0, 56000.0], [66300.5, 57260.0], [66300.0, 74970.0], [66299.5, 8240.0], [66298.5, 19490.0], [66298.0, 22260.0], [66297.5, 44440.0], [66297.0, 18430.0], [66296.0, 9230.0], [66295.5, 30000.0]], "asks": [[66317.0, 107740.0], [66317.5, 36280.0], [66318.5, 2010.0], [66320.5, 19500.0], [66321.0, 26500.0], [66321.5, 97790.0], [66322.0, 9240.0], [66322.5, 49280.0], [66323.0, 30000.0], [66323.5, 1000.0], [66325.0, 390.0], [66326.5, 6300.0], [66327.0, 21000.0], [66328.5, 15490.0], [66330.0, 11290.0], [66331.0, 30000.0], [66332.0, 3470.0], [66334.0, 11640.0], [66335.5, 10500.0], [66339.0, 33470.0]]}}}
{"jsonrpc": "2.0", "method": "subscription", "params": {"channel": "book.BTC-PERPETUAL.none.20.100ms", "data": {"timestamp": 1771844831665, "change_id": 141798014199, "instrument_name": "BTC-PERPETUAL", "bids": [[66316.5, 41370.0], [66307.5, 6000.0], [66307.0, 6000.0], [66306.5, 2010.0], [66306.0, 6000.0], [66305.0, 1000.0], [66304.5, 20190.0], [66303.0, 22340.0], [66302.5, 10000.0], [66302.0, 6000.0], [66301.5, 490.0], [66301.0, 56000.0], [66300.5, 57260.0], [66299.5, 74970.0], [66299.0, 8240.0], [66298.5, 19490.0], [66298.0, 22260.0], [66297.5, 44440.0], [66297.0, 18430.0], [66296.0, 9230.0]], "asks": [[66317.0, 107740.0], [66317.5, 36280.0], [66318.5, 2010.0], [66320.5, 19500.0], [66321.0, 101500.0], [66321.5, 22790.0], [66322.0, 9240.0], [66322.5, 49280.0], [66323.0, 30000.0], [66323.5, 1000.0], [66325.0, 390.0], [66326.5, 6300.0], [66327.0, 21000.0], [66328.5, 15490.0], [66330.0, 11290.0], [66331.0, 30000.0], [66332.0, 3470.0], [66334.0, 11640.0], [66335.5, 10500.0], [66339.0, 33470.0]]}}}
{"jsonrpc": "2.0", "method": "subscription", "params": {"channel": "book.BTC-PERPETUAL.none.20.100ms", "data": {"timestamp": 1771844832013, "change_id": 141798014399, "instrument_name": "BTC-PERPETUAL", "bids": [[66316.5, 41370.0], [66307.5, 6000.0], [66307.0, 6000.0], [66306.5, 2010.0], [66306.0, 6000.0], [66305.0, 1000.0], [66304.5, 20190.0], [66303.0, 8500.0], [66302.5, 10000.0], [66302.0, 6000.0], [66301.5, 490.0], [66301.0, 6000.0], [66300.5, 57260.0], [66299.5, 124970.0], [66299.0, 8240.0], [66298.5, 19490.0], [66298.0, 22260.0], [66297.5, 44440.0], [66297.0, 18430.0], [66296.0, 9230.0]], "asks": [[66317.0, 107740.0], [66317.5, 36280.0], [66318.5, 2010.0], [66320.0, 9240.0], [66321.0, 101500.0], [66321.5, 68790.0], [66322.5, 49280.0], [66323.0, 30000.0], [66323.5, 1000.0], [66325.0, 390.0], [66326.5, 6300.0], [66327.0, 21000.0], [66328.5, 15490.0], [66330.0, 11290.0], [66331.0, 30000.0], [66332.0, 3470.0], [66334.0, 11640.0], [66335.5, 10500.0], [66339.0, 50250.0], [66340.0, 12900.0]]}}}
{"jsonrpc": "2.0", "method": "subscription", "params": {"channel": "book.BTC-PERPETUAL.none.20.100ms", "data": {"timestamp": 1771844832326, "change_id": 141798014746, "instrument_name": "BTC-PERPETUAL", "bids": [[66316.5, 41370.0], [66307.5, 6000.0], [66307.0, 6000.0], [66306.5, 2010.0], [66306.0, 6000.0], [66305.0, 1000.0], [66304.5, 20190.0], [66303.0, 8500.0], [66302.5, 10000.0], [66302.0, 6000.0], [66301.5, 490.0], [66301.0, 6000.0], [66300.5, 57260.0], [66300.0, 8240.0], [66299.5, 124970.0], [66298.5, 19490.0], [66298.0, 22260.0], [66297.5, 44440.0], [66297.0, 18430.0], [66296.0, 9230.0]], "asks": [[66317.0, 107740.0], [66317.5, 36280.0], [66318.5, 2010.0], [66321.0, 110740.0], [66321.5, 68790.0], [66322.5, 49280.0], [66323.0, 30000.0], [66323.5, 1000.0], [66325.0, 390.0], [66326.5, 6300.0], [66327.0, 21000.0], [66328.5, 15490.0], [66330.0, 11290.0], [66331.0, 30000.0], [66332.0, 3470.0], [66334.0, 11640.0], [66335.5, 10500.0], [66339.0, 50250.0], [66340.0, 12900.0], [66340.5, 11610.0]]}}}
{"jsonrpc": "2.0", "method": "subscription", "params": {"channel": "book.BTC-PERPETUAL.none.20.100ms", "data": {"timestamp": 1771844832675, "change_id": 141798015627, "instrument_name": "BTC-PERPETUAL", "bids": [[66316.5, 41040.0], [66304.5, 6000.0], [66302.0, 6000.0], [66301.5, 2010.0], [66301.0, 8000.0], [66300.5, 6000.0], [66300.0, 2090.0], [66298.0, 30260.0], [66297.5, 61290.0], [66297.0, 40750.0], [66296.0, 22990.0], [66295.5, 30000.0], [66295.0, 6000.0], [66294.0, 74970.0], [66293.5, 17960.0], [66293.0, 8250.0], [66292.5, 6000.0], [66292.0, 3900.0], [66291.5, 20490.0], [66291.0, 600.0]], "asks": [[66317.0, 277140.0], [66317.5, 23990.0], [66318.5, 2010.0], [66320.0, 22000.0], [66321.0, 26500.0], [66321.5, 36600.0], [66323.0, 30000.0], [66325.0, 390.0], [66328.5, 15490.0], [66330.0, 11290.0], [66331.0, 30000.0], [66332.0, 3470.0], [66334.0, 11640.0], [66335.5, 10500.0], [66339.0, 50250.0], [66340.0, 12900.0], [66340.5, 11610.0], [66341.0, 58610.0], [66341.5, 500.0], [66342.5, 35720.0]]}}}
{"jsonrpc": "2.0", "method": "subscription", "params": {"channel": "book.BTC-PERPETUAL.none.20.100ms", "data": {"timestamp": 1771844833005, "change_id": 141798016786, "instrument_name": "BTC-PERPETUAL", "bids": [[66304.5, 2030.0], [66301.0, 6000.0], [66300.5, 6000.0], [66299.5, 2010.0], [66297.0, 4330.0], [66296.0, 12000.0], [66295.5, 30000.0], [66295.0, 6000.0], [66293.0, 19740.0], [66292.5, 7400.0], [66292.0, 50800.0], [66291.5, 1490.0], [66291.0, 600.0], [66290.5, 530.0], [66290.0, 39290.0], [66289.5, 74970.0], [66289.0, 11290.0], [66288.0, 10990.0], [66287.5, 32830.0], [66286.5, 15480.0]], "asks": [[66305.0, 81900.0], [66307.0, 2000.0], [66310.0, 22690.0], [66310.5, 78510.0], [66312.0, 2870.0], [66312.5, 21000.0], [66313.0, 390.0], [66314.5, 46020.0], [66315.0, 85000.0], [66315.5, 30000.0], [66316.5, 27600.0], [66317.0, 12070.0], [66320.5, 7910.0], [66321.0, 26500.0], [66321.5, 10100.0], [66323.0, 41300.0], [66323.5, 25000.0], [66328.0, 31830.0], [66328.5, 15490.0], [66330.0, 43120.0]]}}}
{"jsonrpc": "2.0", "method": "subscription", "params": {"channel": "book.BTC-PERPETUAL.none.20.100ms", "data": {"timestamp": 1771844833332, "change_id": 141798017424, "instrument_name": "BTC-PERPETUAL", "bids": [[66304.5, 2030.0], [66301.5, 2010.0], [66301.0, 8000.0], [66300.5, 6000.0], [66296.0, 12000.0], [66295.5, 30000.0], [66295.0, 56000.0], [66293.5, 10000.0], [66293.0, 15230.0], [66292.5, 7890.0], [66292.0, 800.0], [66291.5, 1000.0], [66291.0, 600.0], [66290.5, 530.0], [66290.0, 79410.0], [66289.5, 74970.0], [66289.0, 11290.0], [66287.5, 30000.0], [66287.0, 19230.0], [66286.5, 34970.0]], "asks": [[66305.0, 66640.0], [66306.5, 490.0], [66307.0, 2000.0], [66308.0, 8580.0], [66308.5, 28740.0], [66311.0, 37580.0], [66311.5, 49280.0], [66313.0, 75000.0], [66313.5, 10000.0], [66314.5, 41830.0], [66315.5, 30000.0], [66316.5, 27600.0], [66317.0, 940.0], [66320.5, 7910.0], [66321.0, 26500.0], [66321.5, 10100.0], [66323.0, 41300.0], [66323.5, 25000.0], [66328.0, 31830.0], [66328.5, 15490.0]]}}}
