{"jsonrpc": "2.0", "id": 1, "result": ["book.BTC-PERPETUAL.none.20.100ms"], "usIn": 1763134000823612, "usOut": 1763134000824079, "usDiff": 467, "testnet": false}
{"jsonrpc": "2.0", "method": "subscription", "params": {"channel": "book.BTC-PERPETUAL.none.20.100ms", "data": {"timestamp": 1763133998941, "change_id": 126983994563, "instrument_name": "BTC-PERPETUAL", "bids": [[95966.0, 34520.0], [95965.5, 10000.0], [95963.0, 30000.0], [95956.5, 3260.0], [95952.5, 59980.0], [95949.0, 7410.0], [95947.0, 490.0], [95946.0, 13260.0], [95945.0, 51450.0], [95944.5, 95000.0], [95941.5, 38000.0], [95941.0, 13260.0], [95938.5, 6210.0], [95936.0, 9230.0], [95935.5, 13260.0], [95935.0, 6750.0], [95933.0, 10990.0], [95930.0, 13320.0], [95929.5, 35210.0], [95927.0, 38000.0]], "asks": [[95966.5, 124830.0], [95970.0, 21470.0], [95970.5, 38000.0], [95971.5, 26500.0], [95974.5, 10990.0], [95975.0, 7410.0], [95979.5, 10990.0], [95980.0, 11340.0], [95980.5, 83000.0], [95986.5, 200.0], [95988.0, 34420.0], [95990.0, 120290.0], [95990.5, 38000.0], [95993.0, 26000.0], [95993.5, 32980.0], [96000.0, 15300.0], [96001.5, 51270.0], [96005.0, 3960.0], [96009.5, 13270.0], [96010.0, 1500.0]]}}}
{"jsonrpc": "2.0", "method": "subscription", "params": {"channel": "book.BTC-PERPETUAL.none.20.100ms", "data": {"timestamp": 1763134000919, "change_id": 126984003588, "instrument_name": "BTC-PERPETUAL", "bids": [[96001.0, 46450.0], [95995.5, 40.0], [95985.5, 49980.0], [95985.0, 11600.0], [95984.0, 50000.0], [95982.0, 7410.0], [95978.0, 26780.0], [95977.5, 38000.0], [95976.0, 13260.0], [95972.5, 31570.0], [95972.0, 65990.0], [95971.5, 26500.0], [95970.5, 9230.0], [95970.0, 13260.0], [95968.0, 200.0], [95967.5, 11340.0], [95967.0, 38000.0], [95964.5, 37550.0], [95961.0, 25000.0], [95960.5, 25980.0]], "asks": [[96001.5, 100720.0], [96004.0, 14620.0], [96004.5, 38000.0], [96011.5, 16850.0], [96012.0, 18400.0], [96012.5, 40.0], [96015.0, 38000.0], [96016.5, 23810.0], [96017.0, 45000.0], [96020.0, 34780.0], [96021.5, 200.0], [96022.5, 29380.0], [96023.0, 38180.0], [96024.0, 46980.0], [96025.0, 13270.0], [96026.0, 9230.0], [96027.5, 6530.0], [96029.0, 33690.0], [96029.5, 99590.0], [96030.0, 13270.0]]}}}
{"jsonrpc": "2.0", "method": "subscription", "params": {"channel": "book.BTC-PERPETUAL.none.20.100ms", "data": {"timestamp": 1763134001247, "change_id": 126984004427, "instrument_name": "BTC-PERPETUAL", "bids": [[96001.0, 44950.0], [95989.5, 10000.0], [95985.5, 49980.0], [95985.0, 11600.0], [95979.0, 32580.0], [95978.5, 57410.0], [95977.5, 38000.0], [95976.0, 13260.0], [95975.0, 490.0], [95974.5, 10220.0], [95972.5, 20990.0], [95970.0, 13260.0], [95968.0, 17580.0], [95967.5, 20220.0], [95967.0, 38000.0], [95962.5, 11420.0], [95962.0, 25000.0], [95960.0, 13260.0], [95953.5, 38480.0], [95953.0, 25980.0]], "asks": [[96001.5, 127420.0], [96002.5, 24750.0], [96003.0, 33910.0], [96004.5, 38000.0], [96007.5, 10990.0], [96008.0, 29850.0], [96008.5, 100000.0], [96010.5, 36010.0], [96012.5, 40.0], [96014.5, 61590.0], [96015.0, 75200.0], [96016.5, 9230.0], [96017.0, 45000.0], [96019.0, 20990.0], [96020.0, 34780.0], [96021.5, 23120.0], [96022.0, 25990.0], [96023.0, 13180.0], [96024.0, 25000.0], [96025.0, 13270.0]]}}}
{"jsonrpc": "2.0", "method": "subscription", "params": {"channel": "book.BTC-PERPETUAL.none.20.100ms", "data": {"timestamp": 1763134001582, "change_id": 126984005405, "instrument_name": "BTC-PERPETUAL", "bids": [[96001.0, 56450.0], [95999.5, 30000.0], [95992.0, 11600.0], [95991.0, 49980.0], [95990.5, 38000.0], [95982.5, 14930.0], [95982.0, 50000.0], [95981.0, 490.0], [95979.5, 10990.0], [95979.0, 30790.0], [95977.5, 38000.0], [95976.5, 10990.0], [95976.0, 13260.0], [95975.0, 9230.0], [95974.5, 3960.0], [95970.0, 13260.0], [95968.5, 17700.0], [95968.0, 200.0], [95967.0, 38000.0], [95966.5, 25000.0]], "asks": [[96001.5, 115740.0], [96002.5, 24750.0], [96003.0, 26500.0], [96004.5, 38000.0], [96007.0, 490.0], [96008.0, 29850.0], [96008.5, 100000.0], [96010.0, 10990.0], [96010.5, 18760.0], [96012.5, 40.0], [96014.0, 200.0], [96014.5, 10990.0], [96015.0, 64570.0], [96017.0, 45000.0], [96020.0, 34780.0], [96021.0, 9230.0], [96021.5, 37050.0], [96022.0, 61590.0], [96023.0, 38180.0], [96025.0, 13270.0]]}}}
{"jsonrpc": "2.0", "method": "subscription", "params": {"channel": "book.BTC-PERPETUAL.none.20.100ms", "data": {"timestamp": 1763134001911, "change_id": 126984006250, "instrument_name": "BTC-PERPETUAL", "bids": [[96001.0, 66450.0], [95999.5, 30000.0], [95993.5, 49980.0], [95992.0, 11600.0], [95990.5, 38000.0], [95988.0, 13430.0], [95987.5, 45000.0], [95985.0, 490.0], [95984.5, 16980.0], [95984.0, 7410.0], [95981.0, 10990.0], [95980.5, 50000.0], [95980.0, 32030.0], [95979.0, 10000.0], [95978.0, 9230.0], [95977.5, 38000.0], [95976.0, 13260.0], [95974.5, 3960.0], [95970.0, 13260.0], [95969.0, 35080.0]], "asks": [[96001.5, 115740.0], [96002.5, 24750.0], [96003.0, 26500.0], [96004.5, 38000.0], [96007.5, 490.0], [96008.0, 29850.0], [96008.5, 100000.0], [96010.5, 23920.0], [96014.0, 11190.0], [96014.5, 10990.0], [96015.0, 64570.0], [96017.0, 45000.0], [96020.0, 34780.0], [96021.5, 37050.0], [96023.0, 13180.0], [96024.5, 95820.0], [96025.0, 13270.0], [96026.5, 25010.0], [96027.5, 6530.0], [96029.5, 58990.0]]}}}
{"jsonrpc": "2.0", "method": "subscription", "params": {"channel": "book.BTC-PERPETUAL.none.20.100ms", "data": {"timestamp": 1763134002235, "change_id": 126984007260, "instrument_name": "BTC-PERPETUAL", "bids": [[96001.0, 46450.0], [95999.5, 30000.0], [95991.0, 10000.0], [95988.0, 49980.0], [95987.5, 11600.0], [95984.5, 5340.0], [95984.0, 7410.0], [95980.5, 11480.0], [95980.0, 33800.0], [95979.0, 10000.0], [95978.5, 45000.0], [95977.5, 88000.0], [95976.0, 13260.0], [95975.0, 17700.0], [95970.5, 9230.0], [95970.0, 13260.0], [95969.0, 11400.0], [95968.0, 200.0], [95967.0, 38000.0], [95965.0, 28590.0]], "asks": [[96001.5, 115940.0], [96002.0, 26500.0], [96002.5, 11490.0], [96004.0, 490.0], [96004.5, 38000.0], [96007.5, 10990.0], [96008.0, 29850.0], [96008.5, 100000.0], [96010.0, 10990.0], [96010.5, 18760.0], [96015.0, 76800.0], [96017.0, 45000.0], [96019.0, 9230.0], [96019.5, 61590.0], [96020.0, 34780.0], [96021.5, 17400.0], [96023.0, 13180.0], [96024.0, 25990.0], [96024.5, 20990.0], [96025.0, 13270.0]]}}}
{"jsonrpc": "2.0", "method": "subscription", "params": {"channel": "book.BTC-PERPETUAL.none.20.100ms", "data": {"timestamp": 1763134002576, "change_id": 126984007997, "instrument_name": "BTC-PERPETUAL", "bids": [[96001.0, 46450.0], [95999.5, 30000.0], [95997.5, 10000.0], [95994.0, 10000.0], [95991.0, 10000.0], [95988.0, 49980.0], [95987.5, 11600.0], [95984.5, 2360.0], [95984.0, 7410.0], [95981.0, 490.0], [95980.0, 33800.0], [95979.5, 10990.0], [95978.5, 95000.0], [95977.5, 38000.0], [95976.5, 10990.0], [95976.0, 13260.0], [95975.0, 6710.0], [95970.5, 9230.0], [95970.0, 13260.0], [95969.0, 24390.0]], "asks": [[96001.5, 116430.0], [96002.0, 26500.0], [96002.5, 11490.0], [96004.5, 38000.0], [96007.5, 10990.0], [96008.0, 29850.0], [96008.5, 100000.0], [96010.5, 18760.0], [96014.5, 10990.0], [96015.0, 76800.0], [96017.0, 45000.0], [96018.0, 25000.0], [96019.0, 9230.0], [96019.5, 61590.0], [96020.0, 34780.0], [96021.5, 14160.0], [96023.0, 13180.0], [96024.5, 20990.0], [96025.0, 13270.0], [96026.0, 25990.0]]}}}
{"jsonrpc": "2.0", "method": "subscription", "params": {"channel": "book.BTC-PERPETUAL.none.20.100ms", "data": {"timestamp": 1763134002906, "change_id": 126984010335, "instrument_name": "BTC-PERPETUAL", "bids": [[95980.5, 28860.0], [95972.0, 49980.0], [95971.0, 14920.0], [95969.0, 13700.0], [95968.0, 10990.0], [95967.0, 38000.0], [95965.5, 490.0], [95965.0, 29590.0], [95964.0, 50000.0], [95962.0, 45000.0], [95960.0, 13260.0], [95956.0, 200.0], [95954.0, 15300.0], [95953.5, 20220.0], [95952.5, 38000.0], [95951.5, 13260.0], [95950.0, 49490.0], [95949.5, 25980.0], [95947.5, 127540.0], [95946.0, 13260.0]], "asks": [[95981.0, 134050.0], [95994.5, 45610.0], [96000.0, 110270.0], [96001.0, 9230.0], [96001.5, 48970.0], [96002.0, 26500.0], [96002.5, 100000.0], [96004.0, 61590.0], [96004.5, 38000.0], [96006.0, 20170.0], [96006.5, 13270.0], [96007.0, 20990.0], [96008.0, 19720.0], [96010.0, 25990.0], [96010.5, 11350.0], [96015.0, 57040.0], [96019.0, 25000.0], [96020.0, 48050.0], [96020.5, 7900.0], [96023.0, 6550.0]]}}}
{"jsonrpc": "2.0", "method": "subscription", "params": {"channel": "book.BTC-PERPETUAL.none.20.100ms", "data": {"timestamp": 1763134003234, "change_id": 126984011565, "instrument_name": "BTC-PERPETUAL", "bids": [[95980.5, 180500.0], [95975.0, 2210.0], [95974.5, 7410.0], [95974.0, 490.0], [95970.0, 32980.0], [95969.5, 60990.0], [95967.0, 38000.0], [95965.5, 10990.0], [95965.0, 21300.0], [95962.5, 9230.0], [95962.0, 45000.0], [95960.0, 13260.0], [95956.0, 200.0], [95955.0, 41160.0], [95954.5, 25980.0], [95952.5, 38000.0], [95952.0, 61550.0], [95951.5, 13260.0], [95951.0, 25000.0], [95950.0, 3960.0]], "asks": [[95981.0, 44950.0], [95994.5, 38000.0], [95999.0, 10990.0], [95999.5, 490.0], [96000.0, 45230.0], [96001.0, 10990.0], [96004.5, 38000.0], [96006.0, 27890.0], [96006.5, 13270.0], [96007.0, 70000.0], [96008.0, 19720.0], [96008.5, 200.0], [96013.5, 29730.0], [96014.0, 70820.0], [96015.0, 65130.0], [96019.0, 20990.0], [96019.5, 25990.0], [96020.0, 48050.0], [96020.5, 3960.0], [96025.0, 13270.0]]}}}
{"jsonrpc": "2.0", "method": "subscription", "params": {"channel": "book.BTC-PERPETUAL.none.20.100ms", "data": {"timestamp": 1763134003531, "change_id": 126984012832, "instrument_name": "BTC-PERPETUAL", "bids": [[95980.5, 56760.0], [95970.5, 49980.0], [95970.0, 11470.0], [95968.0, 11600.0], [95967.0, 38000.0], [95965.5, 7900.0], [95965.0, 32870.0], [95962.5, 10990.0], [95962.0, 45000.0], [95960.5, 50000.0], [95960.0, 13260.0], [95956.0, 3490.0], [95955.5, 10990.0], [95955.0, 22780.0], [95953.0, 9230.0], [95952.5, 38000.0], [95951.5, 13260.0], [95950.0, 10910.0], [95948.0, 25000.0], [95946.0, 13260.0]], "asks": [[95981.0, 61550.0], [95991.0, 11480.0], [95991.5, 7410.0], [95992.0, 23200.0], [95993.0, 10990.0], [95994.5, 38000.0], [95998.5, 200.0], [95999.5, 45000.0], [96000.0, 34610.0], [96000.5, 70820.0], [96004.5, 38000.0], [96005.5, 25000.0], [96006.0, 21920.0], [96006.5, 13270.0], [96007.5, 46980.0], [96008.0, 19720.0], [96014.5, 11340.0], [96015.0, 52340.0], [96020.0, 48050.0], [96020.5, 3960.0]]}}}
{"jsonrpc": "2.0", "method": "subscription", "params": {"channel": "book.BTC-PERPETUAL.none.20.100ms", "data": {"timestamp": 1763134003900, "change_id": 126984014446, "instrument_name": "BTC-PERPETUAL", "bids": [[95980.5, 118340.0], [95980.0, 10000.0], [95972.5, 490.0], [95970.0, 32480.0], [95968.5, 10990.0], [95967.0, 88000.0], [95966.0, 10990.0], [95965.5, 7410.0], [95965.0, 21340.0], [95962.5, 9230.0], [95962.0, 45000.0], [95960.0, 13260.0], [95957.5, 7820.0], [95956.0, 200.0], [95955.5, 25980.0], [95955.0, 22780.0], [95952.5, 38000.0], [95951.5, 13260.0], [95951.0, 25000.0], [95950.5, 61550.0]], "asks": [[95981.0, 54950.0], [95991.5, 25820.0], [95992.0, 23200.0], [95994.0, 490.0], [95994.5, 38000.0], [95998.5, 20190.0], [95999.0, 21980.0], [95999.5, 45000.0], [96000.0, 14100.0], [96004.5, 38000.0], [96006.0, 9850.0], [96006.5, 13270.0], [96007.5, 61590.0], [96008.0, 19720.0], [96011.0, 9230.0], [96014.0, 45990.0], [96014.5, 37330.0], [96015.0, 52340.0], [96020.0, 48050.0], [96020.5, 3960.0]]}}}
{"jsonrpc": "2.0", "method": "subscription", "params": {"channel": "book.BTC-PERPETUAL.none.20.100ms", "data": {"timestamp": 1763134004232, "change_id": 126984015704, "instrument_name": "BTC-PERPETUAL", "bids": [[95991.5, 73550.0], [95987.0, 49600.0], [95986.5, 10000.0], [95985.0, 30000.0], [95981.0, 27540.0], [95980.5, 100470.0], [95977.5, 36530.0], [95977.0, 88000.0], [95976.5, 45000.0], [95975.0, 8770.0], [95974.5, 31210.0], [95973.0, 7410.0], [95967.5, 11350.0], [95967.0, 38000.0], [95966.5, 25980.0], [95965.0, 40.0], [95960.5, 61550.0], [95960.0, 13260.0], [95956.0, 200.0], [95955.0, 20.0]], "asks": [[95992.0, 9880.0], [95996.5, 36620.0], [95997.0, 100000.0], [96000.0, 14100.0], [96002.0, 7410.0], [96004.0, 490.0], [96004.5, 38000.0], [96006.0, 22020.0], [96007.0, 21980.0], [96008.0, 19720.0], [96010.0, 45000.0], [96011.0, 200.0], [96012.0, 18810.0], [96013.5, 25000.0], [96015.0, 71650.0], [96019.5, 70820.0], [96020.0, 48050.0], [96020.5, 3960.0], [96025.0, 13270.0], [96025.5, 12070.0]]}}}
{"jsonrpc": "2.0", "method": "subscription", "params": {"channel": "book.BTC-PERPETUAL.none.20.100ms", "data": {"timestamp": 1763134004561, "change_id": 126984017164, "instrument_name": "BTC-PERPETUAL", "bids": [[95999.5, 81190.0], [95992.0, 28020.0], [95991.5, 72280.0], [95990.5, 10000.0], [95988.0, 490.0], [95986.0, 7460.0], [95985.5, 25000.0], [95985.0, 34020.0], [95984.5, 45000.0], [95982.0, 50000.0], [95980.5, 10990.0], [95980.0, 7410.0], [95978.5, 20660.0], [95978.0, 10990.0], [95977.0, 38000.0], [95976.0, 9230.0], [95975.0, 3960.0], [95974.5, 13260.0], [95967.5, 37330.0], [95967.0, 38000.0]], "asks": [[96000.0, 39370.0], [96004.0, 11340.0], [96004.5, 38000.0], [96006.0, 35570.0], [96006.5, 10990.0], [96009.5, 107410.0], [96011.0, 200.0], [96011.5, 11480.0], [96012.0, 16820.0], [96012.5, 23200.0], [96015.0, 73240.0], [96018.5, 45000.0], [96020.0, 48050.0], [96020.5, 24310.0], [96024.5, 70820.0], [96025.0, 13270.0], [96025.5, 20030.0], [96027.0, 19710.0], [96029.0, 20990.0], [96029.5, 63990.0]]}}}
{"jsonrpc": "2.0", "method": "subscription", "params": {"channel": "book.BTC-PERPETUAL.none.20.100ms", "data": {"timestamp": 1763134004889, "change_id": 126984018359, "instrument_name": "BTC-PERPETUAL", "bids": [[95999.5, 78050.0], [95996.0, 30000.0], [95992.0, 49980.0], [95991.5, 22300.0], [95991.0, 10000.0], [95985.0, 34020.0], [95984.5, 56480.0], [95984.0, 50000.0], [95983.0, 10990.0], [95980.0, 7410.0], [95978.5, 14620.0], [95977.0, 38000.0], [95976.0, 9230.0], [95975.0, 3960.0], [95974.5, 13260.0], [95968.5, 25980.0], [95968.0, 25000.0], [95967.5, 11350.0], [95967.0, 38000.0], [95966.5, 13260.0]], "asks": [[96000.0, 69470.0], [96004.0, 11340.0], [96004.5, 38000.0], [96006.0, 35570.0], [96009.0, 490.0], [96009.5, 107410.0], [96011.0, 18100.0], [96014.5, 21980.0], [96015.0, 73240.0], [96018.5, 45000.0], [96020.0, 48050.0], [96022.5, 14180.0], [96023.5, 25000.0], [96025.0, 13270.0], [96025.5, 20030.0], [96026.5, 70820.0], [96027.0, 19710.0], [96029.5, 38000.0], [96030.0, 13270.0], [96035.0, 46980.0]]}}}
{"jsonrpc": "2.0", "method": "subscription", "params": {"channel": "book.BTC-PERPETUAL.none.20.100ms", "data": {"timestamp": 1763134005230, "change_id": 126984020763, "instrument_name": "BTC-PERPETUAL", "bids": [[96019.5, 47490.0], [96017.5, 28600.0], [96013.5, 6350.0], [96013.0, 20000.0], [96007.5, 7410.0], [96006.5, 13950.0], [96005.0, 38000.0], [96000.5, 8960.0], [96000.0, 80030.0], [95999.5, 112120.0], [95997.0, 55990.0], [95993.5, 28160.0], [95993.0, 61550.0], [95992.5, 24250.0], [95992.0, 9230.0], [95991.5, 22300.0], [95991.0, 10000.0], [95989.5, 45530.0], [95988.0, 38000.0], [95986.5, 13260.0]], "asks": [[96020.0, 34780.0], [96021.5, 100000.0], [96031.5, 19100.0], [96032.0, 38000.0], [96035.0, 25990.0], [96037.0, 2760.0], [96041.5, 25200.0], [96042.0, 5000.0], [96043.5, 23200.0], [96044.0, 38000.0], [96044.5, 11090.0], [96045.0, 63280.0], [96045.5, 4230.0], [96047.0, 6630.0], [96048.0, 13200.0], [96050.0, 21360.0], [96051.0, 200.0], [96052.0, 50000.0], [96054.0, 100.0], [96054.5, 53380.0]]}}}
{"jsonrpc": "2.0", "method": "subscription", "params": {"channel": "book.BTC-PERPETUAL.none.20.100ms", "data": {"timestamp": 1763134005553, "change_id": 126984023211, "instrument_name": "BTC-PERPETUAL", "bids": [[96019.5, 181170.0], [96017.5, 490.0], [96011.0, 50.0], [96009.0, 10990.0], [96007.5, 7410.0], [96006.5, 10990.0], [96006.0, 24780.0], [96005.0, 38000.0], [96000.0, 3300.0], [95999.5, 50.0], [95994.0, 200.0], [95993.0, 61550.0], [95992.5, 13260.0], [95992.0, 35210.0], [95991.5, 10000.0], [95989.5, 15300.0], [95988.0, 38000.0], [95986.5, 13260.0], [95985.0, 10.0], [95977.0, 38000.0]], "asks": [[96020.0, 34780.0], [96034.0, 38000.0], [96036.0, 23200.0], [96039.0, 7410.0], [96040.5, 490.0], [96041.0, 21980.0], [96044.0, 38000.0], [96045.0, 13280.0], [96045.5, 4230.0], [96047.0, 6630.0], [96048.0, 13200.0], [96049.5, 61590.0], [96051.0, 200.0], [96052.0, 25000.0], [96054.5, 13200.0], [96058.0, 20990.0], [96058.5, 38000.0], [96059.5, 14330.0], [96060.5, 13200.0], [96064.5, 26110.0]]}}}
{"jsonrpc": "2.0", "method": "subscription", "params": {"channel": "book.BTC-PERPETUAL.none.20.100ms", "data": {"timestamp": 1763134005893, "change_id": 126984024749, "instrument_name": "BTC-PERPETUAL", "bids": [[96019.5, 117490.0], [96011.0, 50.0], [96010.5, 11600.0], [96008.0, 490.0], [96007.5, 14620.0], [96005.5, 10990.0], [96005.0, 42680.0], [96004.5, 7410.0], [96000.5, 9230.0], [95997.0, 13430.0], [95996.5, 45000.0], [95994.0, 200.0], [95993.5, 28440.0], [95992.5, 13260.0], [95991.5, 10000.0], [95990.5, 25000.0], [95989.0, 15420.0], [95988.5, 25980.0], [95988.0, 38000.0], [95986.5, 13260.0]], "asks": [[96020.0, 53000.0], [96028.0, 6930.0], [96028.5, 23200.0], [96031.0, 11480.0], [96031.5, 7410.0], [96033.5, 11340.0], [96034.0, 38000.0], [96035.0, 11190.0], [96035.5, 13580.0], [96036.5, 45000.0], [96040.5, 34800.0], [96043.0, 9230.0], [96043.5, 61590.0], [96044.0, 38000.0], [96045.0, 13080.0], [96045.5, 4230.0], [96046.0, 25690.0], [96046.5, 45990.0], [96047.0, 6630.0], [96048.0, 13200.0]]}}}
{"jsonrpc": "2.0", "method": "subscription", "params": {"channel": "book.BTC-PERPETUAL.none.20.100ms", "data": {"timestamp": 1763134006226, "change_id": 126984025618, "instrument_name": "BTC-PERPETUAL", "bids": [[96019.5, 205570.0], [96008.5, 14770.0], [96008.0, 490.0], [96005.0, 66570.0], [96004.5, 52410.0], [96004.0, 50000.0], [95999.5, 7460.0], [95999.0, 25000.0], [95998.5, 9230.0], [95994.5, 26900.0], [95994.0, 200.0], [95993.0, 25980.0], [95992.5, 13260.0], [95992.0, 10000.0], [95990.0, 33680.0], [95989.5, 30520.0], [95988.0, 38000.0], [95986.5, 13260.0], [95985.0, 10.0], [95979.0, 11340.0]], "asks": [[96020.0, 35080.0], [96020.5, 10000.0], [96031.0, 17040.0], [96031.5, 7410.0], [96033.5, 23200.0], [96034.0, 38000.0], [96035.0, 11190.0], [96035.5, 3280.0], [96040.0, 10990.0], [96040.5, 17010.0], [96044.0, 38000.0], [96045.0, 41400.0], [96045.5, 65820.0], [96046.5, 45000.0], [96047.0, 6630.0], [96047.5, 9230.0], [96048.0, 13200.0], [96050.0, 16520.0], [96051.0, 200.0], [96054.0, 46980.0]]}}}
{"jsonrpc": "2.0", "method": "subscription", "params": {"channel": "book.BTC-PERPETUAL.none.20.100ms", "data": {"timestamp": 1763134006567, "change_id": 126984027482, "instrument_name": "BTC-PERPETUAL", "bids": [[96019.5, 205640.0], [96015.0, 7410.0], [96013.0, 490.0], [96012.5, 14930.0], [96012.0, 60000.0], [96008.5, 25760.0], [96005.5, 10990.0], [96005.0, 53640.0], [96004.5, 45000.0], [96000.0, 16690.0], [95999.5, 25000.0], [95994.5, 13860.0], [95994.0, 200.0], [95993.0, 25980.0], [95992.5, 13260.0], [95990.0, 31720.0], [95988.5, 61550.0], [95988.0, 38000.0], [95986.5, 13260.0], [95985.0, 10.0]], "asks": [[96033.0, 11340.0], [96034.0, 38000.0], [96037.0, 7410.0], [96038.0, 10990.0], [96038.5, 13580.0], [96039.0, 45000.0], [96040.0, 490.0], [96040.5, 40210.0], [96044.0, 38000.0], [96045.0, 51320.0], [96045.5, 4230.0], [96047.0, 6630.0], [96047.5, 9230.0], [96048.0, 13200.0], [96048.5, 42230.0], [96050.0, 4880.0], [96054.5, 13200.0], [96056.5, 25990.0], [96057.0, 17610.0], [96057.5, 20990.0]]}}}
{"jsonrpc": "2.0", "method": "subscription", "params": {"channel": "book.BTC-PERPETUAL.none.20.100ms", "data": {"timestamp": 1763134006906, "change_id": 126984030247, "instrument_name": "BTC-PERPETUAL", "bids": [[96040.0, 68230.0], [96039.5, 53140.0], [96034.0, 42420.0], [96033.5, 38000.0], [96033.0, 26500.0], [96032.5, 88080.0], [96030.0, 7410.0], [96021.0, 32690.0], [96020.5, 83000.0], [96020.0, 49010.0], [96019.5, 90780.0], [96015.0, 7150.0], [96014.5, 13260.0], [96013.0, 200.0], [96012.5, 10000.0], [96008.5, 27830.0], [96005.5, 61550.0], [96005.0, 38000.0], [96004.5, 10910.0], [96004.0, 13260.0]], "asks": [[96040.5, 10000.0], [96043.5, 490.0], [96045.5, 4230.0], [96050.0, 120.0], [96058.0, 22330.0], [96058.5, 45410.0], [96060.0, 36890.0], [96061.5, 23200.0], [96063.5, 110.0], [96065.0, 51620.0], [96066.0, 22440.0], [96066.5, 20220.0], [96067.0, 6550.0], [96067.5, 13250.0], [96069.0, 13140.0], [96069.5, 6550.0], [96070.0, 38000.0], [96070.5, 11280.0], [96073.0, 300.0], [96073.5, 13200.0]]}}}
{"jsonrpc": "2.0", "method": "subscription", "params": {"channel": "book.BTC-PERPETUAL.none.20.100ms", "data": {"timestamp": 1763134007229, "change_id": 126984031923, "instrument_name": "BTC-PERPETUAL", "bids": [[96045.0, 75990.0], [96044.5, 10000.0], [96041.0, 26860.0], [96040.5, 30000.0], [96040.0, 59980.0], [96036.0, 490.0], [96034.5, 10990.0], [96034.0, 29380.0], [96033.5, 38000.0], [96033.0, 26500.0], [96031.0, 20220.0], [96030.0, 7410.0], [96028.5, 19940.0], [96028.0, 70000.0], [96022.0, 23050.0], [96021.5, 25980.0], [96020.5, 38000.0], [96020.0, 16010.0], [96015.5, 61550.0], [96015.0, 7150.0]], "asks": [[96045.5, 17510.0], [96050.0, 120.0], [96053.5, 6930.0], [96054.0, 23200.0], [96057.0, 14770.0], [96058.5, 38000.0], [96059.5, 490.0], [96060.0, 9860.0], [96060.5, 7410.0], [96064.5, 21980.0], [96065.0, 6620.0], [96066.0, 67440.0], [96067.0, 6550.0], [96067.5, 13250.0], [96069.0, 6520.0], [96070.0, 38000.0], [96070.5, 11460.0], [96073.0, 200.0], [96073.5, 13200.0], [96075.0, 25000.0]]}}}
{"jsonrpc": "2.0", "method": "subscription", "params": {"channel": "book.BTC-PERPETUAL.none.20.100ms", "data": {"timestamp": 1763134007555, "change_id": 126984032869, "instrument_name": "BTC-PERPETUAL", "bids": [[96045.0, 46450.0], [96040.5, 30000.0], [96040.0, 10000.0], [96033.0, 26500.0], [96030.5, 49980.0], [96030.0, 7410.0], [96028.5, 7460.0], [96028.0, 25000.0], [96022.5, 11480.0], [96022.0, 15300.0], [96021.0, 10990.0], [96020.5, 38000.0], [96020.0, 26680.0], [96019.5, 45000.0], [96016.0, 9230.0], [96015.0, 13780.0], [96014.5, 13260.0], [96013.5, 10000.0], [96010.5, 25980.0], [96010.0, 52860.0]], "asks": [[96045.5, 38020.0], [96050.0, 120.0], [96051.5, 7410.0], [96053.0, 11480.0], [96053.5, 6930.0], [96054.0, 23200.0], [96056.5, 10990.0], [96057.0, 39550.0], [96058.0, 45000.0], [96058.5, 38000.0], [96060.0, 20110.0], [96064.0, 70820.0], [96065.0, 6620.0], [96065.5, 20180.0], [96067.0, 6550.0], [96067.5, 13250.0], [96069.0, 6520.0], [96069.5, 20990.0], [96070.0, 38000.0], [96070.5, 23410.0]]}}}
{"jsonrpc": "2.0", "method": "subscription", "params": {"channel": "book.BTC-PERPETUAL.none.20.100ms", "data": {"timestamp": 1763134007892, "change_id": 126984034219, "instrument_name": "BTC-PERPETUAL", "bids": [[96045.0, 68350.0], [96044.5, 10000.0], [96041.5, 26860.0], [96041.0, 49980.0], [96040.5, 30000.0], [96040.0, 10000.0], [96037.5, 490.0], [96035.0, 34780.0], [96034.0, 38000.0], [96033.0, 26500.0], [96031.5, 50000.0], [96030.5, 10990.0], [96029.5, 18630.0], [96029.0, 10990.0], [96027.5, 10000.0], [96027.0, 45000.0], [96026.5, 9230.0], [96026.0, 7410.0], [96023.5, 18050.0], [96020.5, 38000.0]], "asks": [[96045.5, 15740.0], [96050.0, 120.0], [96054.0, 2210.0], [96054.5, 7410.0], [96056.0, 200.0], [96057.0, 11490.0], [96058.0, 490.0], [96058.5, 38000.0], [96064.0, 7860.0], [96064.5, 21980.0], [96065.0, 6620.0], [96065.5, 30050.0], [96066.0, 45000.0], [96067.0, 6550.0], [96067.5, 13250.0], [96069.0, 6520.0], [96070.0, 38000.0], [96070.5, 30460.0], [96072.5, 70820.0], [96073.5, 13200.0]]}}}
{"jsonrpc": "2.0", "method": "subscription", "params": {"channel": "book.BTC-PERPETUAL.none.20.100ms", "data": {"timestamp": 1763134008220, "change_id": 126984035109, "instrument_name": "BTC-PERPETUAL", "bids": [[96045.0, 94850.0], [96044.5, 10000.0], [96042.0, 26500.0], [96041.5, 11940.0], [96040.5, 30000.0], [96040.0, 10000.0], [96037.0, 29840.0], [96036.5, 49980.0], [96035.5, 50000.0], [96035.0, 13700.0], [96034.5, 7410.0], [96034.0, 38000.0], [96029.5, 29620.0], [96028.0, 11480.0], [96027.5, 10000.0], [96027.0, 45000.0], [96024.0, 9230.0], [96023.5, 18050.0], [96023.0, 200.0], [96020.5, 38000.0]], "asks": [[96045.5, 5740.0], [96050.0, 120.0], [96055.5, 490.0], [96056.5, 18410.0], [96057.0, 23200.0], [96058.5, 38000.0], [96059.5, 10990.0], [96060.0, 7410.0], [96062.0, 5260.0], [96062.5, 10990.0], [96065.0, 6620.0], [96065.5, 32690.0], [96066.0, 45200.0], [96067.0, 6550.0], [96067.5, 13250.0], [96069.0, 6520.0], [96070.0, 38000.0], [96070.5, 30730.0], [96071.5, 70820.0], [96072.5, 25000.0]]}}}
{"jsonrpc": "2.0", "method": "subscription", "params": {"channel": "book.BTC-PERPETUAL.none.20.100ms", "data": {"timestamp": 1763134008556, "change_id": 126984035892, "instrument_name": "BTC-PERPETUAL", "bids": [[96045.0, 97180.0], [96044.5, 20000.0], [96042.0, 49980.0], [96041.5, 11940.0], [96040.5, 30000.0], [96035.0, 26870.0], [96034.5, 7900.0], [96034.0, 38000.0], [96033.5, 50000.0], [96029.5, 24420.0], [96028.0, 10990.0], [96027.5, 9230.0], [96027.0, 45000.0], [96023.5, 18050.0], [96023.0, 200.0], [96020.5, 38000.0], [96020.0, 13250.0], [96016.5, 14230.0], [96016.0, 25980.0], [96015.0, 53290.0]], "asks": [[96045.5, 2460.0], [96050.0, 120.0], [96053.0, 6930.0], [96053.5, 23200.0], [96056.0, 490.0], [96056.5, 13550.0], [96058.5, 38000.0], [96060.0, 7410.0], [96061.0, 7860.0], [96061.5, 10990.0], [96064.5, 10990.0], [96065.0, 6620.0], [96065.5, 32690.0], [96066.0, 45200.0], [96067.0, 6550.0], [96067.5, 13250.0], [96069.0, 6520.0], [96070.0, 38000.0], [96070.5, 30730.0], [96073.5, 13200.0]]}}}
{"jsonrpc": "2.0", "method": "subscription", "params": {"channel": "book.BTC-PERPETUAL.none.20.100ms", "data": {"timestamp": 1763134008894, "change_id": 126984037553, "instrument_name": "BTC-PERPETUAL", "bids": [[96049.5, 172470.0], [96046.5, 43980.0], [96046.0, 38000.0], [96045.5, 30000.0], [96045.0, 114570.0], [96044.0, 50000.0], [96041.5, 7410.0], [96041.0, 10990.0], [96038.0, 13430.0], [96037.5, 45000.0], [96035.5, 20220.0], [96035.0, 13700.0], [96034.0, 38000.0], [96025.0, 41490.0], [96024.5, 61550.0], [96024.0, 25980.0], [96023.0, 200.0], [96020.5, 38000.0], [96020.0, 20710.0], [96018.5, 25000.0]], "asks": [[96050.0, 120.0], [96057.5, 10000.0], [96067.5, 32110.0], [96068.0, 7410.0], [96068.5, 490.0], [96070.0, 38000.0], [96072.5, 6140.0], [96073.0, 21980.0], [96075.0, 7460.0], [96075.5, 6520.0], [96077.0, 6550.0], [96079.5, 6620.0], [96080.5, 28180.0], [96081.0, 13200.0], [96082.5, 45000.0], [96084.5, 38000.0], [96089.0, 20930.0], [96089.5, 70920.0], [96090.0, 23290.0], [96090.5, 13200.0]]}}}
{"jsonrpc": "2.0", "method": "subscription", "params": {"channel": "book.BTC-PERPETUAL.none.20.100ms", "data": {"timestamp": 1763134009226, "change_id": 126984040605, "instrument_name": "BTC-PERPETUAL", "bids": [[96079.5, 46750.0], [96076.0, 10000.0], [96075.5, 30000.0], [96070.5, 50000.0], [96067.0, 69990.0], [96066.5, 7410.0], [96062.5, 3460.0], [96062.0, 11600.0], [96059.5, 15930.0], [96059.0, 83000.0], [96055.5, 10990.0], [96055.0, 13190.0], [96050.5, 13260.0], [96050.0, 75140.0], [96049.5, 11480.0], [96047.0, 61550.0], [96046.0, 38000.0], [96045.5, 10000.0], [96045.0, 64990.0], [96042.0, 13260.0]], "asks": [[96080.0, 48710.0], [96086.5, 39890.0], [96087.0, 38000.0], [96088.0, 100000.0], [96092.0, 45000.0], [96093.0, 7410.0], [96093.5, 490.0], [96094.0, 3280.0], [96094.5, 10990.0], [96095.5, 27820.0], [96098.0, 5000.0], [96099.0, 38000.0], [96100.0, 77340.0], [96101.5, 13280.0], [96103.0, 110.0], [96103.5, 200.0], [96104.5, 13070.0], [96105.0, 6630.0], [96106.0, 50940.0], [96107.5, 13280.0]]}}}
{"jsonrpc": "2.0", "method": "subscription", "params": {"channel": "book.BTC-PERPETUAL.none.20.100ms", "data": {"timestamp": 1763134009551, "change_id": 126984042607, "instrument_name": "BTC-PERPETUAL", "bids": [[96079.5, 66750.0], [96079.0, 10000.0], [96076.0, 8960.0], [96075.5, 30000.0], [96070.5, 11600.0], [96069.5, 26260.0], [96069.0, 38000.0], [96067.0, 50000.0], [96066.5, 45000.0], [96063.5, 490.0], [96062.5, 13200.0], [96062.0, 7410.0], [96059.5, 10990.0], [96059.0, 38000.0], [96058.0, 10000.0], [96051.0, 9230.0], [96050.5, 13260.0], [96050.0, 25000.0], [96046.0, 38000.0], [96045.0, 29030.0]], "asks": [[96080.0, 15110.0], [96087.0, 38000.0], [96088.0, 100000.0], [96091.5, 34190.0], [96093.0, 18400.0], [96099.0, 38000.0], [96100.0, 95000.0], [96104.0, 61590.0], [96104.5, 13070.0], [96105.0, 6630.0], [96105.5, 17990.0], [96107.0, 9230.0], [96107.5, 13280.0], [96113.0, 40450.0], [96113.5, 51280.0], [96119.5, 10.0], [96122.5, 13270.0], [96127.0, 120.0], [96127.5, 100.0], [96128.0, 38000.0]]}}}
{"jsonrpc": "2.0", "method": "subscription", "params": {"channel": "book.BTC-PERPETUAL.none.20.100ms", "data": {"timestamp": 1763134010237, "change_id": 126984049689, "instrument_name": "BTC-PERPETUAL", "bids": [[96119.0, 64390.0], [96108.5, 1040.0], [96105.0, 10240.0], [96102.0, 7410.0], [96100.0, 105020.0], [96099.5, 137390.0], [96099.0, 64500.0], [96098.0, 21980.0], [96093.5, 9680.0], [96091.0, 13250.0], [96090.0, 9230.0], [96089.5, 14330.0], [96089.0, 38000.0], [96088.5, 7410.0], [96087.5, 3300.0], [96085.0, 20610.0], [96084.5, 200.0], [96081.5, 13250.0], [96080.5, 87530.0], [96080.0, 15070.0]], "asks": [[96119.5, 3290.0], [96121.5, 3280.0], [96125.0, 100000.0], [96125.5, 14770.0], [96126.0, 38000.0], [96126.5, 490.0], [96127.5, 10990.0], [96129.5, 10990.0], [96130.0, 500.0], [96131.0, 13500.0], [96131.5, 45000.0], [96133.5, 200.0], [96135.0, 30.0], [96136.0, 46200.0], [96136.5, 25000.0], [96139.0, 100.0], [96139.5, 61590.0], [96140.0, 13260.0], [96141.0, 17260.0], [96142.0, 19680.0]]}}}
{"jsonrpc": "2.0", "method": "subscription", "params": {"channel": "book.BTC-PERPETUAL.none.20.100ms", "data": {"timestamp": 1763134010541, "change_id": 126984051030, "instrument_name": "BTC-PERPETUAL", "bids": [[96119.0, 47790.0], [96108.5, 1040.0], [96107.5, 20130.0], [96107.0, 49980.0], [96106.0, 20000.0], [96105.0, 2210.0], [96102.0, 7410.0], [96100.5, 490.0], [96100.0, 39380.0], [96099.5, 77910.0], [96099.0, 64500.0], [96096.5, 45000.0], [96091.5, 20220.0], [96091.0, 13250.0], [96089.5, 14330.0], [96089.0, 38000.0], [96088.5, 7410.0], [96087.5, 3300.0], [96086.0, 10000.0], [96085.0, 20610.0]], "asks": [[96119.5, 13800.0], [96121.5, 3280.0], [96125.5, 14770.0], [96126.0, 38000.0], [96129.0, 10990.0], [96130.0, 500.0], [96130.5, 10990.0], [96131.0, 13500.0], [96131.5, 45000.0], [96133.5, 200.0], [96135.0, 9440.0], [96136.0, 6520.0], [96136.5, 25000.0], [96140.5, 61590.0], [96141.0, 5920.0], [96141.5, 9230.0], [96142.0, 13160.0], [96142.5, 38000.0], [96146.5, 11480.0], [96147.0, 20990.0]]}}}
{"jsonrpc": "2.0", "method": "subscription", "params": {"channel": "book.BTC-PERPETUAL.none.20.100ms", "data": {"timestamp": 1763134010891, "change_id": 126984053395, "instrument_name": "BTC-PERPETUAL", "bids": [[96119.0, 137400.0], [96117.5, 23870.0], [96117.0, 49980.0], [96116.5, 30000.0], [96110.0, 54050.0], [96109.0, 45900.0], [96108.5, 1040.0], [96107.0, 10990.0], [96105.0, 7650.0], [96102.5, 10990.0], [96102.0, 7410.0], [96101.5, 200.0], [96101.0, 9230.0], [96100.0, 39380.0], [96099.5, 66920.0], [96099.0, 64500.0], [96096.5, 45000.0], [96095.0, 21820.0], [96091.0, 13250.0], [96090.0, 87530.0]], "asks": [[96119.5, 13310.0], [96130.0, 500.0], [96132.0, 24930.0], [96132.5, 38000.0], [96133.0, 45000.0], [96134.5, 490.0], [96135.0, 30.0], [96136.0, 7610.0], [96136.5, 25000.0], [96139.5, 10990.0], [96140.0, 16450.0], [96141.5, 10990.0], [96142.5, 38000.0], [96144.5, 19680.0], [96145.0, 24800.0], [96147.5, 13250.0], [96148.0, 200.0], [96148.5, 4220.0], [96149.0, 6540.0], [96150.0, 22300.0]]}}}
{"jsonrpc": "2.0", "method": "subscription", "params": {"channel": "book.BTC-PERPETUAL.none.20.100ms", "data": {"timestamp": 1763134011229, "change_id": 126984055344, "instrument_name": "BTC-PERPETUAL", "bids": [[96129.5, 90500.0], [96124.0, 44950.0], [96119.5, 56500.0], [96119.0, 208620.0], [96118.5, 26500.0], [96117.0, 8960.0], [96115.0, 14930.0], [96114.5, 50000.0], [96109.5, 16980.0], [96109.0, 49480.0], [96105.0, 20760.0], [96104.0, 45000.0], [96102.5, 10990.0], [96101.5, 200.0], [96101.0, 9230.0], [96100.0, 25400.0], [96099.5, 28820.0], [96099.0, 38000.0], [96097.5, 25000.0], [96097.0, 61550.0]], "asks": [[96130.0, 3290.0], [96135.0, 30.0], [96139.0, 7410.0], [96139.5, 10990.0], [96142.5, 38000.0], [96144.0, 10990.0], [96148.0, 1460.0], [96148.5, 4220.0], [96152.0, 10220.0], [96155.0, 9230.0], [96155.5, 29900.0], [96156.0, 6620.0], [96157.0, 44520.0], [96159.5, 61590.0], [96160.0, 18070.0], [96160.5, 6520.0], [96161.0, 100.0], [96162.0, 20990.0], [96164.0, 4990.0], [96165.5, 26000.0]]}}}
{"jsonrpc": "2.0", "method": "subscription", "params": {"channel": "book.BTC-PERPETUAL.none.20.100ms", "data": {"timestamp": 1763134011489, "change_id": 126984058231, "instrument_name": "BTC-PERPETUAL", "bids": [[96146.0, 56340.0], [96145.5, 9910.0], [96131.0, 19250.0], [96130.5, 38000.0], [96130.0, 26500.0], [96129.5, 58100.0], [96125.0, 3280.0], [96124.5, 10990.0], [96120.0, 41410.0], [96119.5, 26500.0], [96119.0, 88000.0], [96118.5, 13250.0], [96112.0, 200.0], [96110.0, 15300.0], [96109.5, 13250.0], [96109.0, 38000.0], [96105.5, 61550.0], [96105.0, 3960.0], [96100.5, 13250.0], [96100.0, 25400.0]], "asks": [[96146.5, 38000.0], [96148.5, 4220.0], [96152.0, 35000.0], [96155.5, 14080.0], [96157.0, 38000.0], [96158.0, 200.0], [96159.0, 10990.0], [96163.5, 110.0], [96166.5, 100.0], [96171.0, 5260.0], [96171.5, 47230.0], [96172.0, 13250.0], [96176.0, 144850.0], [96176.5, 5090.0], [96179.5, 20990.0], [96181.0, 3960.0], [96181.5, 13250.0], [96190.0, 6010.0], [96190.5, 13250.0], [96191.0, 15140.0]]}}}
{"jsonrpc": "2.0", "method": "subscription", "params": {"channel": "book.BTC-PERPETUAL.none.20.100ms", "data": {"timestamp": 1763134011897, "change_id": 126984060883, "instrument_name": "BTC-PERPETUAL", "bids": [[96160.0, 8400.0], [96156.5, 3290.0], [96155.0, 20000.0], [96153.0, 44950.0], [96148.5, 2420.0], [96146.0, 8100.0], [96141.5, 11340.0], [96141.0, 38000.0], [96135.0, 23350.0], [96134.5, 11480.0], [96130.5, 38000.0], [96130.0, 39750.0], [96129.5, 38100.0], [96125.0, 7330.0], [96124.5, 24240.0], [96124.0, 25980.0], [96122.5, 200.0], [96119.5, 26500.0], [96119.0, 47230.0], [96118.5, 13250.0]], "asks": [[96160.5, 7410.0], [96164.5, 34850.0], [96165.0, 100000.0], [96169.0, 200.0], [96171.0, 22820.0], [96171.5, 38000.0], [96175.5, 10990.0], [96176.0, 144850.0], [96178.0, 6520.0], [96180.5, 6710.0], [96181.5, 13250.0], [96183.5, 9230.0], [96184.0, 6540.0], [96186.0, 38000.0], [96189.5, 61590.0], [96190.0, 10060.0], [96190.5, 13250.0], [96193.5, 200.0], [96195.0, 4990.0], [96195.5, 13250.0]]}}}
{"jsonrpc": "2.0", "method": "subscription", "params": {"channel": "book.BTC-PERPETUAL.none.20.100ms", "data": {"timestamp": 1763134012230, "change_id": 126984061628, "instrument_name": "BTC-PERPETUAL", "bids": [[96160.0, 1500.0], [96156.5, 3290.0], [96153.0, 44950.0], [96150.0, 20000.0], [96147.0, 2420.0], [96146.0, 8100.0], [96142.5, 26260.0], [96142.0, 61320.0], [96141.0, 38000.0], [96135.0, 23840.0], [96134.5, 10990.0], [96130.5, 38000.0], [96130.0, 29700.0], [96129.5, 11600.0], [96125.5, 45000.0], [96125.0, 14110.0], [96124.5, 24240.0], [96122.5, 200.0], [96120.0, 25980.0], [96119.0, 47230.0]], "asks": [[96160.5, 50820.0], [96164.5, 34850.0], [96165.0, 100000.0], [96171.0, 22820.0], [96171.5, 38000.0], [96175.5, 10990.0], [96176.0, 25000.0], [96177.0, 45000.0], [96178.0, 6520.0], [96180.5, 13740.0], [96181.5, 13250.0], [96183.5, 9230.0], [96184.0, 6540.0], [96185.5, 13180.0], [96186.0, 38000.0], [96187.5, 6610.0], [96189.0, 20990.0], [96189.5, 61590.0], [96190.0, 4050.0], [96190.5, 13250.0]]}}}
{"jsonrpc": "2.0", "method": "subscription", "params": {"channel": "book.BTC-PERPETUAL.none.20.100ms", "data": {"timestamp": 1763134012566, "change_id": 126984062822, "instrument_name": "BTC-PERPETUAL", "bids": [[96160.0, 4790.0], [96153.0, 44950.0], [96150.0, 20000.0], [96146.0, 8100.0], [96142.0, 26260.0], [96141.5, 49980.0], [96141.0, 38000.0], [96135.5, 3280.0], [96135.0, 26430.0], [96131.0, 490.0], [96130.5, 38000.0], [96130.0, 29700.0], [96129.5, 11600.0], [96125.5, 45000.0], [96125.0, 13820.0], [96124.5, 13250.0], [96122.5, 200.0], [96121.0, 25000.0], [96119.5, 36430.0], [96119.0, 47230.0]], "asks": [[96160.5, 51510.0], [96164.5, 34850.0], [96165.0, 100000.0], [96171.0, 22330.0], [96171.5, 38000.0], [96175.5, 28590.0], [96177.0, 70000.0], [96178.0, 6520.0], [96180.5, 33830.0], [96181.5, 13250.0], [96183.0, 20990.0], [96183.5, 9230.0], [96184.0, 75790.0], [96185.5, 36480.0], [96186.0, 38000.0], [96187.5, 6610.0], [96189.5, 87590.0], [96190.0, 50210.0], [96190.5, 13250.0], [96191.5, 127750.0]]}}}
{"jsonrpc": "2.0", "method": "subscription", "params": {"channel": "book.BTC-PERPETUAL.none.20.100ms", "data": {"timestamp": 1763134012912, "change_id": 126984064544, "instrument_name": "BTC-PERPETUAL", "bids": [[96160.0, 1500.0], [96153.0, 44950.0], [96150.0, 20000.0], [96147.5, 11600.0], [96146.0, 8100.0], [96139.0, 32060.0], [96138.5, 49980.0], [96137.5, 50000.0], [96135.5, 7410.0], [96135.0, 15440.0], [96132.0, 490.0], [96131.5, 10990.0], [96130.5, 38000.0], [96130.0, 29700.0], [96126.0, 10990.0], [96125.5, 45000.0], [96125.0, 13820.0], [96124.5, 13250.0], [96122.5, 200.0], [96120.5, 25000.0]], "asks": [[96160.5, 67300.0], [96164.5, 29850.0], [96165.0, 100000.0], [96170.5, 17900.0], [96171.0, 21980.0], [96171.5, 38000.0], [96175.5, 28590.0], [96177.0, 70000.0], [96178.0, 6520.0], [96180.5, 33830.0], [96181.5, 13250.0], [96183.0, 20990.0], [96183.5, 9230.0], [96184.0, 75190.0], [96185.5, 36480.0], [96186.0, 50100.0], [96187.5, 6610.0], [96189.5, 87590.0], [96190.0, 4050.0], [96190.5, 13250.0]]}}}
{"jsonrpc": "2.0", "method": "subscription", "params": {"channel": "book.BTC-PERPETUAL.none.20.100ms", "data": {"timestamp": 1763134013249, "change_id": 126984065425, "instrument_name": "BTC-PERPETUAL", "bids": [[96160.0, 52840.0], [96150.0, 20000.0], [96148.0, 3460.0], [96147.5, 11600.0], [96141.0, 13470.0], [96140.5, 87980.0], [96140.0, 17130.0], [96136.0, 490.0], [96135.5, 7410.0], [96135.0, 15440.0], [96133.5, 45000.0], [96131.5, 10990.0], [96130.5, 38000.0], [96130.0, 18840.0], [96126.0, 10990.0], [96125.5, 9230.0], [96125.0, 13820.0], [96124.5, 13250.0], [96122.5, 200.0], [96120.5, 25000.0]], "asks": [[96160.5, 40600.0], [96164.0, 10990.0], [96164.5, 29850.0], [96165.0, 100000.0], [96170.5, 34000.0], [96171.0, 10990.0], [96171.5, 38000.0], [96175.0, 61590.0], [96175.5, 28590.0], [96177.0, 70000.0], [96178.0, 6520.0], [96180.0, 9230.0], [96180.5, 12170.0], [96181.5, 13250.0], [96183.0, 20990.0], [96184.0, 6540.0], [96185.5, 23000.0], [96186.0, 50100.0], [96187.5, 6610.0], [96189.5, 26000.0]]}}}
{"jsonrpc": "2.0", "method": "subscription", "params": {"channel": "book.BTC-PERPETUAL.none.20.100ms", "data": {"timestamp": 1763134013587, "change_id": 126984067269, "instrument_name": "BTC-PERPETUAL", "bids": [[96160.0, 82840.0], [96151.5, 49980.0], [96150.5, 38000.0], [96148.5, 3460.0], [96147.5, 11600.0], [96142.0, 11480.0], [96141.0, 10990.0], [96140.5, 38000.0], [96137.0, 11810.0], [96135.5, 7410.0], [96135.0, 15440.0], [96130.5, 38000.0], [96130.0, 13250.0], [96126.5, 18370.0], [96126.0, 87530.0], [96124.5, 13250.0], [96122.5, 200.0], [96120.5, 25000.0], [96120.0, 34780.0], [96119.0, 38000.0]], "asks": [[96160.5, 33310.0], [96164.5, 29850.0], [96165.0, 100000.0], [96169.0, 490.0], [96169.5, 3280.0], [96170.5, 11400.0], [96171.5, 38000.0], [96173.5, 200.0], [96175.5, 28590.0], [96176.5, 21980.0], [96177.0, 70000.0], [96178.0, 6520.0], [96180.5, 29330.0], [96181.5, 13250.0], [96182.0, 69250.0], [96184.0, 6540.0], [96185.5, 39410.0], [96186.0, 50100.0], [96187.5, 6610.0], [96189.5, 70820.0]]}}}
{"jsonrpc": "2.0", "method": "subscription", "params": {"channel": "book.BTC-PERPETUAL.none.20.100ms", "data": {"timestamp": 1763134013898, "change_id": 126984068552, "instrument_name": "BTC-PERPETUAL", "bids": [[96160.0, 82840.0], [96158.5, 23870.0], [96158.0, 49980.0], [96157.5, 30000.0], [96152.0, 24960.0], [96150.5, 38000.0], [96149.5, 14920.0], [96149.0, 11480.0], [96148.5, 3460.0], [96148.0, 10990.0], [96147.5, 11600.0], [96142.5, 40570.0], [96142.0, 45000.0], [96140.5, 38000.0], [96138.0, 18090.0], [96137.5, 61550.0], [96135.5, 7410.0], [96135.0, 15440.0], [96132.5, 200.0], [96131.0, 25980.0]], "asks": [[96160.5, 23200.0], [96170.5, 11400.0], [96171.0, 490.0], [96171.5, 38000.0], [96175.5, 7460.0], [96177.0, 25000.0], [96180.5, 35890.0], [96185.0, 21980.0], [96185.5, 28400.0], [96186.0, 50100.0], [96187.5, 64660.0], [96190.0, 5440.0], [96190.5, 13250.0], [96191.5, 4990.0], [96192.0, 6540.0], [96195.0, 26950.0], [96195.5, 13250.0], [96199.0, 70820.0], [96200.0, 15360.0], [96200.5, 51250.0]]}}}
{"jsonrpc": "2.0", "method": "subscription", "params": {"channel": "book.BTC-PERPETUAL.none.20.100ms", "data": {"timestamp": 1763134014480, "change_id": 126984072010, "instrument_name": "BTC-PERPETUAL", "bids": [[96176.5, 76450.0], [96170.5, 26500.0], [96170.0, 26500.0], [96166.0, 25000.0], [96163.0, 38000.0], [96160.5, 26500.0], [96160.0, 70000.0], [96154.0, 490.0], [96151.0, 10990.0], [96150.5, 38000.0], [96150.0, 13230.0], [96147.5, 11600.0], [96144.5, 130510.0], [96143.5, 13230.0], [96141.0, 9230.0], [96140.5, 38000.0], [96135.5, 20640.0], [96135.0, 15440.0], [96132.0, 61550.0], [96131.0, 25980.0]], "asks": [[96177.0, 59070.0], [96180.5, 29330.0], [96185.5, 10990.0], [96186.0, 12100.0], [96190.0, 38000.0], [96191.0, 10990.0], [96198.5, 20990.0], [96199.0, 61790.0], [96199.5, 9230.0], [96200.0, 38000.0], [96202.5, 13310.0], [96204.0, 19660.0], [96210.5, 200.0], [96212.0, 13230.0], [96212.5, 26000.0], [96213.0, 6540.0], [96215.0, 38000.0], [96220.0, 20.0], [96221.0, 100.0], [96221.5, 13250.0]]}}}
{"jsonrpc": "2.0", "method": "subscription", "params": {"channel": "book.BTC-PERPETUAL.none.20.100ms", "data": {"timestamp": 1763134014942, "change_id": 126984074409, "instrument_name": "BTC-PERPETUAL", "bids": [[96176.5, 96450.0], [96161.5, 38000.0], [96161.0, 74980.0], [96157.5, 14930.0], [96156.5, 2990.0], [96154.0, 19060.0], [96151.0, 10990.0], [96150.5, 38000.0], [96150.0, 18750.0], [96143.5, 13230.0], [96141.5, 10990.0], [96141.0, 9230.0], [96140.5, 38000.0], [96139.0, 3950.0], [96138.0, 45000.0], [96137.5, 25000.0], [96135.5, 13430.0], [96135.0, 27620.0], [96131.0, 38080.0], [96130.5, 38000.0]], "asks": [[96177.0, 44960.0], [96184.5, 3280.0], [96185.0, 10990.0], [96185.5, 16880.0], [96187.5, 23200.0], [96190.0, 38000.0], [96190.5, 16290.0], [96193.0, 45000.0], [96198.5, 56750.0], [96199.0, 72580.0], [96199.5, 9230.0], [96200.0, 38000.0], [96202.5, 13310.0], [96203.5, 12100.0], [96204.0, 19660.0], [96208.5, 25000.0], [96212.0, 34290.0], [96212.5, 26000.0], [96215.0, 38000.0], [96220.0, 6080.0]]}}}
{"jsonrpc": "2.0", "method": "subscription", "params": {"channel": "book.BTC-PERPETUAL.none.20.100ms", "data": {"timestamp": 1763134015232, "change_id": 126984075188, "instrument_name": "BTC-PERPETUAL", "bids": [[96176.5, 50000.0], [96154.5, 49980.0], [96150.5, 38000.0], [96150.0, 13230.0], [96147.0, 3280.0], [96146.5, 10990.0], [96144.0, 490.0], [96143.5, 13230.0], [96142.0, 17380.0], [96140.5, 38000.0], [96139.0, 13720.0], [96137.5, 25000.0], [96136.0, 20220.0], [96135.5, 13430.0], [96131.0, 12100.0], [96130.5, 38000.0], [96130.0, 13250.0], [96126.0, 4560.0], [96125.5, 15290.0], [96124.5, 13250.0]], "asks": [[96177.0, 102470.0], [96187.0, 81810.0], [96187.5, 23200.0], [96190.0, 38000.0], [96190.5, 13430.0], [96192.5, 20990.0], [96193.0, 45000.0], [96198.5, 14100.0], [96200.0, 38000.0], [96202.5, 13310.0], [96203.5, 38100.0], [96204.0, 19660.0], [96208.5, 25000.0], [96212.0, 13230.0], [96215.0, 38000.0], [96220.0, 6080.0], [96221.0, 100.0], [96221.5, 13250.0], [96223.0, 2250.0], [96224.5, 5000.0]]}}}
{"jsonrpc": "2.0", "method": "subscription", "params": {"channel": "book.BTC-PERPETUAL.none.20.100ms", "data": {"timestamp": 1763134015727, "change_id": 126984077475, "instrument_name": "BTC-PERPETUAL", "bids": [[96176.5, 21270.0], [96164.5, 25000.0], [96158.5, 22380.0], [96158.0, 49980.0], [96155.0, 15440.0], [96151.5, 490.0], [96151.0, 38000.0], [96150.0, 13230.0], [96144.5, 18570.0], [96144.0, 10990.0], [96143.5, 13230.0], [96142.0, 55990.0], [96140.5, 38000.0], [96139.5, 9230.0], [96139.0, 13720.0], [96137.5, 25000.0], [96135.5, 13430.0], [96132.5, 87530.0], [96132.0, 24950.0], [96131.0, 12100.0]], "asks": [[96177.0, 44780.0], [96182.5, 10990.0], [96183.0, 29850.0], [96183.5, 100000.0], [96185.0, 10990.0], [96185.5, 21020.0], [96187.5, 23200.0], [96190.0, 38000.0], [96190.5, 33440.0], [96192.5, 70820.0], [96193.0, 45000.0], [96196.5, 5000.0], [96197.5, 16160.0], [96198.0, 20990.0], [96200.0, 38000.0], [96202.0, 26000.0], [96202.5, 13310.0], [96203.5, 12100.0], [96204.0, 19660.0], [96208.5, 25000.0]]}}}
{"jsonrpc": "2.0", "method": "subscription", "params": {"channel": "book.BTC-PERPETUAL.none.20.100ms", "data": {"timestamp": 1763134016083, "change_id": 126984078525, "instrument_name": "BTC-PERPETUAL", "bids": [[96176.5, 21270.0], [96155.5, 49980.0], [96152.0, 15290.0], [96151.0, 38000.0], [96150.0, 13230.0], [96149.0, 3130.0], [96148.5, 10000.0], [96144.5, 18570.0], [96143.5, 13230.0], [96142.5, 25490.0], [96141.0, 10990.0], [96140.5, 38000.0], [96139.0, 6780.0], [96135.5, 13430.0], [96134.0, 10990.0], [96130.5, 38000.0], [96130.0, 13250.0], [96125.5, 45000.0], [96125.0, 12100.0], [96124.5, 13250.0]], "asks": [[96177.0, 82450.0], [96181.5, 26500.0], [96182.0, 10990.0], [96182.5, 95050.0], [96183.5, 100000.0], [96184.5, 70820.0], [96185.5, 21020.0], [96187.0, 20990.0], [96190.0, 38000.0], [96190.5, 25440.0], [96193.0, 45000.0], [96195.5, 25000.0], [96197.0, 19100.0], [96197.5, 26000.0], [96200.0, 38000.0], [96202.5, 13310.0], [96204.0, 19660.0], [96209.5, 5000.0], [96212.0, 13230.0], [96215.0, 38000.0]]}}}
{"jsonrpc": "2.0", "method": "subscription", "params": {"channel": "book.BTC-PERPETUAL.none.20.100ms", "data": {"timestamp": 1763134016682, "change_id": 126984080982, "instrument_name": "BTC-PERPETUAL", "bids": [[96155.5, 87430.0], [96148.5, 49980.0], [96143.5, 18950.0], [96141.5, 25000.0], [96140.5, 38490.0], [96140.0, 3950.0], [96139.0, 4010.0], [96135.5, 13230.0], [96134.5, 18580.0], [96131.5, 10990.0], [96130.5, 48990.0], [96130.0, 13250.0], [96126.0, 54230.0], [96125.0, 200.0], [96124.5, 13250.0], [96120.5, 38000.0], [96120.0, 34780.0], [96119.0, 3960.0], [96118.5, 13250.0], [96117.0, 87530.0]], "asks": [[96156.0, 17650.0], [96162.0, 490.0], [96162.5, 11340.0], [96163.0, 38000.0], [96167.0, 11190.0], [96167.5, 18640.0], [96168.0, 45000.0], [96170.0, 23200.0], [96174.5, 3280.0], [96175.0, 10990.0], [96175.5, 34290.0], [96176.0, 99590.0], [96176.5, 26500.0], [96177.0, 27700.0], [96180.5, 9230.0], [96181.5, 39720.0], [96183.0, 19650.0], [96184.0, 20990.0], [96185.5, 21020.0], [96187.5, 25000.0]]}}}
{"jsonrpc": "2.0", "method": "subscription", "params": {"channel": "book.BTC-PERPETUAL.none.20.100ms", "data": {"timestamp": 1763134017007, "change_id": 126984082130, "instrument_name": "BTC-PERPETUAL", "bids": [[96155.5, 100830.0], [96144.5, 47230.0], [96143.5, 11600.0], [96142.5, 75000.0], [96140.5, 38000.0], [96140.0, 9650.0], [96136.0, 10990.0], [96135.5, 13230.0], [96134.5, 18580.0], [96131.0, 10990.0], [96130.5, 38000.0], [96130.0, 13250.0], [96125.0, 9230.0], [96124.5, 13250.0], [96120.5, 38000.0], [96120.0, 34780.0], [96119.0, 3960.0], [96118.5, 13250.0], [96115.5, 12100.0], [96110.0, 25980.0]], "asks": [[96156.0, 63230.0], [96164.5, 11340.0], [96165.0, 38000.0], [96167.5, 18640.0], [96168.0, 45000.0], [96169.5, 11480.0], [96170.0, 23200.0], [96175.5, 47620.0], [96176.0, 58220.0], [96176.5, 26500.0], [96177.0, 27900.0], [96180.0, 61590.0], [96180.5, 38710.0], [96181.5, 39720.0], [96183.0, 19650.0], [96185.5, 21020.0], [96186.0, 25000.0], [96190.0, 38000.0], [96190.5, 6050.0], [96191.0, 41720.0]]}}}
{"jsonrpc": "2.0", "method": "subscription", "params": {"channel": "book.BTC-PERPETUAL.none.20.100ms", "data": {"timestamp": 1763134017353, "change_id": 126984084164, "instrument_name": "BTC-PERPETUAL", "bids": [[96136.5, 10490.0], [96125.0, 49980.0], [96124.0, 25000.0], [96121.5, 11600.0], [96120.0, 34780.0], [96119.5, 3960.0], [96118.5, 13250.0], [96111.0, 20770.0], [96110.5, 70780.0], [96110.0, 10990.0], [96109.5, 13250.0], [96108.0, 54660.0], [96107.5, 38000.0], [96107.0, 120130.0], [96106.5, 25000.0], [96105.0, 45000.0], [96103.0, 3960.0], [96100.5, 13250.0], [96093.5, 15300.0], [96093.0, 38000.0]], "asks": [[96137.0, 136340.0], [96146.0, 11340.0], [96146.5, 38000.0], [96155.0, 43030.0], [96155.5, 80000.0], [96156.0, 37690.0], [96160.0, 25000.0], [96162.0, 19200.0], [96162.5, 13220.0], [96164.0, 20130.0], [96165.0, 58720.0], [96167.0, 10990.0], [96167.5, 26000.0], [96169.0, 9230.0], [96170.0, 23200.0], [96170.5, 7100.0], [96171.0, 12100.0], [96172.0, 13220.0], [96175.5, 28230.0], [96176.0, 38000.0]]}}}
{"jsonrpc": "2.0", "method": "subscription", "params": {"channel": "book.BTC-PERPETUAL.none.20.100ms", "data": {"timestamp": 1763134017653, "change_id": 126984085936, "instrument_name": "BTC-PERPETUAL", "bids": [[96131.5, 104970.0], [96128.0, 2990.0], [96124.0, 25190.0], [96121.5, 11600.0], [96120.5, 38000.0], [96120.0, 34780.0], [96119.5, 3960.0], [96119.0, 490.0], [96118.5, 13250.0], [96112.0, 6560.0], [96111.5, 10990.0], [96111.0, 9230.0], [96110.0, 10990.0], [96109.5, 13250.0], [96108.0, 18810.0], [96107.5, 38000.0], [96106.5, 25000.0], [96101.5, 200.0], [96100.5, 13250.0], [96099.5, 1260.0]], "asks": [[96132.0, 61550.0], [96136.5, 80000.0], [96137.0, 26500.0], [96145.5, 490.0], [96146.0, 23330.0], [96146.5, 38000.0], [96148.5, 10990.0], [96149.0, 45000.0], [96151.0, 200.0], [96154.0, 6930.0], [96154.5, 23200.0], [96155.0, 31280.0], [96156.0, 37690.0], [96157.5, 13220.0], [96159.0, 19640.0], [96159.5, 9230.0], [96160.0, 25000.0], [96161.0, 39940.0], [96161.5, 61590.0], [96162.5, 13220.0]]}}}
{"jsonrpc": "2.0", "method": "subscription", "params": {"channel": "book.BTC-PERPETUAL.none.20.100ms", "data": {"timestamp": 1763134018019, "change_id": 126984088174, "instrument_name": "BTC-PERPETUAL", "bids": [[96131.5, 104540.0], [96124.5, 49980.0], [96124.0, 25190.0], [96122.0, 490.0], [96120.5, 38000.0], [96120.0, 34780.0], [96119.5, 24930.0], [96118.5, 38250.0], [96115.5, 50000.0], [96114.0, 32590.0], [96112.0, 45000.0], [96111.5, 10990.0], [96109.5, 13250.0], [96108.5, 10990.0], [96108.0, 18810.0], [96107.5, 38000.0], [96105.5, 9230.0], [96105.0, 4010.0], [96101.5, 200.0], [96100.5, 13250.0]], "asks": [[96132.0, 88070.0], [96144.0, 10210.0], [96144.5, 23200.0], [96145.0, 10990.0], [96145.5, 490.0], [96146.0, 23330.0], [96146.5, 38000.0], [96148.5, 10990.0], [96149.0, 45000.0], [96151.0, 200.0], [96154.0, 7460.0], [96155.0, 31280.0], [96156.0, 180.0], [96157.0, 25000.0], [96157.5, 13220.0], [96158.5, 61590.0], [96159.0, 19640.0], [96161.0, 21550.0], [96162.5, 13220.0], [96164.5, 20990.0]]}}}
{"jsonrpc": "2.0", "method": "subscription", "params": {"channel": "book.BTC-PERPETUAL.none.20.100ms", "data": {"timestamp": 1763134018328, "change_id": 126984089313, "instrument_name": "BTC-PERPETUAL", "bids": [[96131.5, 98040.0], [96125.0, 44250.0], [96124.5, 49980.0], [96123.0, 25000.0], [96121.0, 490.0], [96120.5, 38000.0], [96120.0, 34780.0], [96119.5, 3960.0], [96118.5, 13250.0], [96115.0, 17790.0], [96113.5, 10990.0], [96113.0, 50000.0], [96110.5, 10990.0], [96110.0, 27810.0], [96109.5, 13250.0], [96107.5, 38000.0], [96105.0, 16930.0], [96102.5, 45000.0], [96101.5, 200.0], [96100.5, 13250.0]], "asks": [[96132.0, 54970.0], [96143.5, 490.0], [96144.0, 10210.0], [96144.5, 23200.0], [96146.0, 34320.0], [96146.5, 38000.0], [96149.0, 45000.0], [96151.0, 200.0], [96153.5, 3280.0], [96155.0, 35900.0], [96155.5, 25000.0], [96156.0, 180.0], [96157.5, 13220.0], [96158.5, 61590.0], [96159.0, 19640.0], [96160.0, 30780.0], [96162.5, 13220.0], [96164.5, 20990.0], [96165.0, 38000.0], [96167.5, 7760.0]]}}}
{"jsonrpc": "2.0", "method": "subscription", "params": {"channel": "book.BTC-PERPETUAL.none.20.100ms", "data": {"timestamp": 1763134018685, "change_id": 126984090338, "instrument_name": "BTC-PERPETUAL", "bids": [[96131.5, 78150.0], [96131.0, 49980.0], [96130.5, 10000.0], [96124.5, 17990.0], [96123.0, 25000.0], [96120.5, 490.0], [96120.0, 34780.0], [96119.5, 28270.0], [96118.5, 13250.0], [96117.5, 88000.0], [96111.0, 10990.0], [96110.5, 24420.0], [96110.0, 63580.0], [96109.5, 13250.0], [96107.5, 38000.0], [96105.5, 9230.0], [96105.0, 2990.0], [96101.5, 200.0], [96100.5, 13250.0], [96099.5, 26250.0]], "asks": [[96132.0, 54970.0], [96144.0, 7420.0], [96144.5, 23200.0], [96145.5, 10990.0], [96146.0, 23330.0], [96146.5, 38000.0], [96147.5, 10990.0], [96149.0, 45000.0], [96151.0, 200.0], [96153.0, 7870.0], [96155.0, 57890.0], [96156.0, 12280.0], [96157.5, 13220.0], [96158.5, 70820.0], [96159.0, 19640.0], [96160.0, 15290.0], [96162.5, 13220.0], [96164.5, 20990.0], [96165.0, 38000.0], [96168.5, 7760.0]]}}}
{"jsonrpc": "2.0", "method": "subscription", "params": {"channel": "book.BTC-PERPETUAL.none.20.100ms", "data": {"timestamp": 1763134019013, "change_id": 126984091694, "instrument_name": "BTC-PERPETUAL", "bids": [[96131.5, 23150.0], [96130.5, 10000.0], [96125.0, 74980.0], [96120.0, 34780.0], [96119.0, 3960.0], [96118.5, 13250.0], [96111.5, 490.0], [96110.0, 18580.0], [96109.5, 13250.0], [96108.5, 10990.0], [96107.5, 38000.0], [96105.0, 19390.0], [96102.5, 10990.0], [96102.0, 45000.0], [96101.5, 200.0], [96101.0, 9230.0], [96100.5, 13250.0], [96096.0, 10960.0], [96095.5, 25000.0], [96095.0, 4210.0]], "asks": [[96132.0, 111270.0], [96135.0, 19250.0], [96135.5, 26500.0], [96136.5, 38000.0], [96144.0, 490.0], [96145.5, 32070.0], [96146.0, 27530.0], [96146.5, 38000.0], [96149.0, 45000.0], [96151.0, 200.0], [96153.0, 23850.0], [96153.5, 70820.0], [96155.0, 23020.0], [96156.0, 180.0], [96157.0, 45990.0], [96157.5, 13220.0], [96159.0, 19640.0], [96161.5, 23050.0], [96162.0, 26000.0], [96162.5, 13220.0]]}}}
{"jsonrpc": "2.0", "method": "subscription", "params": {"channel": "book.BTC-PERPETUAL.none.20.100ms", "data": {"timestamp": 1763134019358, "change_id": 126984093049, "instrument_name": "BTC-PERPETUAL", "bids": [[96131.5, 49290.0], [96131.0, 10000.0], [96120.5, 49980.0], [96120.0, 34780.0], [96119.5, 490.0], [96118.5, 13250.0], [96114.5, 7460.0], [96113.0, 25000.0], [96110.0, 31130.0], [96109.5, 63250.0], [96108.0, 10990.0], [96107.5, 38000.0], [96105.0, 19390.0], [96102.5, 10990.0], [96102.0, 45000.0], [96101.5, 200.0], [96100.5, 13250.0], [96099.5, 4010.0], [96099.0, 9230.0], [96095.0, 4210.0]], "asks": [[96132.0, 78970.0], [96135.0, 11340.0], [96136.5, 38000.0], [96143.5, 200.0], [96144.5, 10990.0], [96145.0, 490.0], [96145.5, 21080.0], [96146.0, 27530.0], [96146.5, 38000.0], [96149.0, 45000.0], [96152.0, 34870.0], [96152.5, 70820.0], [96154.5, 20990.0], [96155.0, 34860.0], [96156.0, 180.0], [96157.5, 13220.0], [96159.0, 19640.0], [96160.5, 21550.0], [96162.0, 26000.0], [96162.5, 13220.0]]}}}
{"jsonrpc": "2.0", "method": "subscription", "params": {"channel": "book.BTC-PERPETUAL.none.20.100ms", "data": {"timestamp": 1763134019824, "change_id": 126984094670, "instrument_name": "BTC-PERPETUAL", "bids": [[96131.5, 99270.0], [96131.0, 50000.0], [96123.0, 25000.0], [96121.5, 22360.0], [96121.0, 38000.0], [96120.0, 34780.0], [96119.5, 18370.0], [96118.5, 13250.0], [96116.0, 50000.0], [96115.0, 3280.0], [96110.5, 10990.0], [96110.0, 19710.0], [96109.5, 13250.0], [96107.5, 38000.0], [96105.5, 10990.0], [96101.5, 6910.0], [96101.0, 9230.0], [96100.5, 13250.0], [96099.5, 11480.0], [96099.0, 10090.0]], "asks": [[96132.0, 54970.0], [96136.5, 38000.0], [96143.0, 17400.0], [96143.5, 200.0], [96145.0, 22470.0], [96146.0, 27530.0], [96146.5, 38000.0], [96149.0, 45000.0], [96153.5, 61590.0], [96154.0, 5380.0], [96154.5, 19320.0], [96155.0, 12620.0], [96156.0, 180.0], [96157.5, 13220.0], [96159.0, 44640.0], [96160.5, 27360.0], [96162.0, 20990.0], [96162.5, 13220.0], [96164.0, 26000.0], [96165.0, 38000.0]]}}}
{"jsonrpc": "2.0", "method": "subscription", "params": {"channel": "book.BTC-PERPETUAL.none.20.100ms", "data": {"timestamp": 1763134020108, "change_id": 126984095364, "instrument_name": "BTC-PERPETUAL", "bids": [[96131.5, 49290.0], [96131.0, 40000.0], [96123.0, 49980.0], [96122.5, 21870.0], [96121.0, 63000.0], [96120.0, 35270.0], [96119.5, 3960.0], [96118.5, 13250.0], [96115.0, 29360.0], [96110.5, 105990.0], [96110.0, 19710.0], [96109.5, 13250.0], [96107.5, 38000.0], [96102.5, 10990.0], [96102.0, 6770.0], [96101.5, 9430.0], [96100.5, 13250.0], [96099.5, 4270.0], [96099.0, 10090.0], [96095.0, 4210.0]], "asks": [[96132.0, 125470.0], [96136.0, 26500.0], [96136.5, 38000.0], [96142.5, 11480.0], [96143.5, 200.0], [96145.5, 10990.0], [96146.0, 27530.0], [96146.5, 38000.0], [96149.0, 45000.0], [96152.5, 25000.0], [96153.0, 9230.0], [96153.5, 61590.0], [96154.0, 3010.0], [96154.5, 10090.0], [96155.0, 20080.0], [96156.0, 180.0], [96157.5, 13220.0], [96159.0, 19640.0], [96160.0, 20990.0], [96160.5, 15290.0]]}}}
{"jsonrpc": "2.0", "method": "subscription", "params": {"channel": "book.BTC-PERPETUAL.none.20.100ms", "data": {"timestamp": 1763134020477, "change_id": 126984096995, "instrument_name": "BTC-PERPETUAL", "bids": [[96136.0, 6600.0], [96131.5, 1240.0], [96124.5, 10000.0], [96123.5, 17400.0], [96120.0, 34780.0], [96112.0, 49980.0], [96110.0, 28270.0], [96109.5, 63250.0], [96107.5, 48990.0], [96105.0, 17510.0], [96104.0, 25000.0], [96103.5, 490.0], [96101.5, 11190.0], [96100.5, 13250.0], [96099.5, 4270.0], [96095.5, 9230.0], [96095.0, 4210.0], [96094.5, 18910.0], [96093.0, 38000.0], [96091.0, 13250.0]], "asks": [[96136.5, 175920.0], [96141.0, 3430.0], [96145.0, 10990.0], [96145.5, 57910.0], [96146.0, 100000.0], [96146.5, 38000.0], [96148.0, 9230.0], [96149.0, 45000.0], [96150.0, 25000.0], [96152.0, 24210.0], [96152.5, 61590.0], [96154.5, 10290.0], [96155.0, 16130.0], [96156.0, 180.0], [96157.0, 46990.0], [96157.5, 13220.0], [96159.0, 19640.0], [96162.5, 13220.0], [96165.0, 38000.0], [96170.5, 3490.0]]}}}
{"jsonrpc": "2.0", "method": "subscription", "params": {"channel": "book.BTC-PERPETUAL.none.20.100ms", "data": {"timestamp": 1763134020769, "change_id": 126984098879, "instrument_name": "BTC-PERPETUAL", "bids": [[96120.5, 10090.0], [96120.0, 34780.0], [96101.5, 20000.0], [96100.5, 13250.0], [96095.5, 16180.0], [96095.0, 84410.0], [96094.5, 50000.0], [96093.0, 38000.0], [96091.0, 13250.0], [96088.0, 3430.0], [96087.5, 10990.0], [96085.5, 490.0], [96085.0, 26440.0], [96084.5, 45000.0], [96081.5, 23340.0], [96078.5, 38000.0], [96077.5, 200.0], [96074.0, 20220.0], [96073.0, 3960.0], [96072.5, 38260.0]], "asks": [[96121.0, 205180.0], [96126.0, 38000.0], [96130.0, 110090.0], [96132.0, 119300.0], [96133.0, 45000.0], [96135.5, 26500.0], [96136.5, 36250.0], [96142.0, 26000.0], [96145.5, 11340.0], [96146.5, 51210.0], [96148.0, 44630.0], [96157.5, 13220.0], [96159.0, 6500.0], [96162.5, 13220.0], [96165.0, 38000.0], [96170.5, 3490.0], [96172.0, 13220.0], [96175.0, 120.0], [96175.5, 48570.0], [96176.5, 5000.0]]}}}
{"jsonrpc": "2.0", "method": "subscription", "params": {"channel": "book.BTC-PERPETUAL.none.20.100ms", "data": {"timestamp": 1763134021138, "change_id": 126984100763, "instrument_name": "BTC-PERPETUAL", "bids": [[96150.0, 54840.0], [96145.5, 48240.0], [96139.0, 44950.0], [96134.5, 6600.0], [96134.0, 36500.0], [96131.0, 38000.0], [96129.5, 30000.0], [96129.0, 6900.0], [96125.0, 22810.0], [96122.0, 25000.0], [96120.5, 89770.0], [96120.0, 77450.0], [96117.0, 20000.0], [96116.5, 10090.0], [96116.0, 38000.0], [96109.0, 13200.0], [96108.0, 200.0], [96106.5, 11340.0], [96106.0, 38000.0], [96102.5, 21840.0]], "asks": [[96150.5, 2300.0], [96151.0, 38000.0], [96151.5, 45500.0], [96152.0, 58200.0], [96154.5, 100000.0], [96155.0, 69230.0], [96157.0, 10990.0], [96160.5, 13330.0], [96165.0, 38000.0], [96165.5, 25230.0], [96166.0, 13200.0], [96167.5, 13110.0], [96170.0, 9230.0], [96173.0, 180.0], [96174.5, 28280.0], [96175.0, 99590.0], [96175.5, 61770.0], [96176.5, 5000.0], [96177.0, 1000.0], [96178.0, 122690.0]]}}}
{"jsonrpc": "2.0", "method": "subscription", "params": {"channel": "book.BTC-PERPETUAL.none.20.100ms", "data": {"timestamp": 1763134021484, "change_id": 126984102637, "instrument_name": "BTC-PERPETUAL", "bids": [[96156.0, 61740.0], [96152.5, 30000.0], [96150.5, 1590.0], [96150.0, 25000.0], [96149.5, 49980.0], [96141.5, 17400.0], [96141.0, 10000.0], [96138.5, 20000.0], [96134.0, 26500.0], [96133.0, 50000.0], [96131.5, 10990.0], [96131.0, 51200.0], [96129.5, 45000.0], [96128.0, 200.0], [96125.0, 32040.0], [96122.0, 61550.0], [96120.5, 39790.0], [96120.0, 90570.0], [96116.5, 10090.0], [96116.0, 38000.0]], "asks": [[96156.5, 25690.0], [96164.5, 22330.0], [96165.0, 76980.0], [96165.5, 100000.0], [96169.0, 45000.0], [96174.5, 11340.0], [96175.0, 38000.0], [96175.5, 52070.0], [96177.0, 1000.0], [96177.5, 6520.0], [96178.0, 122690.0], [96179.5, 9230.0], [96180.0, 28330.0], [96181.5, 13220.0], [96183.5, 13100.0], [96185.5, 12310.0], [96186.0, 82580.0], [96186.5, 5000.0], [96188.5, 120.0], [96189.0, 15040.0]]}}}
{"jsonrpc": "2.0", "method": "subscription", "params": {"channel": "book.BTC-PERPETUAL.none.20.100ms", "data": {"timestamp": 1763134021826, "change_id": 126984105459, "instrument_name": "BTC-PERPETUAL", "bids": [[96173.0, 44950.0], [96164.5, 1590.0], [96157.5, 10000.0], [96156.0, 50000.0], [96153.0, 17400.0], [96152.0, 38000.0], [96150.5, 1590.0], [96150.0, 25000.0], [96149.5, 49980.0], [96149.0, 20000.0], [96148.0, 13200.0], [96147.0, 50000.0], [96145.0, 10000.0], [96142.0, 490.0], [96141.5, 10990.0], [96141.0, 38000.0], [96139.5, 13400.0], [96136.0, 10090.0], [96135.5, 65220.0], [96134.0, 26500.0]], "asks": [[96173.5, 123710.0], [96174.5, 28110.0], [96175.0, 38000.0], [96176.5, 10990.0], [96177.0, 1000.0], [96178.5, 45000.0], [96180.0, 39620.0], [96182.5, 100000.0], [96185.0, 38000.0], [96187.0, 23550.0], [96187.5, 10090.0], [96188.5, 120.0], [96189.5, 70820.0], [96190.0, 21930.0], [96190.5, 20990.0], [96191.0, 13220.0], [96192.0, 19620.0], [96193.5, 26000.0], [96200.0, 12990.0], [96201.0, 100.0]]}}}
{"jsonrpc": "2.0", "method": "subscription", "params": {"channel": "book.BTC-PERPETUAL.none.20.100ms", "data": {"timestamp": 1763134022160, "change_id": 126984107603, "instrument_name": "BTC-PERPETUAL", "bids": [[96173.0, 81550.0], [96165.0, 490.0], [96164.5, 1590.0], [96164.0, 38000.0], [96157.0, 20130.0], [96156.5, 69990.0], [96153.5, 24470.0], [96153.0, 17400.0], [96152.5, 10990.0], [96152.0, 38000.0], [96150.5, 1590.0], [96150.0, 25000.0], [96148.0, 13200.0], [96147.5, 79460.0], [96147.0, 50000.0], [96145.5, 10000.0], [96142.5, 10990.0], [96142.0, 14620.0], [96141.0, 38000.0], [96140.0, 4000.0]], "asks": [[96177.0, 1000.0], [96182.0, 41190.0], [96186.0, 12980.0], [96187.0, 23170.0], [96189.0, 490.0], [96192.0, 6600.0], [96195.0, 17850.0], [96199.0, 38000.0], [96200.0, 19250.0], [96202.0, 10090.0], [96202.5, 13310.0], [96203.5, 27250.0], [96205.0, 19690.0], [96205.5, 5000.0], [96210.0, 61590.0], [96210.5, 43160.0], [96212.0, 13230.0], [96213.5, 38000.0], [96216.5, 10770.0], [96217.0, 21110.0]]}}}
{"jsonrpc": "2.0", "method": "subscription", "params": {"channel": "book.BTC-PERPETUAL.none.20.100ms", "data": {"timestamp": 1763134022474, "change_id": 126984109208, "instrument_name": "BTC-PERPETUAL", "bids": [[96176.5, 127010.0], [96174.5, 20300.0], [96174.0, 38000.0], [96173.0, 30000.0], [96165.5, 6140.0], [96165.0, 21980.0], [96164.5, 12930.0], [96164.0, 38000.0], [96161.0, 45200.0], [96153.0, 17400.0], [96152.5, 9230.0], [96152.0, 38000.0], [96150.0, 25000.0], [96149.0, 13790.0], [96148.0, 34560.0], [96147.5, 25980.0], [96146.0, 10000.0], [96143.0, 29720.0], [96142.5, 61550.0], [96141.0, 38000.0]], "asks": [[96177.0, 1000.0], [96192.0, 10000.0], [96195.0, 10390.0], [96199.0, 38000.0], [96202.0, 10990.0], [96202.5, 80.0], [96203.5, 25000.0], [96209.5, 490.0], [96210.5, 11340.0], [96212.0, 6500.0], [96213.5, 38000.0], [96215.5, 45200.0], [96216.5, 43210.0], [96217.0, 87590.0], [96220.0, 3980.0], [96221.5, 13250.0], [96225.0, 151070.0], [96226.5, 100.0], [96227.0, 3960.0], [96229.0, 13250.0]]}}}
{"jsonrpc": "2.0", "method": "subscription", "params": {"channel": "book.BTC-PERPETUAL.none.20.100ms", "data": {"timestamp": 1763134022842, "change_id": 126984110840, "instrument_name": "BTC-PERPETUAL", "bids": [[96194.5, 91340.0], [96191.5, 26500.0], [96187.0, 15850.0], [96186.5, 53100.0], [96177.0, 22610.0], [96176.5, 53650.0], [96175.0, 10990.0], [96174.5, 26610.0], [96174.0, 38000.0], [96173.5, 10990.0], [96170.5, 45000.0], [96166.5, 5960.0], [96166.0, 200.0], [96165.0, 10000.0], [96164.5, 15280.0], [96164.0, 38000.0], [96160.0, 13190.0], [96159.5, 21130.0], [96159.0, 61550.0], [96157.5, 9230.0]], "asks": [[96195.0, 12690.0], [96198.5, 11340.0], [96199.0, 38000.0], [96202.5, 570.0], [96203.5, 25000.0], [96208.0, 45000.0], [96209.5, 10990.0], [96210.0, 30160.0], [96212.0, 6500.0], [96213.5, 38000.0], [96215.0, 4820.0], [96215.5, 200.0], [96219.5, 120.0], [96220.0, 16250.0], [96221.0, 9230.0], [96221.5, 13250.0], [96222.0, 6520.0], [96224.0, 20990.0], [96224.5, 38000.0], [96225.0, 5100.0]]}}}
{"jsonrpc": "2.0", "method": "subscription", "params": {"channel": "book.BTC-PERPETUAL.none.20.100ms", "data": {"timestamp": 1763134023174, "change_id": 126984112747, "instrument_name": "BTC-PERPETUAL", "bids": [[96203.0, 48240.0], [96202.0, 72730.0], [96199.5, 11950.0], [96199.0, 38000.0], [96198.5, 24310.0], [96198.0, 10000.0], [96195.0, 16870.0], [96194.5, 33540.0], [96189.5, 11340.0], [96189.0, 38000.0], [96186.0, 45000.0], [96183.5, 14930.0], [96183.0, 50000.0], [96182.5, 10990.0], [96182.0, 7910.0], [96180.5, 35090.0], [96177.5, 10990.0], [96177.0, 38350.0], [96176.5, 54030.0], [96175.0, 9230.0]], "asks": [[96203.5, 10000.0], [96207.5, 490.0], [96213.0, 9840.0], [96219.5, 10990.0], [96220.0, 20.0], [96224.0, 11340.0], [96224.5, 38000.0], [96225.5, 45000.0], [96230.5, 13090.0], [96231.0, 19190.0], [96231.5, 13190.0], [96233.0, 13110.0], [96235.0, 73530.0], [96238.0, 13250.0], [96240.5, 40120.0], [96241.0, 61690.0], [96242.5, 390.0], [96243.0, 18230.0], [96245.5, 100.0], [96246.0, 64010.0]]}}}
{"jsonrpc": "2.0", "method": "subscription", "params": {"channel": "book.BTC-PERPETUAL.none.20.100ms", "data": {"timestamp": 1763134023713, "change_id": 126984115956, "instrument_name": "BTC-PERPETUAL", "bids": [[96203.0, 4880.0], [96194.5, 7040.0], [96190.5, 10000.0], [96183.0, 18380.0], [96180.5, 35090.0], [96178.0, 25300.0], [96177.5, 57670.0], [96177.0, 13190.0], [96176.5, 1590.0], [96175.0, 20000.0], [96174.0, 38000.0], [96170.5, 10990.0], [96170.0, 3940.0], [96169.5, 13190.0], [96165.0, 490.0], [96164.5, 30040.0], [96164.0, 38000.0], [96163.0, 45000.0], [96160.5, 10990.0], [96160.0, 13190.0]], "asks": [[96203.5, 199190.0], [96207.0, 18900.0], [96207.5, 26500.0], [96212.0, 12510.0], [96214.0, 11340.0], [96214.5, 38000.0], [96215.0, 45830.0], [96215.5, 45000.0], [96218.5, 20990.0], [96219.0, 61590.0], [96219.5, 26500.0], [96220.0, 17670.0], [96223.5, 26000.0], [96224.5, 38000.0], [96226.0, 4000.0], [96229.0, 13190.0], [96230.0, 17200.0], [96230.5, 19610.0], [96235.0, 38000.0], [96236.5, 8930.0]]}}}
{"jsonrpc": "2.0", "method": "subscription", "params": {"channel": "book.BTC-PERPETUAL.none.20.100ms", "data": {"timestamp": 1763134024046, "change_id": 126984116921, "instrument_name": "BTC-PERPETUAL", "bids": [[96203.0, 6470.0], [96194.5, 7040.0], [96190.5, 10000.0], [96188.5, 20000.0], [96184.5, 77910.0], [96184.0, 38000.0], [96183.0, 18380.0], [96180.5, 35090.0], [96178.0, 490.0], [96177.5, 3940.0], [96177.0, 13190.0], [96174.0, 38000.0], [96170.5, 10990.0], [96170.0, 17240.0], [96169.5, 13190.0], [96167.0, 200.0], [96165.0, 9230.0], [96164.5, 30040.0], [96164.0, 38000.0], [96160.0, 13190.0]], "asks": [[96203.5, 168200.0], [96206.5, 37490.0], [96211.0, 17900.0], [96211.5, 10990.0], [96214.5, 38000.0], [96215.0, 21350.0], [96215.5, 45000.0], [96219.0, 9230.0], [96219.5, 26500.0], [96220.0, 16180.0], [96222.5, 20990.0], [96224.5, 38000.0], [96225.5, 61590.0], [96229.0, 13190.0], [96230.0, 43200.0], [96230.5, 19610.0], [96235.0, 38000.0], [96236.5, 8930.0], [96237.5, 120.0], [96238.0, 13190.0]]}}}
{"jsonrpc": "2.0", "method": "subscription", "params": {"channel": "book.BTC-PERPETUAL.none.20.100ms", "data": {"timestamp": 1763134024383, "change_id": 126984118377, "instrument_name": "BTC-PERPETUAL", "bids": [[96203.0, 168920.0], [96200.5, 30000.0], [96195.0, 49980.0], [96191.0, 10000.0], [96189.5, 20910.0], [96189.0, 490.0], [96185.5, 55990.0], [96184.5, 22090.0], [96184.0, 38000.0], [96182.5, 25000.0], [96181.0, 10990.0], [96178.5, 6750.0], [96178.0, 9230.0], [96177.0, 13190.0], [96175.0, 27790.0], [96174.0, 38000.0], [96171.0, 61550.0], [96170.0, 11250.0], [96169.5, 13190.0], [96165.5, 25980.0]], "asks": [[96203.5, 92950.0], [96210.0, 490.0], [96214.0, 28740.0], [96214.5, 38000.0], [96215.0, 21350.0], [96215.5, 45000.0], [96219.0, 10990.0], [96219.5, 37490.0], [96220.0, 11360.0], [96224.5, 38000.0], [96225.5, 200.0], [96228.5, 6690.0], [96229.0, 13190.0], [96230.0, 42610.0], [96230.5, 19610.0], [96234.0, 61590.0], [96235.0, 38000.0], [96235.5, 10200.0], [96236.0, 20990.0], [96238.0, 13190.0]]}}}
{"jsonrpc": "2.0", "method": "subscription", "params": {"channel": "book.BTC-PERPETUAL.none.20.100ms", "data": {"timestamp": 1763134024723, "change_id": 126984119860, "instrument_name": "BTC-PERPETUAL", "bids": [[96217.5, 87940.0], [96208.0, 26500.0], [96203.5, 56500.0], [96203.0, 57480.0], [96202.5, 10000.0], [96201.0, 10990.0], [96194.0, 38000.0], [96192.0, 490.0], [96189.5, 15020.0], [96186.0, 9230.0], [96185.5, 45000.0], [96185.0, 10990.0], [96184.5, 22090.0], [96184.0, 38000.0], [96182.5, 25000.0], [96179.5, 7220.0], [96179.0, 25980.0], [96177.0, 13190.0], [96175.0, 15090.0], [96174.0, 38000.0]], "asks": [[96218.0, 490.0], [96218.5, 10990.0], [96220.0, 20.0], [96221.0, 100000.0], [96224.0, 11340.0], [96225.5, 200.0], [96229.5, 38000.0], [96230.0, 17200.0], [96230.5, 6510.0], [96232.0, 45000.0], [96235.0, 6600.0], [96235.5, 10990.0], [96238.0, 3940.0], [96238.5, 13200.0], [96240.5, 24990.0], [96241.0, 6540.0], [96242.5, 390.0], [96243.5, 9230.0], [96244.5, 25000.0], [96245.5, 38000.0]]}}}
{"jsonrpc": "2.0", "method": "subscription", "params": {"channel": "book.BTC-PERPETUAL.none.20.100ms", "data": {"timestamp": 1763134025019, "change_id": 126984121915, "instrument_name": "BTC-PERPETUAL", "bids": [[96234.0, 71440.0], [96225.0, 6600.0], [96219.5, 100470.0], [96214.0, 38000.0], [96209.5, 9230.0], [96209.0, 13220.0], [96206.0, 10090.0], [96204.0, 48990.0], [96203.5, 26500.0], [96203.0, 98470.0], [96201.5, 61550.0], [96201.0, 25980.0], [96199.5, 13220.0], [96194.0, 38000.0], [96191.5, 200.0], [96190.0, 13200.0], [96184.5, 22090.0], [96184.0, 38000.0], [96183.0, 13200.0], [96182.5, 25000.0]], "asks": [[96234.5, 2300.0], [96239.5, 500.0], [96242.5, 390.0], [96243.0, 100000.0], [96244.5, 25000.0], [96245.0, 10990.0], [96245.5, 38000.0], [96246.0, 10.0], [96246.5, 120.0], [96247.0, 157700.0], [96247.5, 500000.0], [96249.5, 200.0], [96250.0, 24180.0], [96251.0, 42150.0], [96252.5, 45180.0], [96257.0, 15790.0], [96259.5, 6540.0], [96260.0, 51220.0], [96261.5, 11240.0], [96262.0, 6610.0]]}}}
{"jsonrpc": "2.0", "method": "subscription", "params": {"channel": "book.BTC-PERPETUAL.none.20.100ms", "data": {"timestamp": 1763134025388, "change_id": 126984124549, "instrument_name": "BTC-PERPETUAL", "bids": [[96242.0, 143010.0], [96241.5, 12760.0], [96241.0, 30000.0], [96239.0, 26500.0], [96227.5, 24780.0], [96227.0, 70000.0], [96226.5, 38000.0], [96220.5, 3480.0], [96219.5, 490.0], [96217.5, 18370.0], [96217.0, 13220.0], [96215.0, 32470.0], [96214.5, 70780.0], [96214.0, 38000.0], [96210.0, 32970.0], [96209.5, 10000.0], [96209.0, 13220.0], [96205.0, 22830.0], [96204.0, 38000.0], [96203.0, 36880.0]], "asks": [[96242.5, 390.0], [96246.0, 10.0], [96247.5, 500000.0], [96250.5, 12580.0], [96251.0, 42150.0], [96257.0, 11340.0], [96259.5, 500.0], [96260.0, 41280.0], [96263.5, 10990.0], [96267.0, 200.0], [96270.0, 50.0], [96270.5, 6510.0], [96272.0, 10090.0], [96273.0, 14100.0], [96273.5, 38020.0], [96275.0, 10990.0], [96275.5, 32360.0], [96276.0, 13250.0], [96280.0, 71040.0], [96280.5, 100.0]]}}}
{"jsonrpc": "2.0", "method": "subscription", "params": {"channel": "book.BTC-PERPETUAL.none.20.100ms", "data": {"timestamp": 1763134025752, "change_id": 126984127195, "instrument_name": "BTC-PERPETUAL", "bids": [[96266.0, 44950.0], [96261.0, 26600.0], [96247.5, 23440.0], [96247.0, 35220.0], [96246.5, 38000.0], [96245.5, 79980.0], [96243.5, 45000.0], [96242.0, 53670.0], [96241.5, 10990.0], [96239.5, 28480.0], [96239.0, 26500.0], [96237.0, 10990.0], [96236.5, 38000.0], [96233.0, 4010.0], [96232.5, 13220.0], [96230.5, 200.0], [96229.0, 139630.0], [96227.5, 61550.0], [96227.0, 25000.0], [96226.5, 38000.0]], "asks": [[96268.5, 30010.0], [96269.0, 100000.0], [96270.0, 32940.0], [96272.0, 10090.0], [96273.0, 500.0], [96273.5, 38020.0], [96276.5, 3340.0], [96277.5, 4130.0], [96278.5, 3280.0], [96279.0, 10990.0], [96281.0, 8680.0], [96282.5, 6510.0], [96284.0, 10990.0], [96284.5, 70.0], [96285.0, 18770.0], [96288.0, 38000.0], [96288.5, 6540.0], [96289.5, 90.0], [96290.5, 24580.0], [96292.0, 9230.0]]}}}
{"jsonrpc": "2.0", "method": "subscription", "params": {"channel": "book.BTC-PERPETUAL.none.20.100ms", "data": {"timestamp": 1763134026312, "change_id": 126984130234, "instrument_name": "BTC-PERPETUAL", "bids": [[96268.0, 51550.0], [96267.5, 6070.0], [96250.0, 49980.0], [96246.5, 38000.0], [96245.0, 15640.0], [96244.5, 25000.0], [96242.5, 11480.0], [96242.0, 3180.0], [96241.0, 13220.0], [96240.0, 10990.0], [96239.5, 11340.0], [96236.5, 38000.0], [96235.0, 9770.0], [96233.0, 19320.0], [96232.5, 13220.0], [96230.5, 200.0], [96227.5, 40460.0], [96227.0, 71550.0], [96226.5, 38000.0], [96226.0, 45000.0]], "asks": [[96268.5, 105470.0], [96270.0, 11400.0], [96273.5, 38020.0], [96276.0, 33280.0], [96276.5, 100000.0], [96280.0, 10990.0], [96280.5, 10990.0], [96281.0, 14210.0], [96282.0, 45000.0], [96282.5, 6510.0], [96284.5, 70.0], [96286.5, 16080.0], [96288.0, 63000.0], [96288.5, 6540.0], [96289.5, 90.0], [96290.0, 43220.0], [96294.0, 61590.0], [96294.5, 20990.0], [96295.0, 28240.0], [96295.5, 6610.0]]}}}
{"jsonrpc": "2.0", "method": "subscription", "params": {"channel": "book.BTC-PERPETUAL.none.20.100ms", "data": {"timestamp": 1763134026712, "change_id": 126984131853, "instrument_name": "BTC-PERPETUAL", "bids": [[96244.5, 146550.0], [96242.0, 1590.0], [96238.0, 24810.0], [96237.5, 38000.0], [96235.5, 49980.0], [96234.5, 10990.0], [96234.0, 7100.0], [96233.5, 490.0], [96233.0, 10090.0], [96232.5, 13220.0], [96228.0, 19600.0], [96227.0, 45000.0], [96226.5, 38000.0], [96223.5, 9230.0], [96223.0, 13220.0], [96220.0, 38520.0], [96218.5, 200.0], [96218.0, 61550.0], [96217.0, 13220.0], [96215.0, 25980.0]], "asks": [[96245.0, 44940.0], [96251.5, 11340.0], [96252.0, 38000.0], [96257.0, 13920.0], [96257.5, 45000.0], [96268.0, 26500.0], [96268.5, 28590.0], [96270.0, 50.0], [96272.0, 19650.0], [96272.5, 17610.0], [96273.0, 10990.0], [96273.5, 38020.0], [96279.5, 9230.0], [96280.0, 38770.0], [96280.5, 61590.0], [96282.5, 28880.0], [96284.5, 70.0], [96285.0, 20990.0], [96285.5, 28550.0], [96288.0, 63000.0]]}}}
{"jsonrpc": "2.0", "method": "subscription", "params": {"channel": "book.BTC-PERPETUAL.none.20.100ms", "data": {"timestamp": 1763134026921, "change_id": 126984132450, "instrument_name": "BTC-PERPETUAL", "bids": [[96244.5, 214720.0], [96244.0, 10000.0], [96239.0, 24810.0], [96237.5, 38000.0], [96236.0, 490.0], [96234.5, 10990.0], [96234.0, 7100.0], [96233.0, 10090.0], [96232.5, 13220.0], [96228.0, 19600.0], [96227.0, 45000.0], [96226.5, 38000.0], [96223.5, 9230.0], [96223.0, 13220.0], [96220.0, 17860.0], [96218.5, 200.0], [96217.0, 13220.0], [96215.0, 87530.0], [96214.5, 17650.0], [96214.0, 38000.0]], "asks": [[96245.0, 10000.0], [96251.5, 11340.0], [96252.0, 38000.0], [96256.5, 490.0], [96266.0, 45000.0], [96268.0, 26500.0], [96268.5, 28590.0], [96270.0, 50.0], [96272.0, 19650.0], [96272.5, 17610.0], [96273.0, 10990.0], [96273.5, 38020.0], [96279.0, 5410.0], [96279.5, 9230.0], [96280.0, 30560.0], [96282.0, 61590.0], [96284.5, 70.0], [96285.0, 20990.0], [96285.5, 28550.0], [96288.0, 63000.0]]}}}
{"jsonrpc": "2.0", "method": "subscription", "params": {"channel": "book.BTC-PERPETUAL.none.20.100ms", "data": {"timestamp": 1763134027711, "change_id": 126984135926, "instrument_name": "BTC-PERPETUAL", "bids": [[96261.0, 103950.0], [96258.5, 8960.0], [96258.0, 30000.0], [96254.0, 15070.0], [96250.5, 49980.0], [96250.0, 14470.0], [96247.5, 38000.0], [96246.5, 490.0], [96245.0, 10990.0], [96244.5, 1590.0], [96244.0, 5610.0], [96241.5, 25000.0], [96239.5, 11190.0], [96238.0, 11340.0], [96237.5, 38000.0], [96235.5, 9230.0], [96234.5, 20390.0], [96234.0, 45000.0], [96233.0, 10090.0], [96232.5, 13220.0]], "asks": [[96261.5, 25700.0], [96270.0, 50.0], [96272.0, 490.0], [96272.5, 23250.0], [96273.5, 38020.0], [96274.0, 45000.0], [96279.5, 200.0], [96280.0, 6160.0], [96282.5, 10990.0], [96284.5, 70.0], [96285.0, 10990.0], [96285.5, 19260.0], [96288.0, 38000.0], [96288.5, 13110.0], [96289.0, 10090.0], [96289.5, 13300.0], [96290.0, 31810.0], [96290.5, 6530.0], [96294.0, 9230.0], [96295.0, 13250.0]]}}}
{"jsonrpc": "2.0", "method": "subscription", "params": {"channel": "book.BTC-PERPETUAL.none.20.100ms", "data": {"timestamp": 1763134028047, "change_id": 126984136737, "instrument_name": "BTC-PERPETUAL", "bids": [[96261.0, 105540.0], [96257.5, 30000.0], [96254.0, 15070.0], [96250.5, 49980.0], [96250.0, 20380.0], [96247.5, 38000.0], [96245.5, 25000.0], [96245.0, 24230.0], [96243.5, 490.0], [96242.0, 60990.0], [96239.5, 200.0], [96238.5, 10990.0], [96238.0, 11340.0], [96237.5, 38000.0], [96234.5, 29620.0], [96234.0, 45000.0], [96233.0, 10090.0], [96232.5, 13220.0], [96228.0, 29720.0], [96227.5, 61550.0]], "asks": [[96261.5, 69600.0], [96270.0, 50.0], [96272.0, 490.0], [96272.5, 23250.0], [96273.5, 38020.0], [96274.0, 45000.0], [96279.0, 3340.0], [96279.5, 11190.0], [96280.0, 11500.0], [96281.0, 10990.0], [96284.5, 70.0], [96285.0, 28880.0], [96285.5, 27240.0], [96287.0, 25000.0], [96288.0, 38000.0], [96288.5, 13110.0], [96289.0, 10090.0], [96289.5, 13300.0], [96290.0, 20650.0], [96290.5, 6530.0]]}}}
{"jsonrpc": "2.0", "method": "subscription", "params": {"channel": "book.BTC-PERPETUAL.none.20.100ms", "data": {"timestamp": 1763134028371, "change_id": 126984137563, "instrument_name": "BTC-PERPETUAL", "bids": [[96261.0, 105540.0], [96257.5, 30000.0], [96250.5, 49980.0], [96248.5, 33720.0], [96247.5, 38000.0], [96244.5, 10890.0], [96244.0, 25000.0], [96243.0, 10990.0], [96242.5, 490.0], [96240.0, 27730.0], [96239.5, 200.0], [96239.0, 50000.0], [96238.0, 10990.0], [96237.5, 38000.0], [96234.5, 20390.0], [96234.0, 45000.0], [96233.0, 19320.0], [96232.5, 13220.0], [96229.5, 37470.0], [96227.0, 61550.0]], "asks": [[96261.5, 25700.0], [96268.5, 5700.0], [96269.0, 17400.0], [96270.0, 50.0], [96272.5, 23250.0], [96273.5, 38020.0], [96274.0, 45000.0], [96276.0, 3340.0], [96279.5, 200.0], [96283.5, 10990.0], [96284.0, 11080.0], [96284.5, 70.0], [96285.0, 28880.0], [96285.5, 47650.0], [96288.0, 47230.0], [96288.5, 13110.0], [96289.0, 10090.0], [96289.5, 38300.0], [96290.0, 88480.0], [96290.5, 6530.0]]}}}
{"jsonrpc": "2.0", "method": "subscription", "params": {"channel": "book.BTC-PERPETUAL.none.20.100ms", "data": {"timestamp": 1763134028673, "change_id": 126984139294, "instrument_name": "BTC-PERPETUAL", "bids": [[96261.0, 165530.0], [96260.0, 25000.0], [96259.0, 38000.0], [96257.5, 30000.0], [96255.0, 7460.0], [96251.5, 490.0], [96249.5, 17380.0], [96249.0, 10990.0], [96247.5, 38000.0], [96245.0, 10990.0], [96243.5, 61550.0], [96242.5, 13430.0], [96242.0, 45000.0], [96240.0, 27410.0], [96239.5, 9430.0], [96239.0, 50000.0], [96237.5, 38000.0], [96234.5, 30850.0], [96233.5, 25980.0], [96233.0, 10090.0]], "asks": [[96261.5, 20.0], [96270.0, 50.0], [96272.0, 490.0], [96273.5, 20.0], [96276.5, 16540.0], [96277.0, 38000.0], [96284.5, 70.0], [96288.0, 38000.0], [96289.5, 90.0], [96297.5, 15770.0], [96298.0, 38000.0], [96298.5, 9230.0], [96300.0, 5600.0], [96301.5, 7970.0], [96304.0, 120.0], [96305.0, 6530.0], [96308.5, 14930.0], [96310.0, 50000.0], [96313.0, 4630.0], [96314.0, 13250.0]]}}}
{"jsonrpc": "2.0", "method": "subscription", "params": {"channel": "book.BTC-PERPETUAL.none.20.100ms", "data": {"timestamp": 1763134029057, "change_id": 126984140886, "instrument_name": "BTC-PERPETUAL", "bids": [[96261.0, 267030.0], [96260.5, 20300.0], [96259.0, 38000.0], [96258.0, 490.0], [96257.5, 30000.0], [96255.0, 20790.0], [96254.5, 10990.0], [96254.0, 10990.0], [96253.5, 50000.0], [96249.5, 14350.0], [96248.0, 9230.0], [96247.5, 38000.0], [96246.0, 10090.0], [96244.0, 30090.0], [96242.0, 45000.0], [96240.5, 61550.0], [96240.0, 13050.0], [96239.5, 200.0], [96237.5, 38000.0], [96233.0, 25980.0]], "asks": [[96261.5, 20.0], [96270.0, 50.0], [96273.5, 20.0], [96283.5, 13450.0], [96284.0, 45000.0], [96284.5, 70.0], [96285.0, 490.0], [96285.5, 17060.0], [96288.0, 38000.0], [96289.5, 6610.0], [96290.0, 17400.0], [96293.5, 200.0], [96295.5, 10990.0], [96297.0, 10990.0], [96297.5, 13010.0], [96298.0, 51200.0], [96300.0, 600.0], [96300.5, 13130.0], [96302.0, 9230.0], [96302.5, 10090.0]]}}}
{"jsonrpc": "2.0", "method": "subscription", "params": {"channel": "book.BTC-PERPETUAL.none.20.100ms", "data": {"timestamp": 1763134029400, "change_id": 126984142250, "instrument_name": "BTC-PERPETUAL", "bids": [[96261.0, 155540.0], [96257.5, 30000.0], [96254.5, 49980.0], [96252.0, 10000.0], [96250.5, 25000.0], [96250.0, 38440.0], [96249.5, 50000.0], [96248.0, 490.0], [96247.5, 38000.0], [96243.0, 3280.0], [96242.5, 10990.0], [96240.0, 13050.0], [96237.5, 38000.0], [96233.5, 54230.0], [96232.5, 13220.0], [96227.5, 61550.0], [96227.0, 11340.0], [96226.5, 38000.0], [96225.5, 25980.0], [96225.0, 14330.0]], "asks": [[96261.5, 46860.0], [96262.0, 10000.0], [96270.0, 50.0], [96273.5, 20.0], [96275.0, 29970.0], [96275.5, 45000.0], [96277.0, 38000.0], [96280.0, 17400.0], [96282.0, 3450.0], [96282.5, 10990.0], [96283.0, 490.0], [96284.5, 70.0], [96285.5, 17060.0], [96287.5, 10990.0], [96288.0, 38000.0], [96289.0, 9230.0], [96289.5, 16700.0], [96293.5, 200.0], [96294.5, 20990.0], [96296.0, 61590.0]]}}}
{"jsonrpc": "2.0", "method": "subscription", "params": {"channel": "book.BTC-PERPETUAL.none.20.100ms", "data": {"timestamp": 1763134029730, "change_id": 126984143833, "instrument_name": "BTC-PERPETUAL", "bids": [[96261.0, 63840.0], [96257.5, 30000.0], [96248.5, 38000.0], [96246.5, 49980.0], [96246.0, 25000.0], [96241.5, 10990.0], [96240.0, 34290.0], [96238.5, 61480.0], [96237.5, 38000.0], [96237.0, 25000.0], [96236.5, 10090.0], [96235.0, 19730.0], [96233.0, 45000.0], [96232.5, 13220.0], [96227.5, 9230.0], [96226.5, 38180.0], [96225.5, 61550.0], [96225.0, 14330.0], [96223.0, 13220.0], [96220.0, 34780.0]], "asks": [[96261.5, 40820.0], [96262.0, 10000.0], [96266.0, 11360.0], [96266.5, 38000.0], [96270.0, 17450.0], [96273.5, 20.0], [96275.0, 29970.0], [96275.5, 45000.0], [96276.0, 200.0], [96276.5, 10990.0], [96277.0, 38000.0], [96278.0, 10090.0], [96279.0, 10990.0], [96281.5, 11400.0], [96282.5, 28880.0], [96284.5, 70.0], [96285.0, 9230.0], [96285.5, 17060.0], [96286.5, 61590.0], [96287.0, 13200.0]]}}}
{"jsonrpc": "2.0", "method": "subscription", "params": {"channel": "book.BTC-PERPETUAL.none.20.100ms", "data": {"timestamp": 1763134030068, "change_id": 126984145107, "instrument_name": "BTC-PERPETUAL", "bids": [[96261.0, 169110.0], [96259.0, 36180.0], [96258.5, 38000.0], [96258.0, 15900.0], [96257.5, 30000.0], [96257.0, 25000.0], [96256.5, 10990.0], [96253.5, 5770.0], [96250.5, 9230.0], [96250.0, 10090.0], [96249.5, 30760.0], [96248.5, 38000.0], [96247.0, 61550.0], [96245.0, 20440.0], [96242.0, 45000.0], [96240.0, 14350.0], [96237.5, 38000.0], [96232.5, 13220.0], [96226.5, 38180.0], [96225.0, 14330.0]], "asks": [[96261.5, 20.0], [96270.0, 50.0], [96273.5, 20.0], [96284.5, 70.0], [96285.0, 490.0], [96289.0, 38000.0], [96289.5, 6610.0], [96294.0, 6140.0], [96294.5, 10990.0], [96297.0, 23530.0], [96299.0, 25000.0], [96299.5, 13120.0], [96300.0, 600.0], [96301.5, 11340.0], [96302.0, 38000.0], [96307.0, 6730.0], [96308.0, 70820.0], [96308.5, 13210.0], [96309.0, 100.0], [96312.0, 15300.0]]}}}
{"jsonrpc": "2.0", "method": "subscription", "params": {"channel": "book.BTC-PERPETUAL.none.20.100ms", "data": {"timestamp": 1763134030398, "change_id": 126984146231, "instrument_name": "BTC-PERPETUAL", "bids": [[96261.0, 63840.0], [96257.5, 30000.0], [96255.0, 49980.0], [96251.0, 14920.0], [96250.0, 11490.0], [96248.5, 38000.0], [96245.5, 490.0], [96243.5, 14930.0], [96243.0, 50000.0], [96240.5, 10990.0], [96240.0, 20250.0], [96239.0, 10990.0], [96238.5, 25000.0], [96237.5, 38000.0], [96232.5, 13220.0], [96227.0, 9230.0], [96226.5, 38180.0], [96225.0, 14330.0], [96223.0, 13220.0], [96220.0, 34780.0]], "asks": [[96261.5, 18000.0], [96270.0, 50.0], [96273.5, 20.0], [96277.0, 11480.0], [96277.5, 19820.0], [96278.0, 38000.0], [96279.0, 17400.0], [96279.5, 10990.0], [96281.0, 3030.0], [96281.5, 10090.0], [96283.0, 180.0], [96284.5, 70.0], [96287.0, 13200.0], [96287.5, 82580.0], [96288.5, 13120.0], [96289.0, 38000.0], [96289.5, 6610.0], [96294.0, 25000.0], [96296.0, 4120.0], [96296.5, 13200.0]]}}}
{"jsonrpc": "2.0", "method": "subscription", "params": {"channel": "book.BTC-PERPETUAL.none.20.100ms", "data": {"timestamp": 1763134030734, "change_id": 126984147987, "instrument_name": "BTC-PERPETUAL", "bids": [[96261.0, 63840.0], [96257.5, 30000.0], [96251.5, 25000.0], [96250.5, 49980.0], [96249.0, 11340.0], [96248.5, 38000.0], [96246.0, 490.0], [96244.0, 19990.0], [96242.5, 10990.0], [96241.5, 10990.0], [96240.0, 14350.0], [96238.5, 50000.0], [96237.5, 38000.0], [96235.5, 10090.0], [96233.0, 9230.0], [96232.5, 58220.0], [96227.0, 29770.0], [96226.5, 38180.0], [96225.5, 61550.0], [96225.0, 14330.0]], "asks": [[96261.5, 67620.0], [96262.0, 10000.0], [96270.0, 50.0], [96273.5, 20.0], [96276.5, 41110.0], [96277.0, 45490.0], [96278.0, 38000.0], [96278.5, 10990.0], [96279.0, 17400.0], [96280.0, 3090.0], [96281.5, 10090.0], [96283.0, 180.0], [96284.5, 70.0], [96286.5, 9230.0], [96287.0, 13200.0], [96288.0, 61590.0], [96288.5, 13120.0], [96289.0, 58990.0], [96289.5, 6610.0], [96294.0, 25000.0]]}}}
{"jsonrpc": "2.0", "method": "subscription", "params": {"channel": "book.BTC-PERPETUAL.none.20.100ms", "data": {"timestamp": 1763134031069, "change_id": 126984150071, "instrument_name": "BTC-PERPETUAL", "bids": [[96261.0, 2290.0], [96258.0, 10000.0], [96257.5, 30000.0], [96245.5, 49980.0], [96241.5, 25000.0], [96240.0, 14350.0], [96237.5, 38000.0], [96233.5, 4440.0], [96232.5, 13220.0], [96229.0, 50000.0], [96228.5, 10990.0], [96227.0, 14150.0], [96226.5, 38180.0], [96225.0, 14330.0], [96224.0, 10090.0], [96223.0, 58220.0], [96221.0, 10990.0], [96220.0, 34780.0], [96219.5, 3950.0], [96217.0, 13220.0]], "asks": [[96261.5, 112190.0], [96262.0, 10000.0], [96266.5, 10990.0], [96267.0, 11360.0], [96267.5, 38000.0], [96268.5, 10090.0], [96270.0, 50.0], [96273.0, 180.0], [96273.5, 20.0], [96275.5, 30220.0], [96276.0, 10990.0], [96276.5, 42060.0], [96277.0, 45000.0], [96278.0, 38000.0], [96279.5, 61590.0], [96284.5, 70.0], [96286.0, 26000.0], [96287.0, 13200.0], [96288.5, 13120.0], [96289.0, 38000.0]]}}}
{"jsonrpc": "2.0", "method": "subscription", "params": {"channel": "book.BTC-PERPETUAL.none.20.100ms", "data": {"timestamp": 1763134031369, "change_id": 126984152089, "instrument_name": "BTC-PERPETUAL", "bids": [[96243.5, 9890.0], [96236.0, 10000.0], [96233.0, 49980.0], [96227.0, 14620.0], [96226.5, 38000.0], [96225.5, 10990.0], [96225.0, 20100.0], [96224.5, 490.0], [96223.0, 13220.0], [96220.0, 59780.0], [96217.5, 10990.0], [96217.0, 13220.0], [96215.0, 45000.0], [96213.5, 10090.0], [96212.5, 9230.0], [96212.0, 38000.0], [96211.0, 4200.0], [96209.5, 3950.0], [96209.0, 13220.0], [96200.5, 87530.0]], "asks": [[96244.0, 144970.0], [96253.5, 26500.0], [96255.0, 38000.0], [96256.0, 45000.0], [96258.5, 2480.0], [96261.0, 26500.0], [96261.5, 41070.0], [96266.5, 100000.0], [96267.0, 11360.0], [96267.5, 38000.0], [96268.0, 70820.0], [96268.5, 10090.0], [96269.5, 13190.0], [96270.0, 50.0], [96271.0, 13090.0], [96273.5, 20.0], [96275.0, 20990.0], [96277.5, 26000.0], [96278.0, 38000.0], [96279.0, 13190.0]]}}}
{"jsonrpc": "2.0", "method": "subscription", "params": {"channel": "book.BTC-PERPETUAL.none.20.100ms", "data": {"timestamp": 1763134031742, "change_id": 126984154940, "instrument_name": "BTC-PERPETUAL", "bids": [[96243.5, 61540.0], [96243.0, 10000.0], [96240.5, 30000.0], [96234.5, 42900.0], [96234.0, 49980.0], [96229.0, 12730.0], [96226.5, 38000.0], [96225.5, 10990.0], [96225.0, 35720.0], [96223.5, 10990.0], [96223.0, 63220.0], [96222.5, 70000.0], [96220.0, 34780.0], [96217.0, 13220.0], [96215.5, 9230.0], [96214.5, 10090.0], [96212.0, 38000.0], [96211.0, 4380.0], [96209.5, 3950.0], [96209.0, 13220.0]], "asks": [[96244.0, 110330.0], [96253.0, 490.0], [96253.5, 26500.0], [96255.0, 38000.0], [96256.0, 45000.0], [96258.5, 180.0], [96260.0, 10990.0], [96261.0, 37490.0], [96261.5, 1200.0], [96263.0, 10090.0], [96266.5, 100000.0], [96267.0, 11360.0], [96267.5, 38000.0], [96269.5, 13190.0], [96270.0, 50.0], [96270.5, 70820.0], [96271.0, 44610.0], [96273.5, 20.0], [96277.0, 20990.0], [96278.0, 38000.0]]}}}
{"jsonrpc": "2.0", "method": "subscription", "params": {"channel": "book.BTC-PERPETUAL.none.20.100ms", "data": {"timestamp": 1763134032072, "change_id": 126984155740, "instrument_name": "BTC-PERPETUAL", "bids": [[96243.5, 119740.0], [96243.0, 10000.0], [96241.0, 58940.0], [96240.5, 30000.0], [96231.5, 13430.0], [96231.0, 45000.0], [96230.0, 40440.0], [96229.5, 490.0], [96229.0, 25000.0], [96227.0, 71980.0], [96226.5, 38000.0], [96225.0, 13930.0], [96223.0, 13220.0], [96222.0, 180.0], [96220.0, 34780.0], [96217.5, 9230.0], [96217.0, 13220.0], [96214.5, 10090.0], [96212.0, 38000.0], [96211.0, 4200.0]], "asks": [[96244.0, 54950.0], [96254.5, 11340.0], [96255.0, 38000.0], [96255.5, 490.0], [96256.0, 3520.0], [96256.5, 11600.0], [96258.5, 180.0], [96260.5, 28260.0], [96261.0, 26500.0], [96261.5, 1200.0], [96262.0, 10990.0], [96264.5, 45000.0], [96265.5, 10990.0], [96266.0, 55240.0], [96266.5, 100000.0], [96267.5, 38000.0], [96269.5, 13190.0], [96270.0, 50.0], [96270.5, 9230.0], [96271.0, 19610.0]]}}}
{"jsonrpc": "2.0", "method": "subscription", "params": {"channel": "book.BTC-PERPETUAL.none.20.100ms", "data": {"timestamp": 1763134032405, "change_id": 126984156416, "instrument_name": "BTC-PERPETUAL", "bids": [[96243.5, 169720.0], [96243.0, 10000.0], [96241.5, 8960.0], [96240.5, 30000.0], [96233.5, 21040.0], [96233.0, 25490.0], [96231.0, 45000.0], [96230.5, 10990.0], [96230.0, 29550.0], [96226.5, 38000.0], [96226.0, 10990.0], [96225.0, 63930.0], [96223.0, 13220.0], [96220.5, 9230.0], [96220.0, 34780.0], [96217.0, 13220.0], [96215.0, 61550.0], [96214.5, 10090.0], [96212.0, 38000.0], [96211.0, 4380.0]], "asks": [[96244.0, 54980.0], [96254.5, 11340.0], [96255.0, 38000.0], [96256.0, 3520.0], [96256.5, 11600.0], [96258.5, 180.0], [96260.0, 490.0], [96260.5, 13770.0], [96261.0, 26500.0], [96261.5, 1180.0], [96264.0, 10990.0], [96266.0, 66230.0], [96266.5, 100000.0], [96267.5, 38000.0], [96269.5, 13190.0], [96270.0, 50.0], [96270.5, 25000.0], [96271.0, 19610.0], [96273.5, 20.0], [96276.0, 9230.0]]}}}
{"jsonrpc": "2.0", "method": "subscription", "params": {"channel": "book.BTC-PERPETUAL.none.20.100ms", "data": {"timestamp": 1763134032731, "change_id": 126984157432, "instrument_name": "BTC-PERPETUAL", "bids": [[96243.5, 103140.0], [96242.5, 10000.0], [96240.5, 30000.0], [96229.0, 31450.0], [96226.5, 50470.0], [96225.5, 38000.0], [96225.0, 23240.0], [96223.5, 25000.0], [96223.0, 13220.0], [96220.5, 10990.0], [96220.0, 34780.0], [96217.0, 13220.0], [96215.5, 10990.0], [96215.0, 15410.0], [96214.5, 38000.0], [96211.0, 4380.0], [96209.5, 14040.0], [96209.0, 13220.0], [96204.0, 50000.0], [96201.5, 9230.0]], "asks": [[96244.0, 68880.0], [96254.5, 11340.0], [96255.0, 38000.0], [96255.5, 26300.0], [96256.0, 21980.0], [96257.0, 45000.0], [96257.5, 10090.0], [96258.5, 180.0], [96259.5, 9230.0], [96260.5, 8260.0], [96261.0, 26500.0], [96261.5, 1180.0], [96266.0, 64440.0], [96267.0, 61590.0], [96267.5, 38000.0], [96269.0, 20990.0], [96269.5, 13190.0], [96270.0, 50.0], [96271.0, 19610.0], [96273.5, 20.0]]}}}
{"jsonrpc": "2.0", "method": "subscription", "params": {"channel": "book.BTC-PERPETUAL.none.20.100ms", "data": {"timestamp": 1763134033068, "change_id": 126984158313, "instrument_name": "BTC-PERPETUAL", "bids": [[96243.5, 51650.0], [96243.0, 10000.0], [96240.5, 30000.0], [96236.0, 25000.0], [96235.5, 38000.0], [96230.5, 49980.0], [96228.0, 11490.0], [96226.0, 490.0], [96225.5, 38000.0], [96224.5, 35550.0], [96224.0, 60990.0], [96223.0, 13220.0], [96221.0, 10990.0], [96220.5, 10090.0], [96220.0, 34780.0], [96217.5, 11410.0], [96217.0, 13220.0], [96215.0, 25000.0], [96214.5, 38000.0], [96211.5, 9230.0]], "asks": [[96244.0, 95380.0], [96255.5, 23590.0], [96256.5, 38000.0], [96257.0, 45000.0], [96258.5, 180.0], [96259.0, 10990.0], [96260.0, 25660.0], [96261.0, 51500.0], [96261.5, 1180.0], [96264.5, 9230.0], [96265.0, 18580.0], [96267.5, 38000.0], [96269.5, 23280.0], [96270.0, 22590.0], [96270.5, 82580.0], [96271.0, 19610.0], [96273.5, 20.0], [96278.0, 38000.0], [96279.0, 13190.0], [96282.0, 26000.0]]}}}
{"jsonrpc": "2.0", "method": "subscription", "params": {"channel": "book.BTC-PERPETUAL.none.20.100ms", "data": {"timestamp": 1763134033392, "change_id": 126984159050, "instrument_name": "BTC-PERPETUAL", "bids": [[96243.5, 45050.0], [96243.0, 10000.0], [96230.5, 49980.0], [96230.0, 25000.0], [96227.5, 23200.0], [96225.5, 38000.0], [96223.5, 18100.0], [96223.0, 13220.0], [96220.5, 10990.0], [96220.0, 34780.0], [96219.0, 10630.0], [96217.0, 38220.0], [96215.5, 10990.0], [96215.0, 38410.0], [96214.5, 88000.0], [96212.0, 45000.0], [96211.0, 4380.0], [96210.0, 10090.0], [96209.0, 13220.0], [96200.0, 9230.0]], "asks": [[96244.0, 95740.0], [96254.0, 490.0], [96254.5, 3280.0], [96255.0, 10990.0], [96255.5, 33820.0], [96256.5, 48990.0], [96257.0, 45000.0], [96259.0, 10090.0], [96260.0, 33760.0], [96260.5, 9230.0], [96261.0, 26500.0], [96261.5, 1000.0], [96264.5, 61590.0], [96265.0, 26650.0], [96267.0, 45990.0], [96267.5, 38000.0], [96269.5, 13190.0], [96270.0, 50.0], [96271.0, 19610.0], [96273.5, 20.0]]}}}
{"jsonrpc": "2.0", "method": "subscription", "params": {"channel": "book.BTC-PERPETUAL.none.20.100ms", "data": {"timestamp": 1763134033733, "change_id": 126984159960, "instrument_name": "BTC-PERPETUAL", "bids": [[96243.5, 99850.0], [96242.5, 10000.0], [96232.0, 15070.0], [96231.5, 49980.0], [96231.0, 490.0], [96228.0, 11340.0], [96225.5, 38000.0], [96223.5, 17610.0], [96223.0, 13220.0], [96220.5, 10990.0], [96220.0, 34780.0], [96219.5, 55990.0], [96219.0, 7230.0], [96217.5, 50000.0], [96217.0, 13220.0], [96215.0, 15540.0], [96214.5, 38000.0], [96211.5, 9230.0], [96211.0, 4380.0], [96210.0, 10090.0]], "asks": [[96244.0, 95380.0], [96253.0, 3820.0], [96253.5, 10990.0], [96254.5, 180.0], [96255.5, 33820.0], [96256.0, 10990.0], [96256.5, 38000.0], [96257.0, 45000.0], [96259.0, 10090.0], [96260.0, 14620.0], [96261.0, 26500.0], [96261.5, 26000.0], [96265.0, 44000.0], [96266.5, 9230.0], [96267.5, 38000.0], [96269.0, 82580.0], [96269.5, 13190.0], [96270.0, 50.0], [96271.0, 19610.0], [96273.5, 20.0]]}}}
{"jsonrpc": "2.0", "method": "subscription", "params": {"channel": "book.BTC-PERPETUAL.none.20.100ms", "data": {"timestamp": 1763134034061, "change_id": 126984160563, "instrument_name": "BTC-PERPETUAL", "bids": [[96243.5, 51650.0], [96243.0, 10000.0], [96236.5, 20000.0], [96233.0, 21840.0], [96232.5, 49980.0], [96232.0, 23200.0], [96228.5, 39850.0], [96228.0, 45000.0], [96226.0, 50490.0], [96225.5, 38000.0], [96223.5, 17610.0], [96223.0, 13220.0], [96220.0, 66430.0], [96219.5, 25000.0], [96217.0, 61330.0], [96216.0, 10990.0], [96215.0, 15540.0], [96214.5, 38000.0], [96211.0, 4380.0], [96210.0, 10090.0]], "asks": [[96244.0, 2330.0], [96252.0, 6710.0], [96252.5, 490.0], [96253.0, 10990.0], [96254.5, 10990.0], [96255.0, 21820.0], [96255.5, 25000.0], [96256.5, 38000.0], [96260.0, 21440.0], [96260.5, 9230.0], [96261.5, 1000.0], [96263.0, 11600.0], [96264.0, 20990.0], [96264.5, 61590.0], [96265.0, 15300.0], [96267.5, 38000.0], [96268.0, 10090.0], [96269.5, 13190.0], [96270.0, 50.0], [96270.5, 5860.0]]}}}
{"jsonrpc": "2.0", "method": "subscription", "params": {"channel": "book.BTC-PERPETUAL.none.20.100ms", "data": {"timestamp": 1763134034389, "change_id": 126984162798, "instrument_name": "BTC-PERPETUAL", "bids": [[96261.0, 71440.0], [96256.0, 7910.0], [96255.5, 26500.0], [96255.0, 17310.0], [96253.0, 23200.0], [96250.5, 20000.0], [96250.0, 38000.0], [96249.5, 25400.0], [96247.5, 45000.0], [96244.5, 36500.0], [96244.0, 26500.0], [96243.5, 72570.0], [96237.5, 14350.0], [96235.5, 38000.0], [96235.0, 10090.0], [96234.0, 180.0], [96233.0, 22410.0], [96232.5, 25000.0], [96230.0, 11340.0], [96226.5, 61550.0]], "asks": [[96261.5, 1000.0], [96270.0, 50.0], [96273.5, 20.0], [96275.5, 11600.0], [96276.5, 11340.0], [96278.0, 38000.0], [96280.0, 10990.0], [96280.5, 24440.0], [96283.0, 45000.0], [96284.5, 70.0], [96286.5, 18570.0], [96287.0, 19790.0], [96288.5, 10090.0], [96289.0, 38000.0], [96289.5, 90.0], [96290.5, 180.0], [96295.0, 13030.0], [96295.5, 70820.0], [96296.5, 13200.0], [96297.0, 25000.0]]}}}
{"jsonrpc": "2.0", "method": "subscription", "params": {"channel": "book.BTC-PERPETUAL.none.20.100ms", "data": {"timestamp": 1763134034722, "change_id": 126984163688, "instrument_name": "BTC-PERPETUAL", "bids": [[96261.0, 104640.0], [96259.0, 30000.0], [96258.0, 10000.0], [96251.0, 26260.0], [96250.5, 49980.0], [96250.0, 38000.0], [96245.0, 490.0], [96244.5, 22870.0], [96244.0, 26500.0], [96241.0, 50000.0], [96240.0, 34350.0], [96239.5, 45000.0], [96238.5, 21980.0], [96235.5, 38000.0], [96235.0, 10090.0], [96234.0, 180.0], [96233.0, 22410.0], [96231.0, 25000.0], [96230.0, 11340.0], [96226.0, 61550.0]], "asks": [[96261.5, 71630.0], [96267.5, 11360.0], [96268.0, 38000.0], [96270.0, 50.0], [96273.5, 20.0], [96274.5, 24570.0], [96275.0, 45490.0], [96275.5, 11600.0], [96276.5, 14620.0], [96277.0, 10990.0], [96278.0, 38000.0], [96284.5, 70.0], [96286.5, 18070.0], [96287.0, 13180.0], [96288.0, 70820.0], [96288.5, 50700.0], [96289.0, 38000.0], [96289.5, 90.0], [96290.5, 180.0], [96294.5, 25000.0]]}}}
{"jsonrpc": "2.0", "method": "subscription", "params": {"channel": "book.BTC-PERPETUAL.none.20.100ms", "data": {"timestamp": 1763134035054, "change_id": 126984164675, "instrument_name": "BTC-PERPETUAL", "bids": [[96261.0, 44950.0], [96258.5, 10000.0], [96240.5, 49980.0], [96236.0, 11480.0], [96235.5, 38000.0], [96234.0, 42510.0], [96233.0, 13180.0], [96231.5, 45000.0], [96230.5, 50000.0], [96230.0, 11340.0], [96226.0, 10990.0], [96225.5, 38000.0], [96223.5, 17610.0], [96223.0, 13220.0], [96220.0, 59780.0], [96219.0, 7880.0], [96217.5, 9230.0], [96217.0, 13220.0], [96216.5, 26950.0], [96215.5, 61550.0]], "asks": [[96261.5, 132050.0], [96267.5, 11360.0], [96268.0, 38000.0], [96270.0, 50.0], [96273.5, 20.0], [96274.5, 13580.0], [96275.0, 45000.0], [96275.5, 11600.0], [96276.0, 61590.0], [96276.5, 31320.0], [96277.0, 10090.0], [96277.5, 31980.0], [96278.0, 38180.0], [96284.5, 70.0], [96285.5, 26000.0], [96286.5, 18070.0], [96287.0, 13180.0], [96287.5, 25000.0], [96288.5, 19620.0], [96289.0, 38000.0]]}}}
