{"jsonrpc": "2.0", "id": 1, "result": ["book.BTC-PERPETUAL.none.20.100ms"], "usIn": 1772449193137131, "usOut": 1772449193137514, "usDiff": 383, "testnet": false}
{"jsonrpc": "2.0", "method": "subscription", "params": {"channel": "book.BTC-PERPETUAL.none.20.100ms", "data": {"timestamp": 1772449193136, "change_id": 143113824629, "instrument_name": "BTC-PERPETUAL", "bids": [[66316.5, 54890.0], [66316.0, 3000.0], [66313.0, 7240.0], [66312.5, 22200.0], [66310.0, 1940.0], [66308.0, 500.0], [66307.5, 58980.0], [66307.0, 166000.0], [66305.0, 74990.0], [66304.5, 10990.0], [66304.0, 1790.0], [66303.0, 6000.0], [66300.0, 8240.0], [66299.5, 33740.0], [66299.0, 22550.0], [66298.0, 12910.0], [66297.5, 50000.0], [66297.0, 7480.0], [66296.0, 6000.0], [66295.5, 510.0]], "asks": [[66317.0, 58700.0], [66318.0, 9100.0], [66318.5, 11000.0], [66319.5, 19500.0], [66323.5, 10.0], [66324.0, 17970.0], [66324.5, 49290.0], [66325.0, 9240.0], [66325.5, 210.0], [66327.5, 2660.0], [66328.0, 2900.0], [66328.5, 49270.0], [66329.0, 30000.0], [66330.5, 25000.0], [66331.0, 10750.0], [66331.5, 85810.0], [66333.5, 14140.0], [66334.0, 29620.0], [66334.5, 11760.0], [66335.5, 6000.0]]}}}
{"jsonrpc": "2.0", "method": "subscription", "params": {"channel": "book.BTC-PERPETUAL.none.20.100ms", "data": {"timestamp": 1772449193316, "change_id": 143113825044, "instrument_name": "BTC-PERPETUAL", "bids": [[66316.5, 54890.0], [66316.0, 3000.0], [66313.0, 7240.0], [66312.5, 22200.0], [66310.0, 1940.0], [66308.0, 500.0], [66307.5, 58980.0], [66307.0, 166000.0], [66305.0, 74990.0], [66304.5, 10990.0], [66304.0, 1790.0], [66303.0, 6000.0], [66300.0, 8240.0], [66299.5, 33740.0], [66299.0, 22550.0], [66298.0, 12910.0], [66297.5, 50000.0], [66297.0, 7480.0], [66296.0, 6000.0], [66295.5, 510.0]], "asks": [[66317.0, 45900.0], [66318.0, 5820.0], [66318.5, 19500.0], [66323.5, 11510.0], [66324.0, 23950.0], [66324.5, 49290.0], [66325.5, 210.0], [66326.5, 2660.0], [66328.0, 2900.0], [66328.5, 21380.0], [66329.0, 30000.0], [66330.5, 25000.0], [66331.0, 10750.0], [66331.5, 10790.0], [66332.0, 36540.0], [66332.5, 75020.0], [66334.0, 29620.0], [66334.5, 11760.0], [66335.5, 6000.0], [66338.0, 10570.0]]}}}
{"jsonrpc": "2.0", "method": "subscription", "params": {"channel": "book.BTC-PERPETUAL.none.20.100ms", "data": {"timestamp": 1772449193647, "change_id": 143113825695, "instrument_name": "BTC-PERPETUAL", "bids": [[66316.5, 54900.0], [66316.0, 3000.0], [66313.0, 7240.0], [66312.5, 22200.0], [66310.5, 490.0], [66310.0, 5070.0], [66308.0, 10990.0], [66307.5, 58980.0], [66307.0, 166000.0], [66304.5, 8240.0], [66304.0, 76780.0], [66303.0, 6000.0], [66299.5, 53230.0], [66299.0, 22550.0], [66298.5, 9230.0], [66298.0, 12910.0], [66297.5, 50000.0], [66297.0, 7480.0], [66296.0, 6000.0], [66295.5, 510.0]], "asks": [[66317.0, 35600.0], [66317.5, 10000.0], [66322.5, 8250.0], [66323.0, 8670.0], [66323.5, 30510.0], [66325.5, 210.0], [66326.0, 500.0], [66326.5, 19480.0], [66328.0, 61430.0], [66328.5, 21380.0], [66329.0, 30000.0], [66330.5, 25000.0], [66331.0, 10750.0], [66331.5, 10790.0], [66332.5, 30270.0], [66333.0, 75020.0], [66334.0, 8620.0], [66334.5, 11760.0], [66335.5, 6000.0], [66337.5, 21000.0]]}}}
{"jsonrpc": "2.0", "method": "subscription", "params": {"channel": "book.BTC-PERPETUAL.none.20.100ms", "data": {"timestamp": 1772449193974, "change_id": 143113826152, "instrument_name": "BTC-PERPETUAL", "bids": [[66316.5, 60900.0], [66316.0, 3000.0], [66313.0, 7240.0], [66312.5, 22200.0], [66311.0, 7010.0], [66310.5, 490.0], [66310.0, 6000.0], [66308.0, 10990.0], [66307.5, 58980.0], [66307.0, 166000.0], [66306.5, 74990.0], [66305.5, 8240.0], [66304.0, 1790.0], [66303.0, 6000.0], [66299.5, 53230.0], [66299.0, 22550.0], [66298.5, 9230.0], [66298.0, 12910.0], [66297.5, 50000.0], [66297.0, 7480.0]], "asks": [[66317.0, 34100.0], [66317.5, 10000.0], [66320.5, 5750.0], [66321.0, 8250.0], [66321.5, 16820.0], [66322.0, 19500.0], [66323.5, 10.0], [66325.5, 210.0], [66326.0, 500.0], [66327.5, 2660.0], [66328.0, 2900.0], [66328.5, 49270.0], [66329.0, 30000.0], [66329.5, 9240.0], [66330.0, 49290.0], [66330.5, 25000.0], [66331.0, 10750.0], [66331.5, 10790.0], [66332.5, 30270.0], [66333.0, 75020.0]]}}}
{"jsonrpc": "2.0", "method": "subscription", "params": {"channel": "book.BTC-PERPETUAL.none.20.100ms", "data": {"timestamp": 1772449194302, "change_id": 143113826867, "instrument_name": "BTC-PERPETUAL", "bids": [[66316.5, 60910.0], [66316.0, 3000.0], [66313.0, 7240.0], [66312.5, 22200.0], [66312.0, 490.0], [66311.0, 28350.0], [66310.0, 6000.0], [66308.0, 85980.0], [66307.5, 58980.0], [66307.0, 166000.0], [66304.5, 8240.0], [66304.0, 1790.0], [66303.0, 6000.0], [66299.5, 53230.0], [66299.0, 22550.0], [66298.5, 9230.0], [66298.0, 12910.0], [66297.5, 50000.0], [66297.0, 7480.0], [66296.0, 6000.0]], "asks": [[66317.0, 30150.0], [66317.5, 10000.0], [66320.5, 2460.0], [66321.0, 8250.0], [66323.0, 11000.0], [66323.5, 15200.0], [66324.0, 44500.0], [66325.5, 210.0], [66326.5, 500.0], [66327.5, 2660.0], [66328.0, 2900.0], [66328.5, 49270.0], [66329.0, 30000.0], [66329.5, 9240.0], [66330.0, 49290.0], [66331.0, 10750.0], [66331.5, 10790.0], [66332.5, 29260.0], [66333.5, 75020.0], [66334.0, 8620.0]]}}}
{"jsonrpc": "2.0", "method": "subscription", "params": {"channel": "book.BTC-PERPETUAL.none.20.100ms", "data": {"timestamp": 1772449194638, "change_id": 143113828763, "instrument_name": "BTC-PERPETUAL", "bids": [[66324.5, 4870.0], [66322.5, 11390.0], [66322.0, 32930.0], [66321.5, 23400.0], [66321.0, 60510.0], [66320.5, 19650.0], [66317.0, 92170.0], [66316.5, 208320.0], [66314.0, 25370.0], [66313.0, 75000.0], [66310.5, 23950.0], [66310.0, 66000.0], [66307.5, 7790.0], [66307.0, 6000.0], [66304.0, 1790.0], [66303.5, 10810.0], [66303.0, 6000.0], [66302.5, 500.0], [66301.5, 50000.0], [66300.5, 29530.0]], "asks": [[66325.5, 8110.0], [66331.5, 500.0], [66332.0, 8250.0], [66333.5, 11000.0], [66338.0, 12000.0], [66338.5, 1000.0], [66339.0, 4730.0], [66339.5, 10450.0], [66341.5, 75030.0], [66342.0, 10440.0], [66342.5, 8110.0], [66343.0, 23910.0], [66345.0, 5390.0], [66345.5, 10450.0], [66348.0, 500.0], [66349.5, 12100.0], [66350.0, 10450.0], [66351.0, 6000.0], [66353.0, 30000.0], [66353.5, 3120.0]]}}}
{"jsonrpc": "2.0", "method": "subscription", "params": {"channel": "book.BTC-PERPETUAL.none.20.100ms", "data": {"timestamp": 1772449194952, "change_id": 143113830191, "instrument_name": "BTC-PERPETUAL", "bids": [[66325.0, 47820.0], [66321.5, 7760.0], [66321.0, 6000.0], [66320.5, 8000.0], [66318.5, 12000.0], [66317.5, 6000.0], [66317.0, 53730.0], [66316.5, 166830.0], [66314.5, 24530.0], [66312.5, 74990.0], [66311.5, 8240.0], [66310.5, 36520.0], [66310.0, 66000.0], [66308.5, 2730.0], [66307.5, 16810.0], [66307.0, 16180.0], [66306.5, 5400.0], [66305.5, 9230.0], [66304.5, 19490.0], [66304.0, 32260.0]], "asks": [[66325.5, 56620.0], [66326.5, 3280.0], [66327.0, 11000.0], [66329.0, 4990.0], [66329.5, 19500.0], [66333.5, 500.0], [66335.5, 210.0], [66336.5, 47500.0], [66337.0, 49290.0], [66337.5, 6000.0], [66338.0, 75020.0], [66338.5, 30000.0], [66339.5, 5390.0], [66340.0, 6870.0], [66340.5, 9240.0], [66342.0, 10440.0], [66344.5, 12490.0], [66345.0, 31390.0], [66345.5, 10450.0], [66348.0, 500.0]]}}}
{"jsonrpc": "2.0", "method": "subscription", "params": {"channel": "book.BTC-PERPETUAL.none.20.100ms", "data": {"timestamp": 1772449195293, "change_id": 143113830946, "instrument_name": "BTC-PERPETUAL", "bids": [[66325.0, 49820.0], [66321.5, 7760.0], [66321.0, 6000.0], [66320.5, 6000.0], [66318.5, 12000.0], [66317.5, 6500.0], [66317.0, 53230.0], [66316.5, 166830.0], [66314.5, 24530.0], [66312.5, 74990.0], [66312.0, 10990.0], [66310.5, 25530.0], [66310.0, 66000.0], [66309.0, 8240.0], [66308.5, 2730.0], [66307.5, 16810.0], [66307.0, 13430.0], [66306.5, 5400.0], [66304.5, 19490.0], [66304.0, 19870.0]], "asks": [[66325.5, 56620.0], [66327.0, 8680.0], [66327.5, 11000.0], [66328.0, 19500.0], [66332.0, 17820.0], [66335.0, 9240.0], [66335.5, 94870.0], [66336.5, 2900.0], [66337.5, 6000.0], [66338.5, 105020.0], [66339.5, 5390.0], [66340.0, 1000.0], [66341.0, 9380.0], [66341.5, 21000.0], [66342.0, 10440.0], [66344.5, 6220.0], [66345.0, 5390.0], [66345.5, 10450.0], [66348.0, 500.0], [66349.5, 19210.0]]}}}
{"jsonrpc": "2.0", "method": "subscription", "params": {"channel": "book.BTC-PERPETUAL.none.20.100ms", "data": {"timestamp": 1772449195617, "change_id": 143113831839, "instrument_name": "BTC-PERPETUAL", "bids": [[66325.0, 48610.0], [66324.5, 3000.0], [66321.5, 7760.0], [66321.0, 6000.0], [66320.5, 6000.0], [66318.5, 13000.0], [66317.5, 6000.0], [66317.0, 53230.0], [66316.5, 166830.0], [66315.0, 500.0], [66314.5, 24530.0], [66311.5, 10990.0], [66311.0, 74990.0], [66310.5, 33770.0], [66310.0, 66000.0], [66308.5, 2730.0], [66307.5, 16810.0], [66307.0, 13430.0], [66306.5, 5400.0], [66304.5, 19490.0]], "asks": [[66325.5, 61920.0], [66326.0, 5820.0], [66326.5, 19500.0], [66329.0, 6020.0], [66329.5, 10000.0], [66330.5, 11000.0], [66331.5, 500.0], [66332.0, 17320.0], [66335.0, 9240.0], [66335.5, 82020.0], [66336.5, 2900.0], [66337.5, 6000.0], [66338.0, 75020.0], [66338.5, 30000.0], [66339.5, 5390.0], [66340.0, 1000.0], [66341.0, 9380.0], [66341.5, 21000.0], [66342.0, 10440.0], [66344.5, 6220.0]]}}}
{"jsonrpc": "2.0", "method": "subscription", "params": {"channel": "book.BTC-PERPETUAL.none.20.100ms", "data": {"timestamp": 1772449195956, "change_id": 143113833660, "instrument_name": "BTC-PERPETUAL", "bids": [[66325.0, 4900.0], [66324.5, 3000.0], [66321.0, 5430.0], [66320.5, 6000.0], [66318.5, 12200.0], [66317.0, 59230.0], [66316.5, 166830.0], [66316.0, 30000.0], [66315.0, 1000.0], [66311.5, 3770.0], [66311.0, 10990.0], [66310.5, 45190.0], [66310.0, 66000.0], [66309.0, 8240.0], [66308.5, 2730.0], [66308.0, 74990.0], [66307.5, 27710.0], [66307.0, 6000.0], [66306.5, 5400.0], [66304.0, 19430.0]], "asks": [[66325.5, 111310.0], [66327.5, 3430.0], [66328.0, 11500.0], [66328.5, 6170.0], [66329.5, 10000.0], [66331.5, 9450.0], [66332.0, 2900.0], [66333.0, 39860.0], [66333.5, 75020.0], [66334.5, 49290.0], [66335.5, 5070.0], [66336.0, 1000.0], [66337.5, 6000.0], [66338.5, 10000.0], [66339.0, 10390.0], [66339.5, 5390.0], [66341.5, 21000.0], [66342.0, 10440.0], [66344.5, 20350.0], [66345.0, 5390.0]]}}}
{"jsonrpc": "2.0", "method": "subscription", "params": {"channel": "book.BTC-PERPETUAL.none.20.100ms", "data": {"timestamp": 1772449196288, "change_id": 143113834236, "instrument_name": "BTC-PERPETUAL", "bids": [[66325.0, 34900.0], [66324.5, 3000.0], [66321.0, 5430.0], [66320.5, 6000.0], [66318.5, 12200.0], [66317.5, 10000.0], [66317.0, 59230.0], [66316.5, 167330.0], [66315.0, 1000.0], [66312.5, 27430.0], [66312.0, 10990.0], [66311.0, 74990.0], [66310.5, 27770.0], [66310.0, 66000.0], [66309.0, 8240.0], [66308.5, 2730.0], [66307.5, 44660.0], [66307.0, 6000.0], [66306.5, 5400.0], [66304.5, 19490.0]], "asks": [[66325.5, 61910.0], [66326.0, 11000.0], [66326.5, 5820.0], [66327.0, 19500.0], [66328.5, 3910.0], [66329.5, 10000.0], [66331.5, 710.0], [66332.0, 27090.0], [66332.5, 9240.0], [66333.0, 30000.0], [66335.0, 49290.0], [66335.5, 26820.0], [66336.0, 1000.0], [66337.5, 6000.0], [66338.0, 75020.0], [66338.5, 10000.0], [66339.0, 10390.0], [66339.5, 5390.0], [66341.5, 21000.0], [66342.0, 10440.0]]}}}
{"jsonrpc": "2.0", "method": "subscription", "params": {"channel": "book.BTC-PERPETUAL.none.20.100ms", "data": {"timestamp": 1772449196619, "change_id": 143113835182, "instrument_name": "BTC-PERPETUAL", "bids": [[66325.0, 4900.0], [66324.5, 3000.0], [66321.0, 5430.0], [66320.5, 6000.0], [66318.5, 12200.0], [66317.5, 10000.0], [66317.0, 89230.0], [66316.5, 166830.0], [66315.0, 1000.0], [66313.0, 490.0], [66312.5, 27430.0], [66312.0, 10990.0], [66311.0, 74990.0], [66310.5, 27770.0], [66310.0, 66000.0], [66309.0, 8240.0], [66308.5, 2730.0], [66307.5, 27710.0], [66307.0, 6000.0], [66306.5, 5400.0]], "asks": [[66325.5, 91920.0], [66327.5, 19500.0], [66328.0, 11000.0], [66328.5, 3910.0], [66329.0, 10500.0], [66331.5, 210.0], [66332.0, 20370.0], [66335.0, 58530.0], [66335.5, 26820.0], [66336.0, 1000.0], [66337.5, 6000.0], [66338.0, 75020.0], [66338.5, 10000.0], [66339.0, 10390.0], [66339.5, 5390.0], [66341.5, 21000.0], [66342.0, 10440.0], [66343.0, 5000.0], [66344.5, 20350.0], [66345.0, 5390.0]]}}}
{"jsonrpc": "2.0", "method": "subscription", "params": {"channel": "book.BTC-PERPETUAL.none.20.100ms", "data": {"timestamp": 1772449196944, "change_id": 143113836286, "instrument_name": "BTC-PERPETUAL", "bids": [[66325.0, 4920.0], [66321.0, 1850.0], [66320.5, 6000.0], [66318.5, 200.0], [66317.0, 59230.0], [66316.5, 166830.0], [66315.5, 490.0], [66315.0, 1000.0], [66313.5, 7010.0], [66313.0, 10990.0], [66311.5, 12000.0], [66311.0, 60860.0], [66310.5, 74990.0], [66310.0, 66000.0], [66308.5, 2730.0], [66307.5, 27710.0], [66307.0, 6000.0], [66306.5, 5400.0], [66304.0, 39910.0], [66303.5, 30300.0]], "asks": [[66325.5, 61920.0], [66327.0, 11000.0], [66328.0, 19500.0], [66328.5, 3910.0], [66329.0, 10000.0], [66331.0, 500.0], [66331.5, 210.0], [66332.0, 20370.0], [66335.0, 58530.0], [66335.5, 26820.0], [66336.0, 1000.0], [66337.5, 6000.0], [66338.0, 75020.0], [66338.5, 10000.0], [66339.0, 4730.0], [66339.5, 5390.0], [66342.0, 10440.0], [66343.0, 5000.0], [66344.0, 21000.0], [66344.5, 20350.0]]}}}
{"jsonrpc": "2.0", "method": "subscription", "params": {"channel": "book.BTC-PERPETUAL.none.20.100ms", "data": {"timestamp": 1772449197276, "change_id": 143113836617, "instrument_name": "BTC-PERPETUAL", "bids": [[66325.0, 15330.0], [66321.0, 1850.0], [66320.5, 6000.0], [66318.5, 200.0], [66317.5, 10000.0], [66317.0, 71230.0], [66316.5, 166010.0], [66315.5, 490.0], [66315.0, 1000.0], [66314.0, 10990.0], [66313.5, 27230.0], [66311.5, 74990.0], [66311.0, 8240.0], [66310.5, 27770.0], [66310.0, 66000.0], [66308.5, 2730.0], [66307.5, 27710.0], [66307.0, 6000.0], [66306.5, 5400.0], [66304.0, 28660.0]], "asks": [[66325.5, 61920.0], [66326.0, 9100.0], [66327.5, 11000.0], [66328.0, 19500.0], [66328.5, 3910.0], [66329.0, 10000.0], [66331.5, 710.0], [66332.0, 20370.0], [66335.0, 58530.0], [66335.5, 26820.0], [66336.0, 1000.0], [66337.5, 6000.0], [66338.0, 75020.0], [66338.5, 10000.0], [66339.0, 4730.0], [66339.5, 5390.0], [66342.0, 10440.0], [66343.0, 5000.0], [66344.0, 21000.0], [66344.5, 20350.0]]}}}
{"jsonrpc": "2.0", "method": "subscription", "params": {"channel": "book.BTC-PERPETUAL.none.20.100ms", "data": {"timestamp": 1772449197609, "change_id": 143113837319, "instrument_name": "BTC-PERPETUAL", "bids": [[66325.0, 5740.0], [66321.0, 1850.0], [66320.5, 6000.0], [66318.5, 200.0], [66317.5, 10000.0], [66317.0, 71230.0], [66316.5, 166010.0], [66315.5, 490.0], [66315.0, 1000.0], [66313.5, 27230.0], [66311.5, 10990.0], [66311.0, 74990.0], [66310.5, 36010.0], [66310.0, 66000.0], [66308.5, 2730.0], [66307.5, 27710.0], [66307.0, 6000.0], [66306.5, 5400.0], [66304.0, 28660.0], [66303.5, 30300.0]], "asks": [[66325.5, 61920.0], [66326.0, 8360.0], [66327.5, 11000.0], [66328.0, 29500.0], [66328.5, 1080.0], [66331.5, 710.0], [66332.0, 20370.0], [66335.0, 58530.0], [66335.5, 26820.0], [66336.0, 1000.0], [66337.5, 6000.0], [66338.0, 75020.0], [66338.5, 10000.0], [66339.0, 4730.0], [66339.5, 5390.0], [66342.0, 10440.0], [66344.0, 21000.0], [66344.5, 20350.0], [66345.0, 5390.0], [66345.5, 60450.0]]}}}
{"jsonrpc": "2.0", "method": "subscription", "params": {"channel": "book.BTC-PERPETUAL.none.20.100ms", "data": {"timestamp": 1772449197925, "change_id": 143113837987, "instrument_name": "BTC-PERPETUAL", "bids": [[66325.0, 5740.0], [66321.0, 1850.0], [66320.5, 6000.0], [66318.5, 200.0], [66317.5, 10000.0], [66317.0, 71230.0], [66316.5, 166010.0], [66315.5, 490.0], [66315.0, 1000.0], [66314.0, 10990.0], [66313.5, 27230.0], [66311.5, 8240.0], [66311.0, 74990.0], [66310.5, 9860.0], [66310.0, 6000.0], [66308.5, 2730.0], [66307.5, 27710.0], [66307.0, 6000.0], [66306.5, 5400.0], [66304.0, 28660.0]], "asks": [[66325.5, 61920.0], [66326.0, 8360.0], [66327.5, 11000.0], [66328.0, 29500.0], [66328.5, 1080.0], [66331.5, 710.0], [66332.0, 20370.0], [66335.0, 58530.0], [66335.5, 26820.0], [66336.0, 1000.0], [66337.5, 6000.0], [66338.0, 75020.0], [66338.5, 10000.0], [66339.0, 4730.0], [66339.5, 5390.0], [66342.0, 15440.0], [66344.0, 21000.0], [66344.5, 20350.0], [66345.0, 5390.0], [66345.5, 60450.0]]}}}
{"jsonrpc": "2.0", "method": "subscription", "params": {"channel": "book.BTC-PERPETUAL.none.20.100ms", "data": {"timestamp": 1772449198270, "change_id": 143113839022, "instrument_name": "BTC-PERPETUAL", "bids": [[66325.0, 5740.0], [66317.0, 53230.0], [66316.5, 166010.0], [66315.0, 1000.0], [66314.5, 10000.0], [66313.0, 200.0], [66312.5, 6860.0], [66311.5, 12000.0], [66311.0, 11480.0], [66310.5, 33450.0], [66310.0, 6000.0], [66308.5, 2730.0], [66307.5, 107540.0], [66307.0, 6000.0], [66306.5, 5400.0], [66303.5, 10810.0], [66303.0, 6000.0], [66302.5, 500.0], [66300.5, 50000.0], [66300.0, 28720.0]], "asks": [[66325.5, 70740.0], [66326.5, 5890.0], [66328.0, 10000.0], [66329.5, 4550.0], [66330.0, 9240.0], [66330.5, 6000.0], [66334.5, 34240.0], [66335.0, 124310.0], [66335.5, 10690.0], [66336.0, 1000.0], [66337.5, 6000.0], [66338.5, 10000.0], [66339.0, 27220.0], [66339.5, 5390.0], [66342.0, 15440.0], [66343.0, 50000.0], [66344.5, 6220.0], [66345.0, 5390.0], [66345.5, 10450.0], [66347.0, 25000.0]]}}}
{"jsonrpc": "2.0", "method": "subscription", "params": {"channel": "book.BTC-PERPETUAL.none.20.100ms", "data": {"timestamp": 1772449198567, "change_id": 143113839762, "instrument_name": "BTC-PERPETUAL", "bids": [[66325.0, 5750.0], [66317.0, 53230.0], [66316.5, 166010.0], [66315.0, 1000.0], [66314.5, 10000.0], [66313.0, 7550.0], [66312.0, 10990.0], [66311.5, 12000.0], [66310.5, 33450.0], [66310.0, 6000.0], [66308.5, 77720.0], [66308.0, 8240.0], [66307.5, 24310.0], [66307.0, 6000.0], [66306.5, 5400.0], [66303.5, 10810.0], [66303.0, 6000.0], [66302.5, 500.0], [66302.0, 9230.0], [66301.5, 19490.0]], "asks": [[66325.5, 70140.0], [66326.0, 4000.0], [66326.5, 12900.0], [66327.5, 500.0], [66329.5, 1790.0], [66330.5, 6000.0], [66333.0, 39860.0], [66333.5, 75020.0], [66334.0, 49290.0], [66334.5, 9240.0], [66335.5, 5070.0], [66336.0, 1000.0], [66337.5, 6000.0], [66338.5, 10000.0], [66339.0, 11690.0], [66339.5, 5390.0], [66341.5, 21000.0], [66342.0, 15440.0], [66343.0, 50000.0], [66344.5, 6220.0]]}}}
{"jsonrpc": "2.0", "method": "subscription", "params": {"channel": "book.BTC-PERPETUAL.none.20.100ms", "data": {"timestamp": 1772449198930, "change_id": 143113840163, "instrument_name": "BTC-PERPETUAL", "bids": [[66325.0, 5750.0], [66317.0, 53230.0], [66316.5, 166010.0], [66315.0, 1000.0], [66313.0, 17060.0], [66312.5, 490.0], [66311.5, 12000.0], [66311.0, 10990.0], [66310.5, 33450.0], [66310.0, 6000.0], [66308.5, 2730.0], [66308.0, 74990.0], [66307.5, 29740.0], [66307.0, 14240.0], [66306.5, 5400.0], [66303.5, 10810.0], [66303.0, 6000.0], [66302.5, 500.0], [66301.5, 19490.0], [66299.5, 56000.0]], "asks": [[66325.5, 70140.0], [66326.0, 3490.0], [66326.5, 10000.0], [66329.5, 16280.0], [66330.0, 9240.0], [66330.5, 6000.0], [66332.0, 79150.0], [66332.5, 75020.0], [66333.5, 25000.0], [66335.5, 10690.0], [66336.0, 1000.0], [66337.5, 6000.0], [66338.0, 21000.0], [66338.5, 10000.0], [66339.0, 6220.0], [66339.5, 5390.0], [66342.0, 10440.0], [66342.5, 19650.0], [66343.0, 50000.0], [66345.0, 5390.0]]}}}
{"jsonrpc": "2.0", "method": "subscription", "params": {"channel": "book.BTC-PERPETUAL.none.20.100ms", "data": {"timestamp": 1772449199261, "change_id": 143113840492, "instrument_name": "BTC-PERPETUAL", "bids": [[66325.0, 5750.0], [66317.0, 53230.0], [66316.5, 166010.0], [66315.0, 1000.0], [66313.5, 6770.0], [66313.0, 10200.0], [66312.5, 10990.0], [66312.0, 490.0], [66311.5, 12000.0], [66310.5, 9860.0], [66310.0, 6000.0], [66308.5, 2730.0], [66308.0, 8240.0], [66307.5, 49660.0], [66307.0, 6000.0], [66306.5, 5400.0], [66304.0, 74990.0], [66303.5, 30300.0], [66303.0, 6000.0], [66302.5, 500.0]], "asks": [[66325.5, 93540.0], [66326.0, 3490.0], [66326.5, 10000.0], [66328.5, 2900.0], [66329.5, 16280.0], [66330.5, 6000.0], [66332.0, 78190.0], [66332.5, 9240.0], [66333.0, 75020.0], [66333.5, 25000.0], [66336.0, 1000.0], [66337.0, 6270.0], [66337.5, 11000.0], [66338.5, 10000.0], [66339.0, 10200.0], [66339.5, 5390.0], [66341.5, 21000.0], [66342.0, 10440.0], [66342.5, 19650.0], [66343.0, 50000.0]]}}}
{"jsonrpc": "2.0", "method": "subscription", "params": {"channel": "book.BTC-PERPETUAL.none.20.100ms", "data": {"timestamp": 1772449199582, "change_id": 143113841243, "instrument_name": "BTC-PERPETUAL", "bids": [[66325.0, 5750.0], [66317.0, 53230.0], [66316.5, 166010.0], [66315.0, 1000.0], [66314.0, 10000.0], [66313.5, 6770.0], [66313.0, 200.0], [66312.0, 11480.0], [66311.5, 12000.0], [66310.5, 33450.0], [66310.0, 6000.0], [66308.5, 2730.0], [66308.0, 83230.0], [66307.5, 27710.0], [66307.0, 6000.0], [66306.5, 5400.0], [66303.5, 10810.0], [66303.0, 6000.0], [66302.5, 500.0], [66301.0, 28720.0]], "asks": [[66325.5, 93540.0], [66326.0, 3490.0], [66326.5, 10000.0], [66328.5, 2900.0], [66329.5, 16280.0], [66330.5, 6000.0], [66332.0, 74440.0], [66335.0, 84260.0], [66335.5, 14030.0], [66336.0, 26000.0], [66337.5, 11000.0], [66338.5, 10000.0], [66339.0, 10200.0], [66339.5, 5390.0], [66341.5, 21000.0], [66342.0, 10440.0], [66342.5, 19650.0], [66343.0, 50000.0], [66345.0, 5390.0], [66345.5, 10450.0]]}}}
{"jsonrpc": "2.0", "method": "subscription", "params": {"channel": "book.BTC-PERPETUAL.none.20.100ms", "data": {"timestamp": 1772449199916, "change_id": 143113841877, "instrument_name": "BTC-PERPETUAL", "bids": [[66325.0, 5750.0], [66317.0, 53230.0], [66316.5, 166010.0], [66315.0, 1000.0], [66314.5, 600.0], [66314.0, 10000.0], [66313.5, 6770.0], [66313.0, 200.0], [66312.5, 490.0], [66312.0, 10990.0], [66311.5, 12000.0], [66310.5, 33450.0], [66310.0, 6000.0], [66308.5, 77720.0], [66308.0, 8240.0], [66307.5, 27710.0], [66307.0, 6000.0], [66306.5, 5400.0], [66303.5, 10810.0], [66303.0, 6000.0]], "asks": [[66325.5, 93720.0], [66326.0, 2990.0], [66326.5, 10000.0], [66328.0, 500.0], [66328.5, 2900.0], [66329.5, 1790.0], [66330.5, 6000.0], [66332.0, 35300.0], [66334.0, 75020.0], [66334.5, 49290.0], [66335.0, 9240.0], [66335.5, 14030.0], [66336.0, 26000.0], [66337.5, 11000.0], [66338.5, 10000.0], [66339.0, 10200.0], [66339.5, 5390.0], [66341.5, 21000.0], [66342.0, 10440.0], [66342.5, 19650.0]]}}}
{"jsonrpc": "2.0", "method": "subscription", "params": {"channel": "book.BTC-PERPETUAL.none.20.100ms", "data": {"timestamp": 1772449200251, "change_id": 143113842437, "instrument_name": "BTC-PERPETUAL", "bids": [[66325.0, 5750.0], [66316.5, 166010.0], [66315.0, 1000.0], [66314.5, 600.0], [66313.5, 6770.0], [66313.0, 10000.0], [66312.0, 490.0], [66311.0, 10990.0], [66310.0, 6000.0], [66308.5, 32370.0], [66308.0, 83430.0], [66307.5, 30860.0], [66307.0, 6000.0], [66306.5, 5400.0], [66305.5, 12000.0], [66304.0, 19430.0], [66303.5, 10810.0], [66303.0, 6000.0], [66302.5, 500.0], [66300.5, 50000.0]], "asks": [[66325.5, 119010.0], [66326.0, 2990.0], [66326.5, 10000.0], [66328.5, 2900.0], [66330.0, 2090.0], [66330.5, 6000.0], [66332.0, 1000.0], [66332.5, 34480.0], [66333.0, 9240.0], [66333.5, 49290.0], [66335.0, 75020.0], [66335.5, 4780.0], [66337.5, 6000.0], [66338.5, 10000.0], [66339.0, 10200.0], [66339.5, 5390.0], [66341.5, 21000.0], [66342.0, 10440.0], [66342.5, 19650.0], [66343.0, 50000.0]]}}}
{"jsonrpc": "2.0", "method": "subscription", "params": {"channel": "book.BTC-PERPETUAL.none.20.100ms", "data": {"timestamp": 1772449200582, "change_id": 143113843443, "instrument_name": "BTC-PERPETUAL", "bids": [[66325.0, 2850.0], [66320.0, 3610.0], [66316.5, 166010.0], [66315.0, 1000.0], [66314.5, 600.0], [66312.0, 10200.0], [66310.5, 12490.0], [66310.0, 6000.0], [66309.5, 8130.0], [66308.5, 2730.0], [66307.5, 62650.0], [66307.0, 6000.0], [66306.5, 5400.0], [66304.5, 8240.0], [66304.0, 80160.0], [66303.5, 10810.0], [66303.0, 6000.0], [66302.5, 500.0], [66300.0, 50000.0], [66299.5, 6000.0]], "asks": [[66325.5, 103440.0], [66329.5, 9240.0], [66330.0, 37050.0], [66330.5, 6000.0], [66331.5, 52900.0], [66332.0, 76020.0], [66337.0, 11040.0], [66337.5, 6000.0], [66338.5, 31000.0], [66339.0, 6220.0], [66339.5, 5390.0], [66342.0, 10440.0], [66342.5, 19650.0], [66343.0, 50000.0], [66345.0, 5390.0], [66345.5, 35450.0], [66348.0, 500.0], [66349.5, 4910.0], [66350.0, 10450.0], [66351.0, 6100.0]]}}}
{"jsonrpc": "2.0", "method": "subscription", "params": {"channel": "book.BTC-PERPETUAL.none.20.100ms", "data": {"timestamp": 1772449200913, "change_id": 143113844888, "instrument_name": "BTC-PERPETUAL", "bids": [[66316.5, 160010.0], [66308.5, 2730.0], [66307.5, 7790.0], [66307.0, 6000.0], [66302.0, 1080.0], [66301.5, 3610.0], [66300.0, 7500.0], [66299.5, 6000.0], [66299.0, 6500.0], [66298.0, 13110.0], [66297.0, 6870.0], [66295.5, 10.0], [66295.0, 10990.0], [66293.5, 12000.0], [66293.0, 6000.0], [66291.5, 100.0], [66291.0, 100.0], [66290.5, 120.0], [66290.0, 77450.0], [66289.5, 10810.0]], "asks": [[66317.0, 152750.0], [66318.5, 49300.0], [66321.5, 21000.0], [66322.0, 1000.0], [66323.0, 31000.0], [66325.0, 33400.0], [66325.5, 126050.0], [66326.5, 50000.0], [66329.0, 15000.0], [66330.0, 1790.0], [66330.5, 6000.0], [66334.0, 6770.0], [66335.0, 10840.0], [66335.5, 5400.0], [66336.0, 21220.0], [66337.0, 1790.0], [66337.5, 6000.0], [66342.0, 10440.0], [66345.5, 10450.0], [66349.5, 4910.0]]}}}
{"jsonrpc": "2.0", "method": "subscription", "params": {"channel": "book.BTC-PERPETUAL.none.20.100ms", "data": {"timestamp": 1772449201239, "change_id": 143113845887, "instrument_name": "BTC-PERPETUAL", "bids": [[66316.5, 10.0], [66307.5, 6000.0], [66307.0, 6000.0], [66306.0, 3610.0], [66303.0, 47760.0], [66302.5, 160000.0], [66300.0, 11640.0], [66299.5, 6200.0], [66299.0, 6000.0], [66298.5, 12000.0], [66298.0, 7500.0], [66297.5, 490.0], [66297.0, 33300.0], [66296.5, 10990.0], [66296.0, 6000.0], [66295.5, 10.0], [66294.5, 10830.0], [66294.0, 83230.0], [66293.5, 5410.0], [66290.5, 120.0]], "asks": [[66317.0, 248280.0], [66318.5, 10.0], [66320.5, 7460.0], [66321.0, 25000.0], [66322.0, 51000.0], [66322.5, 33440.0], [66323.0, 81020.0], [66324.5, 31000.0], [66325.0, 4760.0], [66325.5, 15960.0], [66328.5, 6270.0], [66329.0, 15000.0], [66330.5, 6000.0], [66334.0, 6770.0], [66335.0, 10840.0], [66335.5, 5400.0], [66336.0, 21220.0], [66337.0, 1790.0], [66337.5, 6000.0], [66338.0, 21220.0]]}}}
{"jsonrpc": "2.0", "method": "subscription", "params": {"channel": "book.BTC-PERPETUAL.none.20.100ms", "data": {"timestamp": 1772449201572, "change_id": 143113848430, "instrument_name": "BTC-PERPETUAL", "bids": [[66296.0, 160000.0], [66295.5, 10.0], [66287.5, 10.0], [66286.5, 200.0], [66285.5, 3610.0], [66283.5, 90.0], [66283.0, 5240.0], [66282.5, 10990.0], [66282.0, 6090.0], [66279.5, 490.0], [66278.5, 52660.0], [66278.0, 12000.0], [66277.5, 38720.0], [66276.5, 74990.0], [66274.0, 3230.0], [66273.5, 10820.0], [66271.5, 5870.0], [66271.0, 6000.0], [66270.5, 6000.0], [66269.5, 19490.0]], "asks": [[66296.5, 53330.0], [66301.0, 210.0], [66301.5, 10.0], [66303.0, 14610.0], [66306.5, 7510.0], [66307.0, 31010.0], [66307.5, 51400.0], [66308.0, 112510.0], [66312.5, 49290.0], [66313.0, 21000.0], [66314.0, 3230.0], [66314.5, 10830.0], [66315.0, 5400.0], [66316.0, 24200.0], [66316.5, 23400.0], [66317.0, 37150.0], [66321.0, 10830.0], [66323.0, 6000.0], [66324.5, 10000.0], [66325.0, 14020.0]]}}}
{"jsonrpc": "2.0", "method": "subscription", "params": {"channel": "book.BTC-PERPETUAL.none.20.100ms", "data": {"timestamp": 1772449201898, "change_id": 143113850265, "instrument_name": "BTC-PERPETUAL", "bids": [[66295.5, 10.0], [66289.0, 160000.0], [66285.5, 3610.0], [66282.0, 6000.0], [66281.0, 200.0], [66278.5, 11480.0], [66278.0, 12000.0], [66277.5, 16220.0], [66274.5, 83230.0], [66273.5, 10820.0], [66271.0, 6000.0], [66270.5, 6000.0], [66269.0, 6000.0], [66268.5, 19490.0], [66267.0, 13230.0], [66265.0, 9230.0], [66263.0, 180.0], [66262.5, 10820.0], [66261.5, 49260.0], [66260.0, 12000.0]], "asks": [[66296.0, 67930.0], [66296.5, 55800.0], [66300.0, 58530.0], [66300.5, 2500.0], [66301.0, 50000.0], [66301.5, 10.0], [66302.0, 75020.0], [66303.0, 19470.0], [66303.5, 25000.0], [66304.5, 21000.0], [66305.0, 470.0], [66307.0, 11010.0], [66310.0, 10000.0], [66314.5, 10830.0], [66315.0, 10800.0], [66316.0, 6000.0], [66317.0, 950.0], [66321.0, 10830.0], [66323.0, 6000.0], [66324.0, 100.0]]}}}
{"jsonrpc": "2.0", "method": "subscription", "params": {"channel": "book.BTC-PERPETUAL.none.20.100ms", "data": {"timestamp": 1772449202234, "change_id": 143113852109, "instrument_name": "BTC-PERPETUAL", "bids": [[66289.0, 160000.0], [66281.5, 1140.0], [66281.0, 3610.0], [66279.5, 6400.0], [66278.0, 18490.0], [66276.5, 200.0], [66276.0, 9120.0], [66275.5, 10990.0], [66274.0, 8240.0], [66273.5, 10820.0], [66272.5, 29370.0], [66272.0, 74990.0], [66271.0, 6000.0], [66270.5, 11410.0], [66269.0, 6000.0], [66268.5, 12670.0], [66268.0, 19490.0], [66267.0, 13230.0], [66266.0, 9230.0], [66265.5, 500.0]], "asks": [[66289.5, 52940.0], [66290.5, 30500.0], [66292.5, 6110.0], [66293.5, 500.0], [66296.0, 29920.0], [66296.5, 5260.0], [66299.0, 6000.0], [66299.5, 133550.0], [66300.5, 2500.0], [66301.5, 50010.0], [66303.0, 8170.0], [66306.0, 12790.0], [66306.5, 21000.0], [66307.0, 11010.0], [66307.5, 23700.0], [66308.0, 10790.0], [66310.0, 10000.0], [66310.5, 25000.0], [66312.0, 500.0], [66314.0, 2700.0]]}}}
{"jsonrpc": "2.0", "method": "subscription", "params": {"channel": "book.BTC-PERPETUAL.none.20.100ms", "data": {"timestamp": 1772449202518, "change_id": 143113853836, "instrument_name": "BTC-PERPETUAL", "bids": [[66271.0, 22200.0], [66270.5, 29400.0], [66269.0, 12850.0], [66268.5, 7500.0], [66266.5, 500.0], [66266.0, 60000.0], [66263.5, 3280.0], [66263.0, 10990.0], [66261.0, 18290.0], [66260.0, 6000.0], [66257.5, 22500.0], [66256.5, 90.0], [66252.5, 13650.0], [66252.0, 9230.0], [66251.5, 3350.0], [66251.0, 56000.0], [66249.0, 6500.0], [66247.5, 26100.0], [66247.0, 10820.0], [66246.0, 6000.0]], "asks": [[66271.5, 1120.0], [66272.0, 13190.0], [66273.0, 4870.0], [66274.5, 12000.0], [66275.0, 4870.0], [66276.0, 3610.0], [66276.5, 36610.0], [66278.5, 13210.0], [66280.0, 3840.0], [66281.5, 13190.0], [66284.5, 10.0], [66289.0, 23400.0], [66289.5, 87660.0], [66291.5, 6000.0], [66294.0, 70290.0], [66295.5, 500.0], [66296.0, 1300.0], [66297.0, 50000.0], [66297.5, 1000.0], [66298.5, 5300.0]]}}}
{"jsonrpc": "2.0", "method": "subscription", "params": {"channel": "book.BTC-PERPETUAL.none.20.100ms", "data": {"timestamp": 1772449202895, "change_id": 143113856271, "instrument_name": "BTC-PERPETUAL", "bids": [[66270.5, 10870.0], [66270.0, 5910.0], [66269.5, 10000.0], [66269.0, 6000.0], [66268.0, 3610.0], [66266.0, 200.0], [66264.5, 8860.0], [66263.0, 6000.0], [66262.0, 38650.0], [66261.5, 22990.0], [66260.0, 6000.0], [66258.5, 26090.0], [66258.0, 83230.0], [66256.0, 6000.0], [66254.0, 11510.0], [66253.5, 10830.0], [66253.0, 19490.0], [66252.5, 5410.0], [66252.0, 9230.0], [66251.5, 1940.0]], "asks": [[66271.0, 38620.0], [66271.5, 4870.0], [66274.0, 690.0], [66275.0, 13280.0], [66275.5, 8250.0], [66276.0, 37700.0], [66276.5, 23400.0], [66278.0, 500.0], [66279.5, 210.0], [66280.0, 1400.0], [66280.5, 1070.0], [66282.0, 3610.0], [66284.5, 14720.0], [66285.0, 49290.0], [66287.0, 62320.0], [66287.5, 50000.0], [66288.0, 26000.0], [66288.5, 9240.0], [66289.0, 29400.0], [66289.5, 99160.0]]}}}
{"jsonrpc": "2.0", "method": "subscription", "params": {"channel": "book.BTC-PERPETUAL.none.20.100ms", "data": {"timestamp": 1772449203217, "change_id": 143113857883, "instrument_name": "BTC-PERPETUAL", "bids": [[66278.5, 4920.0], [66275.0, 37900.0], [66274.5, 6000.0], [66274.0, 4870.0], [66271.0, 23600.0], [66270.5, 29040.0], [66270.0, 11910.0], [66269.5, 20990.0], [66269.0, 6000.0], [66263.5, 19490.0], [66263.0, 6000.0], [66262.5, 490.0], [66262.0, 29530.0], [66260.0, 6000.0], [66259.0, 8240.0], [66258.5, 1790.0], [66256.0, 6000.0], [66254.5, 1000.0], [66253.5, 10830.0], [66252.5, 5410.0]], "asks": [[66283.0, 19250.0], [66284.5, 10.0], [66287.5, 50000.0], [66289.5, 10950.0], [66291.0, 5000.0], [66291.5, 210.0], [66293.0, 55560.0], [66293.5, 9240.0], [66294.0, 3380.0], [66294.5, 10830.0], [66295.5, 500.0], [66298.0, 3230.0], [66298.5, 10830.0], [66301.5, 21000.0], [66302.0, 9670.0], [66302.5, 25830.0], [66306.5, 3240.0], [66307.0, 10.0], [66307.5, 10830.0], [66311.0, 100.0]]}}}
{"jsonrpc": "2.0", "method": "subscription", "params": {"channel": "book.BTC-PERPETUAL.none.20.100ms", "data": {"timestamp": 1772449203554, "change_id": 143113859853, "instrument_name": "BTC-PERPETUAL", "bids": [[66278.5, 13600.0], [66278.0, 6000.0], [66275.5, 500.0], [66274.5, 6000.0], [66274.0, 16000.0], [66272.5, 12000.0], [66271.5, 74990.0], [66270.5, 12000.0], [66270.0, 6000.0], [66269.0, 6000.0], [66266.5, 3280.0], [66266.0, 10990.0], [66265.0, 4250.0], [66263.5, 8240.0], [66263.0, 6000.0], [66261.0, 19080.0], [66260.5, 19490.0], [66260.0, 11410.0], [66259.0, 16730.0], [66258.5, 21200.0]], "asks": [[66279.0, 43480.0], [66281.5, 8360.0], [66282.0, 30500.0], [66283.5, 2470.0], [66284.0, 8250.0], [66284.5, 10.0], [66286.5, 6100.0], [66288.0, 210.0], [66288.5, 10000.0], [66289.5, 9240.0], [66290.5, 22240.0], [66291.0, 74290.0], [66291.5, 4110.0], [66294.0, 9880.0], [66294.5, 10830.0], [66296.5, 21000.0], [66297.0, 23560.0], [66297.5, 67790.0], [66298.5, 10830.0], [66300.0, 5000.0]]}}}
{"jsonrpc": "2.0", "method": "subscription", "params": {"channel": "book.BTC-PERPETUAL.none.20.100ms", "data": {"timestamp": 1772449203885, "change_id": 143113861630, "instrument_name": "BTC-PERPETUAL", "bids": [[66270.5, 46580.0], [66270.0, 16000.0], [66269.5, 3010.0], [66269.0, 6000.0], [66268.0, 3610.0], [66265.5, 490.0], [66264.5, 14090.0], [66264.0, 30200.0], [66263.5, 10990.0], [66263.0, 6000.0], [66261.5, 8240.0], [66261.0, 15250.0], [66260.0, 11410.0], [66259.5, 9230.0], [66259.0, 7500.0], [66258.5, 21200.0], [66258.0, 47680.0], [66257.5, 85800.0], [66256.5, 500.0], [66256.0, 8140.0]], "asks": [[66271.0, 42940.0], [66277.5, 210.0], [66279.0, 4090.0], [66280.5, 9700.0], [66281.0, 19250.0], [66282.5, 3610.0], [66283.0, 5820.0], [66283.5, 20000.0], [66284.5, 10.0], [66286.5, 54670.0], [66289.0, 85840.0], [66289.5, 69310.0], [66290.0, 81000.0], [66291.0, 1000.0], [66294.0, 9090.0], [66294.5, 10830.0], [66297.0, 27520.0], [66297.5, 6000.0], [66298.5, 10830.0], [66300.0, 5000.0]]}}}
{"jsonrpc": "2.0", "method": "subscription", "params": {"channel": "book.BTC-PERPETUAL.none.20.100ms", "data": {"timestamp": 1772449204215, "change_id": 143113863327, "instrument_name": "BTC-PERPETUAL", "bids": [[66278.0, 39190.0], [66277.0, 3610.0], [66273.0, 18000.0], [66271.5, 200.0], [66271.0, 500.0], [66270.5, 6000.0], [66270.0, 6000.0], [66269.0, 6000.0], [66265.5, 28950.0], [66265.0, 83230.0], [66263.5, 10990.0], [66263.0, 6000.0], [66260.5, 20550.0], [66260.0, 34720.0], [66259.5, 5410.0], [66259.0, 7500.0], [66258.5, 21200.0], [66258.0, 19770.0], [66257.5, 10820.0], [66256.5, 500.0]], "asks": [[66278.5, 29980.0], [66280.5, 5330.0], [66281.0, 19250.0], [66283.5, 210.0], [66284.5, 10.0], [66287.0, 26790.0], [66287.5, 20000.0], [66288.0, 3610.0], [66289.0, 69350.0], [66289.5, 10780.0], [66290.0, 6000.0], [66291.0, 1000.0], [66291.5, 25000.0], [66292.0, 14930.0], [66293.0, 50000.0], [66293.5, 30680.0], [66294.5, 85850.0], [66296.0, 15000.0], [66296.5, 21000.0], [66297.0, 6520.0]]}}}
{"jsonrpc": "2.0", "method": "subscription", "params": {"channel": "book.BTC-PERPETUAL.none.20.100ms", "data": {"timestamp": 1772449204541, "change_id": 143113865048, "instrument_name": "BTC-PERPETUAL", "bids": [[66278.0, 10870.0], [66277.5, 2870.0], [66277.0, 3610.0], [66273.0, 6000.0], [66271.5, 200.0], [66270.5, 14860.0], [66270.0, 22000.0], [66269.0, 6000.0], [66267.5, 3580.0], [66267.0, 12000.0], [66265.0, 27460.0], [66264.5, 10990.0], [66264.0, 74990.0], [66263.0, 6000.0], [66260.5, 20210.0], [66260.0, 6000.0], [66259.5, 5410.0], [66259.0, 7500.0], [66258.5, 21200.0], [66258.0, 5810.0]], "asks": [[66278.5, 70550.0], [66283.0, 5960.0], [66283.5, 10210.0], [66284.5, 10.0], [66286.5, 9740.0], [66287.0, 26790.0], [66287.5, 49290.0], [66288.0, 3610.0], [66289.0, 10820.0], [66289.5, 10780.0], [66290.0, 6000.0], [66291.0, 1000.0], [66292.5, 47390.0], [66293.0, 96020.0], [66293.5, 75000.0], [66294.0, 7710.0], [66294.5, 10830.0], [66296.0, 15000.0], [66297.0, 6520.0], [66297.5, 6000.0]]}}}
{"jsonrpc": "2.0", "method": "subscription", "params": {"channel": "book.BTC-PERPETUAL.none.20.100ms", "data": {"timestamp": 1772449204873, "change_id": 143113865878, "instrument_name": "BTC-PERPETUAL", "bids": [[66278.0, 10870.0], [66277.5, 2870.0], [66277.0, 3610.0], [66273.0, 6000.0], [66271.5, 200.0], [66271.0, 500.0], [66270.5, 14360.0], [66270.0, 22000.0], [66269.0, 6000.0], [66268.5, 28370.0], [66267.5, 10990.0], [66267.0, 12000.0], [66265.5, 80060.0], [66264.5, 8240.0], [66263.0, 6000.0], [66260.0, 16180.0], [66259.5, 5410.0], [66259.0, 16730.0], [66258.5, 32830.0], [66258.0, 19490.0]], "asks": [[66278.5, 40380.0], [66279.0, 2990.0], [66280.0, 10000.0], [66283.0, 8870.0], [66283.5, 30710.0], [66284.5, 10.0], [66286.5, 500.0], [66288.0, 26560.0], [66288.5, 58530.0], [66289.0, 10820.0], [66289.5, 10780.0], [66290.0, 6000.0], [66291.0, 1000.0], [66292.0, 7460.0], [66293.0, 25000.0], [66294.0, 31890.0], [66294.5, 10830.0], [66295.5, 96020.0], [66297.0, 19120.0], [66297.5, 6000.0]]}}}
{"jsonrpc": "2.0", "method": "subscription", "params": {"channel": "book.BTC-PERPETUAL.none.20.100ms", "data": {"timestamp": 1772449205205, "change_id": 143113867555, "instrument_name": "BTC-PERPETUAL", "bids": [[66278.0, 28470.0], [66277.5, 2870.0], [66277.0, 3610.0], [66273.5, 500.0], [66273.0, 6000.0], [66271.5, 200.0], [66270.5, 14360.0], [66270.0, 22000.0], [66269.0, 6000.0], [66268.5, 28430.0], [66267.5, 74990.0], [66267.0, 12000.0], [66266.0, 10990.0], [66265.5, 1790.0], [66263.0, 6000.0], [66260.5, 8240.0], [66260.0, 16180.0], [66259.5, 5410.0], [66259.0, 7500.0], [66258.5, 32830.0]], "asks": [[66278.5, 71140.0], [66279.0, 6270.0], [66279.5, 11000.0], [66280.0, 10000.0], [66283.5, 210.0], [66284.5, 10.0], [66286.5, 24180.0], [66287.0, 49290.0], [66287.5, 9740.0], [66288.0, 3610.0], [66289.0, 10820.0], [66289.5, 10780.0], [66290.0, 6000.0], [66291.0, 1000.0], [66292.5, 8480.0], [66293.0, 7460.0], [66293.5, 25000.0], [66294.5, 52250.0], [66295.5, 21000.0], [66296.0, 130020.0]]}}}
{"jsonrpc": "2.0", "method": "subscription", "params": {"channel": "book.BTC-PERPETUAL.none.20.100ms", "data": {"timestamp": 1772449205531, "change_id": 143113869282, "instrument_name": "BTC-PERPETUAL", "bids": [[66278.0, 10870.0], [66277.5, 2870.0], [66277.0, 3610.0], [66273.5, 500.0], [66273.0, 6000.0], [66271.5, 200.0], [66270.5, 14360.0], [66270.0, 22000.0], [66269.0, 6000.0], [66268.5, 28430.0], [66267.5, 74990.0], [66267.0, 12000.0], [66266.0, 10990.0], [66265.5, 4020.0], [66263.5, 8240.0], [66263.0, 6000.0], [66260.0, 16180.0], [66259.5, 5410.0], [66259.0, 7500.0], [66258.5, 29760.0]], "asks": [[66278.5, 39600.0], [66279.0, 5890.0], [66279.5, 11000.0], [66280.0, 10000.0], [66283.5, 210.0], [66284.5, 10.0], [66285.5, 5820.0], [66286.0, 19500.0], [66286.5, 24180.0], [66287.5, 9740.0], [66288.0, 3610.0], [66288.5, 49290.0], [66289.0, 10820.0], [66289.5, 10780.0], [66290.0, 6000.0], [66291.0, 1000.0], [66292.0, 9670.0], [66292.5, 8480.0], [66293.5, 25000.0], [66294.0, 31980.0]]}}}
{"jsonrpc": "2.0", "method": "subscription", "params": {"channel": "book.BTC-PERPETUAL.none.20.100ms", "data": {"timestamp": 1772449205856, "change_id": 143113870108, "instrument_name": "BTC-PERPETUAL", "bids": [[66278.0, 19330.0], [66277.5, 2870.0], [66277.0, 3610.0], [66275.5, 200.0], [66273.5, 500.0], [66273.0, 6000.0], [66272.5, 14030.0], [66272.0, 12000.0], [66270.5, 6000.0], [66270.0, 12000.0], [66269.5, 10990.0], [66269.0, 6000.0], [66268.5, 21780.0], [66267.5, 74990.0], [66266.5, 8240.0], [66266.0, 7500.0], [66263.5, 1790.0], [66263.0, 6000.0], [66260.5, 28720.0], [66260.0, 16180.0]], "asks": [[66278.5, 18930.0], [66280.0, 8250.0], [66280.5, 10000.0], [66284.5, 8370.0], [66286.0, 30500.0], [66286.5, 6510.0], [66288.5, 500.0], [66289.0, 10820.0], [66289.5, 20230.0], [66290.0, 18470.0], [66290.5, 49290.0], [66292.5, 3610.0], [66294.0, 24320.0], [66294.5, 60830.0], [66296.0, 26000.0], [66297.5, 6000.0], [66298.0, 96020.0], [66298.5, 10830.0], [66299.5, 8010.0], [66302.0, 3380.0]]}}}
{"jsonrpc": "2.0", "method": "subscription", "params": {"channel": "book.BTC-PERPETUAL.none.20.100ms", "data": {"timestamp": 1772449206176, "change_id": 143113870756, "instrument_name": "BTC-PERPETUAL", "bids": [[66278.0, 59380.0], [66277.5, 39470.0], [66277.0, 3610.0], [66275.5, 200.0], [66274.0, 500.0], [66273.5, 123150.0], [66273.0, 6000.0], [66272.5, 10440.0], [66270.5, 6000.0], [66270.0, 12000.0], [66269.0, 16990.0], [66268.5, 26480.0], [66267.5, 8240.0], [66267.0, 74990.0], [66266.0, 7500.0], [66264.5, 1790.0], [66263.0, 6000.0], [66260.5, 28720.0], [66260.0, 16180.0], [66259.5, 5410.0]], "asks": [[66278.5, 17720.0], [66280.0, 10000.0], [66283.5, 9110.0], [66284.0, 38750.0], [66284.5, 10.0], [66286.5, 6510.0], [66288.5, 500.0], [66289.0, 10820.0], [66289.5, 10990.0], [66290.0, 18060.0], [66292.0, 58530.0], [66292.5, 3610.0], [66293.0, 25000.0], [66294.0, 39790.0], [66294.5, 10830.0], [66296.0, 1000.0], [66297.0, 130020.0], [66297.5, 6000.0], [66298.5, 10830.0], [66299.0, 21000.0]]}}}
{"jsonrpc": "2.0", "method": "subscription", "params": {"channel": "book.BTC-PERPETUAL.none.20.100ms", "data": {"timestamp": 1772449206529, "change_id": 143113871556, "instrument_name": "BTC-PERPETUAL", "bids": [[66278.0, 59500.0], [66277.5, 39470.0], [66277.0, 3610.0], [66275.5, 3200.0], [66274.0, 500.0], [66273.5, 123150.0], [66273.0, 16000.0], [66272.5, 10440.0], [66270.5, 6000.0], [66270.0, 12000.0], [66269.0, 44070.0], [66268.0, 83230.0], [66266.0, 7500.0], [66264.5, 1790.0], [66263.0, 6000.0], [66260.5, 28720.0], [66260.0, 16180.0], [66259.5, 5410.0], [66259.0, 7500.0], [66258.5, 21200.0]], "asks": [[66278.5, 1280.0], [66280.0, 11940.0], [66282.5, 19250.0], [66283.0, 5820.0], [66284.5, 10.0], [66286.0, 31500.0], [66286.5, 6510.0], [66288.5, 500.0], [66289.0, 10820.0], [66289.5, 10990.0], [66290.0, 18060.0], [66292.0, 58530.0], [66292.5, 25000.0], [66294.0, 39790.0], [66294.5, 10830.0], [66296.0, 1000.0], [66296.5, 75020.0], [66297.0, 55000.0], [66297.5, 6000.0], [66298.5, 10830.0]]}}}
{"jsonrpc": "2.0", "method": "subscription", "params": {"channel": "book.BTC-PERPETUAL.none.20.100ms", "data": {"timestamp": 1772449206860, "change_id": 143113872811, "instrument_name": "BTC-PERPETUAL", "bids": [[66285.0, 73710.0], [66284.5, 9940.0], [66284.0, 200.0], [66283.5, 3000.0], [66282.5, 10000.0], [66278.5, 36750.0], [66278.0, 35970.0], [66276.5, 74990.0], [66276.0, 19230.0], [66275.5, 40790.0], [66274.0, 7500.0], [66273.5, 123150.0], [66273.0, 6000.0], [66271.5, 12980.0], [66270.5, 6000.0], [66270.0, 21230.0], [66269.5, 19490.0], [66269.0, 27500.0], [66267.5, 10810.0], [66266.5, 54660.0]], "asks": [[66285.5, 22090.0], [66290.5, 19250.0], [66293.0, 19500.0], [66295.5, 210.0], [66297.0, 500.0], [66297.5, 22960.0], [66298.5, 10830.0], [66300.0, 20010.0], [66300.5, 54460.0], [66301.0, 6000.0], [66302.5, 10830.0], [66303.0, 500.0], [66304.5, 41210.0], [66306.0, 3610.0], [66307.0, 75030.0], [66307.5, 10830.0], [66308.0, 26240.0], [66309.0, 21000.0], [66309.5, 6000.0], [66310.0, 50000.0]]}}}
{"jsonrpc": "2.0", "method": "subscription", "params": {"channel": "book.BTC-PERPETUAL.none.20.100ms", "data": {"timestamp": 1772449207184, "change_id": 143113873504, "instrument_name": "BTC-PERPETUAL", "bids": [[66285.0, 50310.0], [66284.5, 9950.0], [66284.0, 200.0], [66283.5, 3000.0], [66283.0, 500.0], [66281.0, 10000.0], [66279.0, 31730.0], [66278.0, 12070.0], [66277.5, 74990.0], [66276.5, 10990.0], [66276.0, 8240.0], [66275.5, 40790.0], [66274.0, 7500.0], [66273.5, 123150.0], [66273.0, 6000.0], [66271.5, 12980.0], [66270.5, 6000.0], [66270.0, 12000.0], [66269.5, 28720.0], [66269.0, 8240.0]], "asks": [[66285.5, 45490.0], [66290.0, 5750.0], [66290.5, 19250.0], [66295.5, 210.0], [66296.5, 5820.0], [66297.0, 19500.0], [66297.5, 22960.0], [66298.0, 500.0], [66298.5, 10830.0], [66299.5, 58530.0], [66300.0, 10770.0], [66300.5, 13050.0], [66301.0, 6000.0], [66301.5, 3610.0], [66302.5, 35830.0], [66303.0, 500.0], [66304.5, 41210.0], [66305.0, 1000.0], [66307.0, 125030.0], [66307.5, 10830.0]]}}}
{"jsonrpc": "2.0", "method": "subscription", "params": {"channel": "book.BTC-PERPETUAL.none.20.100ms", "data": {"timestamp": 1772449207521, "change_id": 143113874383, "instrument_name": "BTC-PERPETUAL", "bids": [[66285.0, 33540.0], [66284.5, 10540.0], [66284.0, 200.0], [66282.5, 3000.0], [66279.5, 12490.0], [66279.0, 3580.0], [66278.0, 12010.0], [66275.5, 57960.0], [66274.0, 18490.0], [66273.5, 123150.0], [66273.0, 6000.0], [66272.5, 32010.0], [66272.0, 74990.0], [66271.0, 8240.0], [66270.5, 6000.0], [66270.0, 12000.0], [66269.0, 8240.0], [66267.5, 10810.0], [66266.5, 5400.0], [66266.0, 36220.0]], "asks": [[66285.5, 58610.0], [66289.0, 5820.0], [66289.5, 19500.0], [66290.5, 11000.0], [66295.0, 25150.0], [66295.5, 50000.0], [66296.5, 34240.0], [66298.0, 6450.0], [66298.5, 10830.0], [66300.0, 10770.0], [66300.5, 40290.0], [66301.0, 7000.0], [66301.5, 3610.0], [66302.0, 125020.0], [66302.5, 31830.0], [66303.0, 500.0], [66304.5, 14500.0], [66307.0, 10.0], [66307.5, 10830.0], [66309.5, 6000.0]]}}}
{"jsonrpc": "2.0", "method": "subscription", "params": {"channel": "book.BTC-PERPETUAL.none.20.100ms", "data": {"timestamp": 1772449207847, "change_id": 143113874959, "instrument_name": "BTC-PERPETUAL", "bids": [[66285.0, 33550.0], [66284.5, 10540.0], [66284.0, 200.0], [66282.5, 3000.0], [66279.5, 12500.0], [66279.0, 3580.0], [66278.0, 12000.0], [66275.5, 57960.0], [66274.0, 18490.0], [66273.5, 123150.0], [66273.0, 80990.0], [66272.5, 9620.0], [66271.0, 8240.0], [66270.5, 6000.0], [66270.0, 12000.0], [66269.0, 8240.0], [66267.5, 10810.0], [66266.5, 5400.0], [66266.0, 26990.0], [66264.0, 9230.0]], "asks": [[66285.5, 48610.0], [66286.0, 10000.0], [66287.0, 9100.0], [66287.5, 19500.0], [66288.5, 11000.0], [66294.5, 9740.0], [66295.0, 25150.0], [66295.5, 49500.0], [66296.0, 25000.0], [66298.0, 21370.0], [66298.5, 10830.0], [66300.0, 10770.0], [66300.5, 50000.0], [66301.0, 38750.0], [66301.5, 3610.0], [66302.0, 75020.0], [66302.5, 31830.0], [66303.0, 500.0], [66304.0, 7560.0], [66304.5, 14500.0]]}}}
{"jsonrpc": "2.0", "method": "subscription", "params": {"channel": "book.BTC-PERPETUAL.none.20.100ms", "data": {"timestamp": 1772449208181, "change_id": 143113876032, "instrument_name": "BTC-PERPETUAL", "bids": [[66285.0, 51760.0], [66284.5, 10540.0], [66284.0, 200.0], [66282.5, 3000.0], [66280.0, 500.0], [66279.5, 12000.0], [66279.0, 13580.0], [66278.0, 12000.0], [66275.5, 57960.0], [66274.0, 18490.0], [66273.5, 123150.0], [66273.0, 6000.0], [66272.5, 31090.0], [66271.5, 74990.0], [66271.0, 8240.0], [66270.5, 6000.0], [66270.0, 12000.0], [66269.0, 8240.0], [66267.5, 10810.0], [66266.5, 5400.0]], "asks": [[66285.5, 58610.0], [66287.5, 11000.0], [66293.5, 500.0], [66294.0, 19500.0], [66294.5, 9240.0], [66295.0, 25150.0], [66295.5, 49500.0], [66296.0, 25000.0], [66298.0, 6450.0], [66298.5, 10830.0], [66300.0, 10770.0], [66301.0, 50990.0], [66301.5, 3610.0], [66302.0, 75020.0], [66302.5, 10830.0], [66303.0, 500.0], [66303.5, 50000.0], [66304.0, 28560.0], [66304.5, 14500.0], [66307.0, 10.0]]}}}
{"jsonrpc": "2.0", "method": "subscription", "params": {"channel": "book.BTC-PERPETUAL.none.20.100ms", "data": {"timestamp": 1772449208506, "change_id": 143113876594, "instrument_name": "BTC-PERPETUAL", "bids": [[66285.0, 68530.0], [66284.5, 9950.0], [66284.0, 200.0], [66282.5, 3000.0], [66281.5, 500.0], [66281.0, 10000.0], [66279.5, 6570.0], [66278.0, 12000.0], [66276.0, 19230.0], [66275.5, 57960.0], [66274.5, 74990.0], [66274.0, 7500.0], [66273.5, 123150.0], [66273.0, 6000.0], [66272.5, 12070.0], [66270.5, 6000.0], [66270.0, 12000.0], [66269.5, 28720.0], [66269.0, 8240.0], [66267.5, 10810.0]], "asks": [[66285.5, 16960.0], [66286.0, 10000.0], [66291.0, 11570.0], [66291.5, 19250.0], [66292.5, 19500.0], [66295.5, 210.0], [66296.0, 7960.0], [66296.5, 25000.0], [66297.0, 21160.0], [66298.5, 10830.0], [66299.5, 9240.0], [66300.0, 10770.0], [66300.5, 49290.0], [66301.0, 33850.0], [66301.5, 3610.0], [66302.5, 10830.0], [66303.0, 500.0], [66303.5, 75020.0], [66304.0, 7560.0], [66304.5, 14500.0]]}}}
{"jsonrpc": "2.0", "method": "subscription", "params": {"channel": "book.BTC-PERPETUAL.none.20.100ms", "data": {"timestamp": 1772449208837, "change_id": 143113877066, "instrument_name": "BTC-PERPETUAL", "bids": [[66285.0, 68530.0], [66284.5, 9950.0], [66284.0, 200.0], [66282.5, 3000.0], [66281.5, 500.0], [66281.0, 10000.0], [66279.5, 6570.0], [66278.0, 12000.0], [66276.0, 74160.0], [66274.5, 83230.0], [66274.0, 7500.0], [66273.5, 123150.0], [66273.0, 6000.0], [66272.5, 12070.0], [66270.5, 6000.0], [66270.0, 12000.0], [66269.5, 28720.0], [66269.0, 8240.0], [66267.5, 10810.0], [66266.5, 5400.0]], "asks": [[66285.5, 16960.0], [66287.0, 10000.0], [66291.0, 5750.0], [66291.5, 19250.0], [66295.0, 13500.0], [66295.5, 19710.0], [66296.0, 500.0], [66296.5, 25000.0], [66297.0, 21160.0], [66298.5, 10830.0], [66299.5, 9240.0], [66300.0, 10770.0], [66300.5, 49290.0], [66301.0, 33280.0], [66301.5, 3610.0], [66302.5, 10830.0], [66303.0, 500.0], [66303.5, 75020.0], [66304.0, 7560.0], [66304.5, 14500.0]]}}}
{"jsonrpc": "2.0", "method": "subscription", "params": {"channel": "book.BTC-PERPETUAL.none.20.100ms", "data": {"timestamp": 1772449209171, "change_id": 143113877950, "instrument_name": "BTC-PERPETUAL", "bids": [[66285.0, 69930.0], [66284.5, 9950.0], [66284.0, 200.0], [66282.5, 3000.0], [66281.0, 10000.0], [66280.0, 490.0], [66279.5, 3580.0], [66278.0, 12000.0], [66277.0, 10990.0], [66275.5, 65630.0], [66274.5, 83230.0], [66274.0, 7500.0], [66273.5, 123150.0], [66273.0, 6000.0], [66272.5, 12070.0], [66270.5, 6000.0], [66270.0, 12000.0], [66269.5, 19490.0], [66269.0, 8240.0], [66268.0, 9230.0]], "asks": [[66285.5, 16960.0], [66287.0, 10000.0], [66291.0, 10830.0], [66291.5, 19250.0], [66293.5, 19500.0], [66294.0, 8420.0], [66295.0, 2500.0], [66295.5, 210.0], [66296.0, 500.0], [66296.5, 25000.0], [66297.0, 21160.0], [66298.0, 49290.0], [66298.5, 10830.0], [66299.0, 2500.0], [66299.5, 9240.0], [66300.0, 10770.0], [66301.0, 33280.0], [66301.5, 3610.0], [66302.5, 10830.0], [66303.0, 500.0]]}}}
{"jsonrpc": "2.0", "method": "subscription", "params": {"channel": "book.BTC-PERPETUAL.none.20.100ms", "data": {"timestamp": 1772449209494, "change_id": 143113878396, "instrument_name": "BTC-PERPETUAL", "bids": [[66285.0, 50340.0], [66284.5, 9950.0], [66284.0, 200.0], [66282.5, 3000.0], [66280.0, 490.0], [66279.5, 16400.0], [66278.0, 12000.0], [66276.0, 19230.0], [66275.5, 57960.0], [66274.0, 82490.0], [66273.5, 123150.0], [66273.0, 6000.0], [66272.5, 12070.0], [66270.5, 6000.0], [66270.0, 21230.0], [66269.5, 19490.0], [66269.0, 8240.0], [66267.5, 10810.0], [66266.5, 5400.0], [66266.0, 7500.0]], "asks": [[66285.5, 17060.0], [66287.0, 10000.0], [66291.0, 10830.0], [66291.5, 19250.0], [66293.5, 19500.0], [66294.0, 8420.0], [66294.5, 500.0], [66295.0, 2500.0], [66295.5, 210.0], [66296.5, 25000.0], [66297.0, 21160.0], [66298.5, 10830.0], [66299.0, 51790.0], [66299.5, 9240.0], [66300.0, 10770.0], [66301.0, 33280.0], [66301.5, 3610.0], [66302.0, 75020.0], [66302.5, 10830.0], [66303.0, 500.0]]}}}
{"jsonrpc": "2.0", "method": "subscription", "params": {"channel": "book.BTC-PERPETUAL.none.20.100ms", "data": {"timestamp": 1772449209832, "change_id": 143113878917, "instrument_name": "BTC-PERPETUAL", "bids": [[66285.0, 50340.0], [66284.5, 9950.0], [66284.0, 200.0], [66283.0, 500.0], [66282.5, 3000.0], [66280.5, 10000.0], [66279.5, 6400.0], [66278.0, 12000.0], [66276.0, 19230.0], [66275.5, 57960.0], [66274.5, 74990.0], [66274.0, 7500.0], [66273.5, 123150.0], [66273.0, 6000.0], [66272.5, 12070.0], [66270.5, 6000.0], [66270.0, 21230.0], [66269.5, 19490.0], [66269.0, 8240.0], [66267.5, 10810.0]], "asks": [[66285.5, 16960.0], [66287.0, 10000.0], [66291.0, 10830.0], [66291.5, 19250.0], [66293.5, 19500.0], [66294.0, 8420.0], [66295.0, 2500.0], [66295.5, 210.0], [66296.5, 25000.0], [66297.0, 21160.0], [66298.0, 500.0], [66298.5, 10830.0], [66299.0, 51790.0], [66299.5, 9240.0], [66300.0, 10770.0], [66301.0, 33280.0], [66301.5, 3610.0], [66302.5, 10830.0], [66303.0, 500.0], [66303.5, 75020.0]]}}}
{"jsonrpc": "2.0", "method": "subscription", "params": {"channel": "book.BTC-PERPETUAL.none.20.100ms", "data": {"timestamp": 1772449210163, "change_id": 143113879526, "instrument_name": "BTC-PERPETUAL", "bids": [[66285.0, 61440.0], [66284.5, 7100.0], [66284.0, 200.0], [66283.0, 500.0], [66282.5, 3000.0], [66279.5, 30520.0], [66279.0, 10000.0], [66278.0, 12000.0], [66276.5, 74990.0], [66276.0, 19230.0], [66275.5, 40790.0], [66274.0, 7500.0], [66273.5, 123150.0], [66273.0, 6000.0], [66272.5, 12070.0], [66270.5, 6000.0], [66270.0, 21230.0], [66269.5, 19490.0], [66269.0, 8240.0], [66267.5, 10810.0]], "asks": [[66285.5, 40360.0], [66286.5, 10000.0], [66291.0, 10830.0], [66291.5, 19250.0], [66293.5, 19500.0], [66294.0, 8420.0], [66295.0, 2500.0], [66295.5, 210.0], [66296.5, 25000.0], [66297.0, 21160.0], [66298.0, 500.0], [66298.5, 10830.0], [66299.0, 51790.0], [66299.5, 9240.0], [66300.0, 10770.0], [66301.0, 33280.0], [66301.5, 3610.0], [66302.5, 10830.0], [66303.0, 500.0], [66304.0, 82580.0]]}}}
{"jsonrpc": "2.0", "method": "subscription", "params": {"channel": "book.BTC-PERPETUAL.none.20.100ms", "data": {"timestamp": 1772449210481, "change_id": 143113880213, "instrument_name": "BTC-PERPETUAL", "bids": [[66285.0, 37570.0], [66284.5, 10550.0], [66284.0, 200.0], [66282.5, 3000.0], [66280.0, 500.0], [66279.5, 15580.0], [66278.0, 12000.0], [66275.5, 57960.0], [66274.0, 18490.0], [66273.5, 123150.0], [66273.0, 80990.0], [66272.5, 7160.0], [66271.0, 8240.0], [66270.5, 6000.0], [66270.0, 12000.0], [66269.0, 8240.0], [66267.5, 10810.0], [66266.5, 5400.0], [66266.0, 7500.0], [66263.5, 28720.0]], "asks": [[66285.5, 81750.0], [66286.0, 6270.0], [66286.5, 10000.0], [66290.0, 11000.0], [66290.5, 5820.0], [66291.0, 19500.0], [66294.0, 32040.0], [66294.5, 59030.0], [66295.0, 2500.0], [66295.5, 210.0], [66296.0, 25000.0], [66297.0, 1000.0], [66297.5, 3610.0], [66298.5, 29720.0], [66299.0, 52500.0], [66300.0, 10770.0], [66300.5, 32240.0], [66301.0, 6000.0], [66302.0, 75030.0], [66302.5, 10830.0]]}}}
{"jsonrpc": "2.0", "method": "subscription", "params": {"channel": "book.BTC-PERPETUAL.none.20.100ms", "data": {"timestamp": 1772449210819, "change_id": 143113880773, "instrument_name": "BTC-PERPETUAL", "bids": [[66285.0, 34100.0], [66284.5, 10550.0], [66284.0, 200.0], [66282.5, 3000.0], [66280.0, 500.0], [66279.5, 18110.0], [66278.0, 12000.0], [66277.0, 10000.0], [66275.5, 57960.0], [66274.5, 74990.0], [66274.0, 7500.0], [66273.5, 134140.0], [66273.0, 6000.0], [66272.5, 7160.0], [66271.0, 8240.0], [66270.5, 6000.0], [66270.0, 12000.0], [66269.0, 8240.0], [66267.5, 10810.0], [66266.5, 5400.0]], "asks": [[66285.5, 81750.0], [66286.0, 11290.0], [66286.5, 10000.0], [66289.5, 19500.0], [66290.0, 16820.0], [66292.5, 25000.0], [66294.0, 24580.0], [66295.0, 3000.0], [66295.5, 9450.0], [66296.0, 49290.0], [66297.0, 1000.0], [66297.5, 3610.0], [66298.5, 29720.0], [66299.0, 2500.0], [66300.0, 10770.0], [66300.5, 82240.0], [66301.0, 6000.0], [66302.0, 75020.0], [66302.5, 10830.0], [66303.0, 500.0]]}}}
{"jsonrpc": "2.0", "method": "subscription", "params": {"channel": "book.BTC-PERPETUAL.none.20.100ms", "data": {"timestamp": 1772449211148, "change_id": 143113881532, "instrument_name": "BTC-PERPETUAL", "bids": [[66285.0, 34100.0], [66284.5, 10550.0], [66284.0, 200.0], [66282.5, 3000.0], [66280.0, 500.0], [66279.5, 15580.0], [66278.0, 12000.0], [66275.5, 67960.0], [66274.5, 74990.0], [66274.0, 18490.0], [66273.5, 123150.0], [66273.0, 6000.0], [66272.5, 7160.0], [66271.0, 8240.0], [66270.5, 6000.0], [66270.0, 12000.0], [66269.0, 8240.0], [66267.5, 10810.0], [66266.5, 5400.0], [66266.0, 7500.0]], "asks": [[66285.5, 81750.0], [66286.0, 11290.0], [66286.5, 10000.0], [66289.5, 19500.0], [66290.0, 20480.0], [66292.5, 25000.0], [66294.0, 24580.0], [66294.5, 500.0], [66295.0, 2500.0], [66295.5, 210.0], [66296.0, 58530.0], [66297.0, 1000.0], [66297.5, 3610.0], [66298.5, 29720.0], [66299.0, 2500.0], [66300.0, 10770.0], [66300.5, 82230.0], [66301.0, 6000.0], [66302.0, 75020.0], [66302.5, 10830.0]]}}}
{"jsonrpc": "2.0", "method": "subscription", "params": {"channel": "book.BTC-PERPETUAL.none.20.100ms", "data": {"timestamp": 1772449211482, "change_id": 143113881937, "instrument_name": "BTC-PERPETUAL", "bids": [[66285.0, 34100.0], [66284.5, 10550.0], [66280.0, 500.0], [66279.5, 18310.0], [66278.0, 12000.0], [66276.5, 10000.0], [66275.5, 57960.0], [66274.5, 74990.0], [66274.0, 18490.0], [66273.5, 123150.0], [66273.0, 6000.0], [66272.5, 7160.0], [66271.0, 8240.0], [66270.5, 6000.0], [66270.0, 12000.0], [66269.0, 8240.0], [66267.5, 10810.0], [66266.5, 5400.0], [66266.0, 7500.0], [66264.0, 19490.0]], "asks": [[66285.5, 81750.0], [66286.0, 18110.0], [66286.5, 10000.0], [66289.5, 44500.0], [66290.0, 11000.0], [66291.5, 210.0], [66293.5, 20460.0], [66294.0, 64530.0], [66294.5, 500.0], [66295.0, 2500.0], [66297.0, 1000.0], [66297.5, 3610.0], [66298.5, 29720.0], [66299.0, 2500.0], [66300.0, 10770.0], [66300.5, 82230.0], [66301.0, 6000.0], [66302.0, 75020.0], [66302.5, 10830.0], [66303.0, 500.0]]}}}
{"jsonrpc": "2.0", "method": "subscription", "params": {"channel": "book.BTC-PERPETUAL.none.20.100ms", "data": {"timestamp": 1772449211816, "change_id": 143113882483, "instrument_name": "BTC-PERPETUAL", "bids": [[66285.0, 34100.0], [66284.5, 10550.0], [66280.0, 500.0], [66279.5, 18770.0], [66278.0, 12000.0], [66277.5, 10000.0], [66275.5, 57960.0], [66274.5, 74990.0], [66274.0, 18490.0], [66273.5, 123150.0], [66273.0, 6000.0], [66272.5, 7160.0], [66271.0, 8240.0], [66270.5, 6000.0], [66270.0, 12000.0], [66269.0, 8240.0], [66267.5, 10810.0], [66266.5, 5400.0], [66266.0, 7500.0], [66264.0, 19490.0]], "asks": [[66285.5, 81750.0], [66286.0, 18110.0], [66287.0, 19500.0], [66287.5, 10000.0], [66289.5, 25000.0], [66290.0, 11000.0], [66291.5, 210.0], [66293.5, 20460.0], [66294.0, 64530.0], [66294.5, 500.0], [66295.0, 2500.0], [66297.0, 1000.0], [66297.5, 3610.0], [66298.5, 29720.0], [66299.0, 7500.0], [66300.0, 10770.0], [66300.5, 82230.0], [66301.0, 6000.0], [66302.0, 75020.0], [66302.5, 10830.0]]}}}
{"jsonrpc": "2.0", "method": "subscription", "params": {"channel": "book.BTC-PERPETUAL.none.20.100ms", "data": {"timestamp": 1772449212145, "change_id": 143113883107, "instrument_name": "BTC-PERPETUAL", "bids": [[66285.0, 34110.0], [66284.5, 10550.0], [66280.0, 500.0], [66279.5, 18310.0], [66278.0, 12000.0], [66276.0, 10000.0], [66275.5, 57960.0], [66274.0, 18490.0], [66273.5, 123150.0], [66273.0, 80990.0], [66272.5, 7160.0], [66270.5, 14240.0], [66270.0, 12000.0], [66269.0, 8240.0], [66267.5, 10810.0], [66266.5, 5400.0], [66266.0, 7500.0], [66264.0, 19490.0], [66263.5, 9230.0], [66263.0, 6000.0]], "asks": [[66285.5, 81750.0], [66286.0, 8810.0], [66287.0, 19500.0], [66287.5, 10000.0], [66290.5, 11000.0], [66291.0, 7530.0], [66291.5, 25210.0], [66293.5, 20460.0], [66294.0, 64530.0], [66294.5, 500.0], [66295.0, 2500.0], [66297.0, 1000.0], [66297.5, 27220.0], [66298.5, 10830.0], [66299.0, 7500.0], [66300.0, 10770.0], [66300.5, 75970.0], [66301.0, 6000.0], [66302.0, 96020.0], [66302.5, 10830.0]]}}}
{"jsonrpc": "2.0", "method": "subscription", "params": {"channel": "book.BTC-PERPETUAL.none.20.100ms", "data": {"timestamp": 1772449212469, "change_id": 143113883433, "instrument_name": "BTC-PERPETUAL", "bids": [[66285.0, 24840.0], [66284.5, 10550.0], [66280.0, 500.0], [66279.5, 18310.0], [66278.0, 12000.0], [66276.0, 10000.0], [66275.5, 57960.0], [66274.0, 18490.0], [66273.5, 123150.0], [66273.0, 6000.0], [66272.5, 31090.0], [66271.0, 74990.0], [66270.5, 14240.0], [66270.0, 12000.0], [66269.0, 8240.0], [66267.5, 10810.0], [66266.5, 5400.0], [66266.0, 7500.0], [66264.0, 19490.0], [66263.5, 9230.0]], "asks": [[66285.5, 81750.0], [66286.0, 8810.0], [66287.0, 30500.0], [66287.5, 10000.0], [66290.0, 7530.0], [66290.5, 25000.0], [66291.5, 210.0], [66293.5, 20460.0], [66294.0, 64530.0], [66294.5, 500.0], [66295.0, 2500.0], [66297.0, 1000.0], [66297.5, 27220.0], [66298.5, 10830.0], [66299.0, 2500.0], [66300.0, 10770.0], [66300.5, 75970.0], [66301.0, 6000.0], [66301.5, 75020.0], [66302.0, 21000.0]]}}}
{"jsonrpc": "2.0", "method": "subscription", "params": {"channel": "book.BTC-PERPETUAL.none.20.100ms", "data": {"timestamp": 1772449212796, "change_id": 143113883952, "instrument_name": "BTC-PERPETUAL", "bids": [[66285.0, 24840.0], [66284.5, 10550.0], [66280.0, 500.0], [66279.5, 18310.0], [66278.0, 12000.0], [66276.0, 10000.0], [66275.5, 57960.0], [66274.0, 18490.0], [66273.5, 123150.0], [66273.0, 6000.0], [66272.5, 31090.0], [66271.0, 74990.0], [66270.5, 14240.0], [66270.0, 12000.0], [66269.0, 8240.0], [66267.5, 10810.0], [66266.5, 5400.0], [66266.0, 7500.0], [66264.0, 19490.0], [66263.5, 9230.0]], "asks": [[66285.5, 81750.0], [66286.0, 8810.0], [66287.0, 29500.0], [66289.5, 11000.0], [66290.0, 7530.0], [66291.5, 25210.0], [66293.5, 20460.0], [66294.0, 64530.0], [66294.5, 500.0], [66295.0, 2500.0], [66297.0, 1000.0], [66297.5, 45100.0], [66298.5, 10830.0], [66299.0, 2500.0], [66300.0, 85790.0], [66300.5, 62520.0], [66301.0, 6000.0], [66302.0, 21000.0], [66302.5, 15830.0], [66303.0, 500.0]]}}}
{"jsonrpc": "2.0", "method": "subscription", "params": {"channel": "book.BTC-PERPETUAL.none.20.100ms", "data": {"timestamp": 1772449213136, "change_id": 143113884495, "instrument_name": "BTC-PERPETUAL", "bids": [[66285.0, 24840.0], [66284.5, 10550.0], [66280.0, 500.0], [66279.5, 18310.0], [66278.0, 12000.0], [66277.0, 10000.0], [66275.5, 57960.0], [66274.0, 18490.0], [66273.5, 123150.0], [66273.0, 80990.0], [66272.5, 7160.0], [66270.5, 14240.0], [66270.0, 12000.0], [66269.0, 8240.0], [66267.5, 10810.0], [66266.5, 5400.0], [66266.0, 7500.0], [66264.0, 19490.0], [66263.5, 9230.0], [66263.0, 6000.0]], "asks": [[66285.5, 81750.0], [66286.0, 8810.0], [66286.5, 19500.0], [66287.0, 10000.0], [66289.5, 11000.0], [66290.0, 7530.0], [66291.5, 25210.0], [66293.5, 20460.0], [66294.0, 64530.0], [66294.5, 500.0], [66295.0, 2500.0], [66297.0, 1000.0], [66297.5, 27220.0], [66298.5, 10830.0], [66299.0, 2500.0], [66300.0, 10770.0], [66300.5, 83730.0], [66301.0, 6000.0], [66301.5, 75020.0], [66302.0, 21000.0]]}}}
{"jsonrpc": "2.0", "method": "subscription", "params": {"channel": "book.BTC-PERPETUAL.none.20.100ms", "data": {"timestamp": 1772449213463, "change_id": 143113884891, "instrument_name": "BTC-PERPETUAL", "bids": [[66285.0, 17530.0], [66284.5, 10550.0], [66280.0, 500.0], [66279.5, 18770.0], [66278.0, 12000.0], [66277.0, 10000.0], [66275.5, 60420.0], [66274.5, 10990.0], [66274.0, 82490.0], [66273.5, 123150.0], [66273.0, 6000.0], [66272.5, 7160.0], [66271.0, 8240.0], [66270.5, 6000.0], [66270.0, 12000.0], [66269.0, 8240.0], [66267.5, 10810.0], [66267.0, 28720.0], [66266.5, 5400.0], [66266.0, 7500.0]], "asks": [[66285.5, 38190.0], [66286.0, 8810.0], [66286.5, 10000.0], [66289.5, 30500.0], [66291.5, 210.0], [66292.5, 25000.0], [66293.5, 20460.0], [66294.0, 6000.0], [66294.5, 500.0], [66295.0, 2500.0], [66296.5, 58530.0], [66297.0, 1000.0], [66297.5, 3610.0], [66298.0, 7190.0], [66298.5, 10830.0], [66299.0, 2500.0], [66300.0, 10770.0], [66300.5, 53400.0], [66301.0, 81020.0], [66302.5, 15830.0]]}}}
{"jsonrpc": "2.0", "method": "subscription", "params": {"channel": "book.BTC-PERPETUAL.none.20.100ms", "data": {"timestamp": 1772449213790, "change_id": 143113885407, "instrument_name": "BTC-PERPETUAL", "bids": [[66285.0, 15850.0], [66284.5, 10550.0], [66280.0, 500.0], [66279.5, 18770.0], [66278.0, 12000.0], [66277.0, 10000.0], [66275.5, 40790.0], [66274.0, 7500.0], [66273.5, 134140.0], [66273.0, 6000.0], [66272.5, 31090.0], [66271.0, 74990.0], [66270.5, 14240.0], [66270.0, 12000.0], [66269.0, 8240.0], [66267.5, 10810.0], [66266.5, 5400.0], [66266.0, 7500.0], [66263.5, 28720.0], [66263.0, 6000.0]], "asks": [[66285.5, 38420.0], [66286.5, 10000.0], [66288.5, 19500.0], [66289.0, 11000.0], [66291.5, 25210.0], [66293.5, 20460.0], [66294.0, 64530.0], [66294.5, 500.0], [66295.0, 2500.0], [66297.0, 1000.0], [66297.5, 3610.0], [66298.0, 7190.0], [66298.5, 10830.0], [66299.0, 2500.0], [66300.0, 10770.0], [66301.0, 6000.0], [66301.5, 46970.0], [66302.0, 75020.0], [66302.5, 10830.0], [66303.0, 500.0]]}}}
{"jsonrpc": "2.0", "method": "subscription", "params": {"channel": "book.BTC-PERPETUAL.none.20.100ms", "data": {"timestamp": 1772449214122, "change_id": 143113885962, "instrument_name": "BTC-PERPETUAL", "bids": [[66285.0, 36190.0], [66284.5, 10550.0], [66280.0, 500.0], [66279.5, 18770.0], [66278.0, 12000.0], [66277.0, 10000.0], [66275.5, 40790.0], [66274.5, 10990.0], [66274.0, 7500.0], [66273.5, 123150.0], [66273.0, 6000.0], [66272.5, 28630.0], [66271.0, 83230.0], [66270.5, 6000.0], [66270.0, 12000.0], [66269.0, 8240.0], [66267.5, 10810.0], [66266.5, 5400.0], [66266.0, 7500.0], [66264.0, 28720.0]], "asks": [[66285.5, 61820.0], [66286.5, 10000.0], [66287.5, 19500.0], [66288.0, 11000.0], [66291.5, 210.0], [66293.5, 20460.0], [66294.0, 6000.0], [66294.5, 59030.0], [66295.0, 2500.0], [66297.0, 26000.0], [66297.5, 3610.0], [66298.0, 7190.0], [66298.5, 10830.0], [66299.0, 2500.0], [66300.0, 10770.0], [66301.0, 6000.0], [66301.5, 45130.0], [66302.0, 75020.0], [66302.5, 15830.0], [66303.0, 500.0]]}}}
{"jsonrpc": "2.0", "method": "subscription", "params": {"channel": "book.BTC-PERPETUAL.none.20.100ms", "data": {"timestamp": 1772449214449, "change_id": 143113886391, "instrument_name": "BTC-PERPETUAL", "bids": [[66285.0, 31370.0], [66284.5, 10550.0], [66279.5, 18770.0], [66278.5, 500.0], [66278.0, 12000.0], [66277.0, 10000.0], [66275.5, 40790.0], [66274.0, 18490.0], [66273.5, 123150.0], [66273.0, 6000.0], [66272.5, 31090.0], [66271.0, 74990.0], [66270.5, 14240.0], [66270.0, 12000.0], [66269.0, 8240.0], [66267.5, 10810.0], [66266.5, 5400.0], [66266.0, 7500.0], [66264.0, 28720.0], [66263.0, 6000.0]], "asks": [[66285.5, 94960.0], [66286.0, 11340.0], [66286.5, 29500.0], [66287.0, 11000.0], [66291.5, 210.0], [66293.0, 500.0], [66293.5, 20460.0], [66294.0, 6000.0], [66294.5, 58530.0], [66295.0, 2500.0], [66297.0, 1000.0], [66297.5, 40660.0], [66298.0, 75020.0], [66298.5, 10830.0], [66299.0, 2500.0], [66300.0, 10770.0], [66300.5, 46000.0], [66301.0, 6000.0], [66302.0, 26070.0], [66302.5, 15830.0]]}}}
{"jsonrpc": "2.0", "method": "subscription", "params": {"channel": "book.BTC-PERPETUAL.none.20.100ms", "data": {"timestamp": 1772449214784, "change_id": 143113887325, "instrument_name": "BTC-PERPETUAL", "bids": [[66285.0, 40.0], [66279.5, 2870.0], [66279.0, 3610.0], [66278.0, 6000.0], [66274.5, 200.0], [66274.0, 50780.0], [66273.5, 123150.0], [66273.0, 6000.0], [66272.5, 19160.0], [66270.5, 12000.0], [66270.0, 6000.0], [66269.5, 11490.0], [66269.0, 6000.0], [66268.5, 7080.0], [66267.5, 10810.0], [66266.5, 5400.0], [66266.0, 7500.0], [66265.0, 7470.0], [66264.5, 10790.0], [66263.5, 8240.0]], "asks": [[66285.5, 126330.0], [66286.0, 10450.0], [66286.5, 10000.0], [66287.0, 25000.0], [66288.0, 9240.0], [66289.0, 2500.0], [66290.0, 44750.0], [66290.5, 124310.0], [66291.5, 3610.0], [66293.5, 8830.0], [66294.0, 6000.0], [66296.5, 21000.0], [66297.5, 22120.0], [66298.0, 50000.0], [66298.5, 10830.0], [66299.0, 2500.0], [66300.0, 10770.0], [66300.5, 6670.0], [66301.0, 6000.0], [66302.5, 15830.0]]}}}
{"jsonrpc": "2.0", "method": "subscription", "params": {"channel": "book.BTC-PERPETUAL.none.20.100ms", "data": {"timestamp": 1772449215107, "change_id": 143113887853, "instrument_name": "BTC-PERPETUAL", "bids": [[66285.0, 3630.0], [66279.5, 2870.0], [66279.0, 3610.0], [66278.0, 6000.0], [66274.5, 200.0], [66274.0, 50780.0], [66273.5, 123150.0], [66273.0, 6000.0], [66272.5, 36140.0], [66272.0, 10000.0], [66270.5, 12000.0], [66270.0, 6000.0], [66269.0, 6000.0], [66268.5, 31020.0], [66268.0, 8240.0], [66267.5, 10810.0], [66266.5, 80390.0], [66266.0, 7500.0], [66264.5, 10790.0], [66263.0, 6000.0]], "asks": [[66285.5, 129400.0], [66286.0, 28880.0], [66286.5, 10000.0], [66288.5, 500.0], [66289.0, 2500.0], [66290.0, 38810.0], [66290.5, 9240.0], [66291.0, 49290.0], [66291.5, 3610.0], [66293.0, 75020.0], [66293.5, 2790.0], [66294.0, 6000.0], [66297.5, 30840.0], [66298.0, 71000.0], [66298.5, 10830.0], [66299.0, 2500.0], [66300.0, 10770.0], [66300.5, 6670.0], [66301.0, 6000.0], [66302.5, 10830.0]]}}}
{"jsonrpc": "2.0", "method": "subscription", "params": {"channel": "book.BTC-PERPETUAL.none.20.100ms", "data": {"timestamp": 1772449215445, "change_id": 143113888387, "instrument_name": "BTC-PERPETUAL", "bids": [[66285.0, 3630.0], [66283.5, 3610.0], [66279.5, 1790.0], [66278.0, 6000.0], [66275.0, 490.0], [66274.5, 200.0], [66274.0, 61770.0], [66273.5, 123150.0], [66273.0, 16000.0], [66272.5, 21620.0], [66270.5, 20240.0], [66270.0, 6000.0], [66269.0, 6000.0], [66268.5, 29460.0], [66268.0, 74990.0], [66267.5, 10810.0], [66266.5, 5400.0], [66266.0, 7500.0], [66264.5, 10790.0], [66264.0, 19490.0]], "asks": [[66285.5, 98800.0], [66286.0, 18900.0], [66286.5, 10000.0], [66287.5, 19500.0], [66288.0, 11000.0], [66289.0, 3000.0], [66289.5, 25000.0], [66290.0, 15910.0], [66291.5, 3610.0], [66293.5, 59530.0], [66294.0, 6000.0], [66296.0, 22390.0], [66297.0, 75020.0], [66297.5, 30840.0], [66298.0, 55000.0], [66298.5, 10830.0], [66299.0, 2500.0], [66300.0, 10770.0], [66300.5, 10590.0], [66301.0, 6000.0]]}}}
{"jsonrpc": "2.0", "method": "subscription", "params": {"channel": "book.BTC-PERPETUAL.none.20.100ms", "data": {"timestamp": 1772449215759, "change_id": 143113888925, "instrument_name": "BTC-PERPETUAL", "bids": [[66285.0, 3630.0], [66284.5, 6000.0], [66283.5, 3610.0], [66279.5, 1790.0], [66278.0, 6000.0], [66274.5, 200.0], [66274.0, 51270.0], [66273.5, 134140.0], [66273.0, 16000.0], [66272.5, 21620.0], [66270.5, 20240.0], [66270.0, 6000.0], [66269.0, 6000.0], [66268.5, 29460.0], [66267.5, 10810.0], [66266.5, 80390.0], [66266.0, 7500.0], [66264.5, 10790.0], [66264.0, 19490.0], [66263.5, 9230.0]], "asks": [[66285.5, 108800.0], [66286.0, 40980.0], [66288.5, 25500.0], [66289.0, 2500.0], [66290.0, 15910.0], [66293.5, 84790.0], [66294.0, 81020.0], [66295.5, 3610.0], [66297.5, 30840.0], [66298.0, 55000.0], [66298.5, 10830.0], [66299.0, 2500.0], [66300.0, 10770.0], [66300.5, 10590.0], [66301.0, 6000.0], [66302.0, 21000.0], [66302.5, 10830.0], [66303.0, 500.0], [66304.0, 3240.0], [66307.0, 10.0]]}}}
{"jsonrpc": "2.0", "method": "subscription", "params": {"channel": "book.BTC-PERPETUAL.none.20.100ms", "data": {"timestamp": 1772449216106, "change_id": 143113889377, "instrument_name": "BTC-PERPETUAL", "bids": [[66285.0, 3630.0], [66284.5, 6000.0], [66283.5, 3610.0], [66279.5, 1790.0], [66278.0, 6000.0], [66274.5, 690.0], [66274.0, 50780.0], [66273.5, 134140.0], [66273.0, 16000.0], [66272.5, 21620.0], [66270.5, 20240.0], [66270.0, 6000.0], [66269.0, 6000.0], [66268.5, 29460.0], [66268.0, 74990.0], [66267.5, 10810.0], [66266.5, 5400.0], [66266.0, 7500.0], [66264.5, 10790.0], [66264.0, 19490.0]], "asks": [[66285.5, 108900.0], [66286.0, 16120.0], [66288.5, 56000.0], [66289.0, 2500.0], [66290.0, 15910.0], [66293.5, 84790.0], [66294.0, 6000.0], [66295.5, 3610.0], [66297.0, 75020.0], [66297.5, 30840.0], [66298.0, 55000.0], [66298.5, 10830.0], [66299.0, 2500.0], [66300.0, 10770.0], [66300.5, 10590.0], [66301.0, 6000.0], [66302.0, 21000.0], [66302.5, 10830.0], [66303.0, 500.0], [66304.0, 3240.0]]}}}
{"jsonrpc": "2.0", "method": "subscription", "params": {"channel": "book.BTC-PERPETUAL.none.20.100ms", "data": {"timestamp": 1772449216426, "change_id": 143113889846, "instrument_name": "BTC-PERPETUAL", "bids": [[66285.0, 3640.0], [66284.5, 6000.0], [66283.5, 3610.0], [66279.5, 1790.0], [66278.0, 6000.0], [66274.5, 200.0], [66274.0, 50780.0], [66273.5, 123150.0], [66273.0, 26990.0], [66272.5, 19160.0], [66270.5, 12490.0], [66270.0, 6000.0], [66269.0, 6000.0], [66268.5, 7080.0], [66268.0, 8240.0], [66267.5, 10810.0], [66266.5, 5400.0], [66266.0, 7500.0], [66264.5, 10790.0], [66263.0, 6000.0]], "asks": [[66285.5, 139800.0], [66286.0, 10480.0], [66288.5, 25000.0], [66289.0, 2500.0], [66292.5, 40160.0], [66293.0, 75020.0], [66293.5, 63520.0], [66294.0, 6000.0], [66295.0, 5000.0], [66295.5, 3610.0], [66297.5, 30840.0], [66298.0, 50000.0], [66298.5, 31830.0], [66299.0, 2500.0], [66300.0, 10770.0], [66300.5, 6670.0], [66301.0, 6000.0], [66302.5, 10830.0], [66303.0, 500.0], [66304.0, 3240.0]]}}}
{"jsonrpc": "2.0", "method": "subscription", "params": {"channel": "book.BTC-PERPETUAL.none.20.100ms", "data": {"timestamp": 1772449216770, "change_id": 143113890372, "instrument_name": "BTC-PERPETUAL", "bids": [[66285.0, 50.0], [66284.5, 6000.0], [66283.5, 3610.0], [66279.5, 1790.0], [66278.0, 6000.0], [66274.5, 11190.0], [66274.0, 50780.0], [66273.5, 123150.0], [66273.0, 16000.0], [66272.5, 19160.0], [66270.5, 12490.0], [66270.0, 6000.0], [66269.5, 8240.0], [66269.0, 6000.0], [66268.5, 7080.0], [66267.5, 10810.0], [66266.5, 5400.0], [66266.0, 7500.0], [66264.5, 10790.0], [66263.5, 9230.0]], "asks": [[66285.5, 128300.0], [66286.0, 10480.0], [66288.0, 500.0], [66288.5, 36000.0], [66289.0, 2500.0], [66290.5, 40160.0], [66291.0, 75020.0], [66293.5, 63520.0], [66294.0, 6000.0], [66295.0, 5000.0], [66295.5, 3610.0], [66297.5, 30840.0], [66298.0, 50000.0], [66298.5, 10830.0], [66299.0, 2500.0], [66300.0, 10770.0], [66300.5, 27670.0], [66301.0, 6000.0], [66302.5, 10830.0], [66303.0, 500.0]]}}}
{"jsonrpc": "2.0", "method": "subscription", "params": {"channel": "book.BTC-PERPETUAL.none.20.100ms", "data": {"timestamp": 1772449217081, "change_id": 143113890806, "instrument_name": "BTC-PERPETUAL", "bids": [[66285.0, 50.0], [66284.5, 6000.0], [66283.5, 3610.0], [66279.5, 1790.0], [66278.0, 6000.0], [66274.5, 200.0], [66274.0, 50780.0], [66273.5, 123150.0], [66273.0, 26990.0], [66272.5, 19160.0], [66271.0, 490.0], [66270.5, 12000.0], [66270.0, 6000.0], [66269.5, 8240.0], [66269.0, 6000.0], [66268.5, 7080.0], [66267.5, 10810.0], [66266.5, 5400.0], [66266.0, 7500.0], [66265.0, 74990.0]], "asks": [[66285.5, 139800.0], [66286.0, 10480.0], [66288.5, 25000.0], [66289.0, 2500.0], [66290.5, 37890.0], [66293.0, 75020.0], [66293.5, 63890.0], [66294.0, 6000.0], [66295.0, 5000.0], [66295.5, 3610.0], [66297.5, 30840.0], [66298.0, 50000.0], [66298.5, 10830.0], [66299.0, 2500.0], [66300.0, 10770.0], [66300.5, 27670.0], [66301.0, 6000.0], [66302.5, 10830.0], [66303.0, 500.0], [66304.0, 3240.0]]}}}
{"jsonrpc": "2.0", "method": "subscription", "params": {"channel": "book.BTC-PERPETUAL.none.20.100ms", "data": {"timestamp": 1772449217430, "change_id": 143113891228, "instrument_name": "BTC-PERPETUAL", "bids": [[66285.0, 50.0], [66283.5, 3610.0], [66279.5, 1790.0], [66278.0, 6000.0], [66274.5, 200.0], [66274.0, 50780.0], [66273.5, 123150.0], [66273.0, 26990.0], [66272.5, 24140.0], [66271.0, 490.0], [66270.5, 12000.0], [66270.0, 6000.0], [66269.0, 14240.0], [66268.5, 7080.0], [66267.5, 10810.0], [66266.5, 5400.0], [66266.0, 7500.0], [66265.0, 74990.0], [66264.5, 10790.0], [66263.0, 6000.0]], "asks": [[66285.5, 95560.0], [66286.0, 10480.0], [66287.5, 11000.0], [66288.5, 25000.0], [66289.0, 2500.0], [66290.5, 37890.0], [66293.0, 75020.0], [66293.5, 63890.0], [66294.0, 6000.0], [66295.0, 5000.0], [66295.5, 3610.0], [66297.5, 30840.0], [66298.0, 50000.0], [66298.5, 10830.0], [66299.0, 2500.0], [66300.0, 10770.0], [66300.5, 27670.0], [66301.0, 6000.0], [66302.5, 10830.0], [66303.0, 500.0]]}}}
{"jsonrpc": "2.0", "method": "subscription", "params": {"channel": "book.BTC-PERPETUAL.none.20.100ms", "data": {"timestamp": 1772449217760, "change_id": 143113891730, "instrument_name": "BTC-PERPETUAL", "bids": [[66285.0, 50.0], [66283.5, 3610.0], [66279.5, 1790.0], [66278.0, 6000.0], [66274.5, 200.0], [66274.0, 50780.0], [66273.5, 123150.0], [66273.0, 26990.0], [66272.5, 24140.0], [66272.0, 490.0], [66270.5, 12000.0], [66270.0, 6000.0], [66269.0, 14240.0], [66268.5, 7080.0], [66267.5, 10810.0], [66266.5, 5400.0], [66266.0, 7500.0], [66265.0, 74990.0], [66264.5, 10790.0], [66263.5, 28720.0]], "asks": [[66285.5, 76160.0], [66286.0, 10480.0], [66286.5, 30500.0], [66287.0, 25000.0], [66289.0, 2500.0], [66290.5, 37890.0], [66293.0, 75020.0], [66293.5, 63890.0], [66294.0, 6000.0], [66295.0, 5000.0], [66295.5, 3610.0], [66297.5, 30840.0], [66298.0, 50000.0], [66298.5, 10830.0], [66299.0, 2500.0], [66300.0, 10770.0], [66300.5, 27670.0], [66301.0, 6000.0], [66302.5, 10830.0], [66303.0, 500.0]]}}}
{"jsonrpc": "2.0", "method": "subscription", "params": {"channel": "book.BTC-PERPETUAL.none.20.100ms", "data": {"timestamp": 1772449218070, "change_id": 143113892152, "instrument_name": "BTC-PERPETUAL", "bids": [[66285.0, 50.0], [66283.5, 3610.0], [66279.5, 1790.0], [66278.0, 6000.0], [66274.5, 200.0], [66274.0, 50780.0], [66273.5, 123150.0], [66273.0, 16000.0], [66272.5, 24140.0], [66271.0, 11480.0], [66270.5, 12000.0], [66270.0, 6000.0], [66269.0, 6000.0], [66268.0, 15320.0], [66267.5, 10810.0], [66266.5, 5400.0], [66266.0, 7500.0], [66265.0, 74990.0], [66264.5, 10790.0], [66263.0, 6000.0]], "asks": [[66285.5, 106660.0], [66286.0, 10480.0], [66286.5, 25000.0], [66289.0, 2500.0], [66290.5, 37890.0], [66293.0, 75020.0], [66293.5, 63890.0], [66294.0, 6000.0], [66295.0, 5000.0], [66295.5, 3610.0], [66297.5, 30840.0], [66298.0, 50000.0], [66298.5, 10830.0], [66299.0, 2500.0], [66300.0, 10770.0], [66300.5, 27670.0], [66301.0, 6000.0], [66302.5, 10830.0], [66303.0, 500.0], [66304.0, 3240.0]]}}}
{"jsonrpc": "2.0", "method": "subscription", "params": {"channel": "book.BTC-PERPETUAL.none.20.100ms", "data": {"timestamp": 1772449218418, "change_id": 143113892560, "instrument_name": "BTC-PERPETUAL", "bids": [[66285.0, 50.0], [66283.5, 3610.0], [66279.5, 1790.0], [66278.0, 6000.0], [66274.5, 200.0], [66274.0, 50780.0], [66273.5, 123150.0], [66273.0, 16000.0], [66272.5, 30150.0], [66271.0, 490.0], [66270.5, 12000.0], [66270.0, 6000.0], [66269.0, 6000.0], [66268.5, 8240.0], [66268.0, 7080.0], [66267.5, 10810.0], [66266.5, 5400.0], [66266.0, 7500.0], [66265.0, 74990.0], [66264.5, 10790.0]], "asks": [[66285.5, 139800.0], [66286.0, 10480.0], [66286.5, 25000.0], [66289.0, 2500.0], [66290.5, 37890.0], [66293.0, 75020.0], [66293.5, 63890.0], [66294.0, 6000.0], [66295.0, 5000.0], [66295.5, 3610.0], [66297.5, 30840.0], [66298.0, 50000.0], [66298.5, 10830.0], [66299.0, 2500.0], [66300.0, 10770.0], [66300.5, 27670.0], [66301.0, 6000.0], [66302.5, 10830.0], [66303.0, 500.0], [66304.0, 3240.0]]}}}
{"jsonrpc": "2.0", "method": "subscription", "params": {"channel": "book.BTC-PERPETUAL.none.20.100ms", "data": {"timestamp": 1772449218739, "change_id": 143113893063, "instrument_name": "BTC-PERPETUAL", "bids": [[66285.0, 50.0], [66283.5, 3610.0], [66279.5, 1790.0], [66278.0, 6000.0], [66274.5, 200.0], [66274.0, 50780.0], [66273.5, 123150.0], [66273.0, 16000.0], [66272.5, 30150.0], [66271.0, 490.0], [66270.5, 12000.0], [66270.0, 6000.0], [66269.0, 6000.0], [66268.5, 8240.0], [66268.0, 7080.0], [66267.5, 10810.0], [66266.5, 5400.0], [66266.0, 7500.0], [66265.0, 74990.0], [66264.5, 10790.0]], "asks": [[66285.5, 139800.0], [66286.0, 10480.0], [66287.0, 25000.0], [66289.0, 2500.0], [66290.5, 37890.0], [66293.0, 75020.0], [66293.5, 63890.0], [66294.0, 6000.0], [66295.0, 5000.0], [66295.5, 3610.0], [66297.5, 30840.0], [66298.0, 50000.0], [66298.5, 10830.0], [66299.0, 2500.0], [66300.0, 10770.0], [66300.5, 27670.0], [66301.0, 6000.0], [66302.5, 10830.0], [66303.0, 500.0], [66304.0, 3240.0]]}}}
{"jsonrpc": "2.0", "method": "subscription", "params": {"channel": "book.BTC-PERPETUAL.none.20.100ms", "data": {"timestamp": 1772449219067, "change_id": 143113893481, "instrument_name": "BTC-PERPETUAL", "bids": [[66285.0, 50.0], [66283.5, 3610.0], [66279.5, 1790.0], [66278.0, 6000.0], [66274.5, 200.0], [66274.0, 50780.0], [66273.5, 123150.0], [66273.0, 26990.0], [66272.5, 19160.0], [66271.0, 490.0], [66270.5, 12000.0], [66270.0, 6000.0], [66269.0, 6000.0], [66268.5, 8240.0], [66268.0, 7080.0], [66267.5, 10810.0], [66266.5, 5400.0], [66266.0, 7500.0], [66265.5, 27400.0], [66265.0, 74990.0]], "asks": [[66285.5, 139800.0], [66286.0, 10480.0], [66286.5, 25000.0], [66289.0, 2500.0], [66290.5, 37890.0], [66293.0, 75020.0], [66293.5, 63890.0], [66294.0, 6000.0], [66295.0, 5000.0], [66295.5, 3610.0], [66297.5, 30840.0], [66298.0, 50000.0], [66298.5, 10830.0], [66299.0, 2500.0], [66300.0, 10770.0], [66300.5, 27670.0], [66301.0, 6000.0], [66302.5, 10830.0], [66303.0, 500.0], [66304.0, 3240.0]]}}}
{"jsonrpc": "2.0", "method": "subscription", "params": {"channel": "book.BTC-PERPETUAL.none.20.100ms", "data": {"timestamp": 1772449219410, "change_id": 143113894777, "instrument_name": "BTC-PERPETUAL", "bids": [[66273.5, 123150.0], [66271.0, 6450.0], [66270.5, 6000.0], [66270.0, 6000.0], [66269.0, 9610.0], [66267.5, 4940.0], [66266.0, 7500.0], [66265.5, 10000.0], [66264.5, 1850.0], [66264.0, 200.0], [66263.0, 6000.0], [66262.0, 8800.0], [66261.5, 11480.0], [66261.0, 12000.0], [66260.0, 6000.0], [66258.5, 38530.0], [66258.0, 5380.0], [66257.5, 10820.0], [66256.5, 74990.0], [66256.0, 6000.0]], "asks": [[66274.0, 76510.0], [66275.5, 10.0], [66277.0, 210.0], [66278.5, 1010.0], [66285.0, 138380.0], [66285.5, 334160.0], [66287.0, 6000.0], [66288.0, 7760.0], [66288.5, 21000.0], [66289.5, 5000.0], [66291.5, 3210.0], [66292.0, 10770.0], [66292.5, 5370.0], [66293.5, 1790.0], [66294.0, 6000.0], [66296.0, 500.0], [66298.0, 6450.0], [66298.5, 10830.0], [66300.0, 5380.0], [66300.5, 6670.0]]}}}
{"jsonrpc": "2.0", "method": "subscription", "params": {"channel": "book.BTC-PERPETUAL.none.20.100ms", "data": {"timestamp": 1772449219740, "change_id": 143113896202, "instrument_name": "BTC-PERPETUAL", "bids": [[66273.5, 153150.0], [66269.5, 1080.0], [66269.0, 3610.0], [66266.5, 2240.0], [66266.0, 7500.0], [66263.5, 1790.0], [66263.0, 6000.0], [66261.5, 8170.0], [66261.0, 12000.0], [66260.5, 500.0], [66260.0, 6000.0], [66259.5, 11190.0], [66258.5, 28160.0], [66258.0, 5380.0], [66257.5, 10820.0], [66256.0, 6000.0], [66255.5, 83230.0], [66253.5, 10830.0], [66251.5, 1790.0], [66251.0, 6100.0]], "asks": [[66274.0, 137970.0], [66275.5, 10.0], [66278.5, 55400.0], [66279.5, 20480.0], [66280.5, 14860.0], [66281.0, 9240.0], [66283.0, 72910.0], [66283.5, 75000.0], [66284.0, 75520.0], [66284.5, 10000.0], [66285.0, 23300.0], [66285.5, 70480.0], [66286.5, 3280.0], [66287.0, 6000.0], [66289.5, 5000.0], [66291.5, 3210.0], [66292.0, 10770.0], [66292.5, 10730.0], [66293.5, 1790.0], [66294.0, 6000.0]]}}}
{"jsonrpc": "2.0", "method": "subscription", "params": {"channel": "book.BTC-PERPETUAL.none.20.100ms", "data": {"timestamp": 1772449220071, "change_id": 143113896844, "instrument_name": "BTC-PERPETUAL", "bids": [[66273.5, 151280.0], [66269.5, 1080.0], [66269.0, 3610.0], [66266.5, 2240.0], [66266.0, 7500.0], [66264.0, 4930.0], [66263.5, 10500.0], [66263.0, 6000.0], [66261.5, 8030.0], [66261.0, 12000.0], [66260.0, 6000.0], [66259.5, 200.0], [66259.0, 10990.0], [66258.5, 30620.0], [66258.0, 80370.0], [66257.5, 10820.0], [66256.5, 8240.0], [66256.0, 6000.0], [66254.5, 3230.0], [66253.5, 10830.0]], "asks": [[66274.0, 116740.0], [66275.5, 10.0], [66277.0, 4510.0], [66277.5, 3000.0], [66279.0, 9240.0], [66279.5, 3740.0], [66280.5, 22920.0], [66281.0, 49290.0], [66281.5, 27500.0], [66283.0, 53370.0], [66283.5, 50000.0], [66284.5, 75020.0], [66285.5, 48300.0], [66286.5, 9130.0], [66287.0, 6000.0], [66289.0, 21000.0], [66289.5, 5000.0], [66291.5, 3210.0], [66292.0, 10770.0], [66292.5, 10730.0]]}}}
{"jsonrpc": "2.0", "method": "subscription", "params": {"channel": "book.BTC-PERPETUAL.none.20.100ms", "data": {"timestamp": 1772449220397, "change_id": 143113897956, "instrument_name": "BTC-PERPETUAL", "bids": [[66273.5, 151280.0], [66269.5, 1080.0], [66269.0, 3610.0], [66266.5, 2240.0], [66266.0, 7500.0], [66265.5, 4930.0], [66265.0, 10000.0], [66263.5, 500.0], [66263.0, 6000.0], [66262.0, 8710.0], [66261.0, 12000.0], [66260.0, 6000.0], [66259.5, 200.0], [66259.0, 10990.0], [66258.5, 30620.0], [66258.0, 80370.0], [66257.5, 10820.0], [66256.5, 8240.0], [66256.0, 6000.0], [66254.5, 3230.0]], "asks": [[66274.0, 116440.0], [66275.5, 10.0], [66277.5, 2500.0], [66280.0, 500.0], [66280.5, 22920.0], [66281.0, 58530.0], [66281.5, 2500.0], [66283.0, 55430.0], [66283.5, 28610.0], [66284.5, 75020.0], [66285.0, 50000.0], [66285.5, 48300.0], [66287.0, 6000.0], [66288.5, 7760.0], [66289.0, 21000.0], [66291.5, 3210.0], [66292.0, 10770.0], [66292.5, 10730.0], [66293.5, 1790.0], [66294.0, 6000.0]]}}}
{"jsonrpc": "2.0", "method": "subscription", "params": {"channel": "book.BTC-PERPETUAL.none.20.100ms", "data": {"timestamp": 1772449220732, "change_id": 143113899823, "instrument_name": "BTC-PERPETUAL", "bids": [[66285.0, 76040.0], [66284.5, 6000.0], [66281.5, 1790.0], [66281.0, 6000.0], [66279.5, 200.0], [66274.5, 30000.0], [66274.0, 88890.0], [66273.5, 225290.0], [66273.0, 6000.0], [66270.5, 1790.0], [66270.0, 6000.0], [66267.5, 19700.0], [66267.0, 79520.0], [66266.0, 12880.0], [66264.5, 1790.0], [66263.0, 6000.0], [66261.5, 1790.0], [66260.0, 6000.0], [66258.5, 6630.0], [66258.0, 5380.0]], "asks": [[66285.5, 56850.0], [66287.0, 10.0], [66288.0, 12000.0], [66290.5, 3280.0], [66291.0, 11000.0], [66294.5, 2610.0], [66295.0, 8250.0], [66297.5, 11110.0], [66298.0, 20000.0], [66298.5, 10830.0], [66300.5, 23780.0], [66302.5, 10830.0], [66303.0, 500.0], [66304.0, 62140.0], [66306.5, 25000.0], [66307.0, 75030.0], [66307.5, 10830.0], [66309.5, 6000.0], [66311.0, 10910.0], [66313.5, 21000.0]]}}}
{"jsonrpc": "2.0", "method": "subscription", "params": {"channel": "book.BTC-PERPETUAL.none.20.100ms", "data": {"timestamp": 1772449221063, "change_id": 143113901273, "instrument_name": "BTC-PERPETUAL", "bids": [[66285.0, 30590.0], [66284.5, 6000.0], [66284.0, 200.0], [66279.5, 5370.0], [66279.0, 12000.0], [66278.5, 500.0], [66277.5, 6000.0], [66274.5, 38190.0], [66273.5, 123390.0], [66273.0, 6000.0], [66272.0, 28950.0], [66271.5, 19230.0], [66271.0, 74990.0], [66270.0, 6000.0], [66268.0, 28700.0], [66267.5, 12880.0], [66267.0, 10770.0], [66266.5, 9230.0], [66266.0, 26580.0], [66265.5, 19490.0]], "asks": [[66285.5, 73510.0], [66286.5, 19250.0], [66287.0, 10.0], [66291.0, 19500.0], [66291.5, 2500.0], [66293.5, 20640.0], [66295.0, 500.0], [66295.5, 2500.0], [66296.0, 210.0], [66297.0, 72390.0], [66297.5, 25000.0], [66298.0, 5000.0], [66298.5, 10830.0], [66299.0, 1000.0], [66299.5, 6000.0], [66300.0, 3610.0], [66301.0, 50170.0], [66301.5, 75020.0], [66302.5, 60830.0], [66303.0, 500.0]]}}}
{"jsonrpc": "2.0", "method": "subscription", "params": {"channel": "book.BTC-PERPETUAL.none.20.100ms", "data": {"timestamp": 1772449221387, "change_id": 143113901801, "instrument_name": "BTC-PERPETUAL", "bids": [[66285.0, 25270.0], [66284.5, 6000.0], [66280.0, 200.0], [66279.5, 7820.0], [66279.0, 12000.0], [66278.5, 10000.0], [66278.0, 500.0], [66277.5, 6000.0], [66274.5, 38190.0], [66274.0, 10990.0], [66273.5, 121350.0], [66273.0, 14240.0], [66272.5, 24180.0], [66272.0, 74990.0], [66270.0, 6000.0], [66268.0, 28700.0], [66267.5, 12880.0], [66267.0, 10770.0], [66266.5, 9230.0], [66266.0, 26580.0]], "asks": [[66285.5, 50370.0], [66286.0, 7970.0], [66287.0, 10.0], [66290.0, 31990.0], [66290.5, 11000.0], [66291.5, 2500.0], [66292.0, 210.0], [66293.0, 500.0], [66293.5, 20640.0], [66295.5, 2500.0], [66297.0, 72390.0], [66298.0, 30000.0], [66298.5, 10830.0], [66299.0, 1000.0], [66299.5, 6000.0], [66300.0, 3610.0], [66300.5, 9250.0], [66301.0, 50170.0], [66301.5, 75020.0], [66302.5, 60830.0]]}}}
{"jsonrpc": "2.0", "method": "subscription", "params": {"channel": "book.BTC-PERPETUAL.none.20.100ms", "data": {"timestamp": 1772449221721, "change_id": 143113902466, "instrument_name": "BTC-PERPETUAL", "bids": [[66285.0, 21550.0], [66284.5, 6000.0], [66280.0, 200.0], [66279.5, 7820.0], [66279.0, 12500.0], [66278.5, 10000.0], [66277.5, 6000.0], [66274.5, 38190.0], [66274.0, 10990.0], [66273.5, 121350.0], [66273.0, 14240.0], [66272.5, 1790.0], [66270.0, 6000.0], [66268.5, 74990.0], [66268.0, 28700.0], [66267.5, 12880.0], [66267.0, 30260.0], [66266.5, 9230.0], [66266.0, 26580.0], [66264.5, 1790.0]], "asks": [[66285.5, 25220.0], [66286.0, 10000.0], [66287.0, 10.0], [66288.5, 13580.0], [66289.0, 30500.0], [66290.0, 15000.0], [66291.5, 2500.0], [66292.0, 210.0], [66293.0, 500.0], [66293.5, 20640.0], [66295.0, 9240.0], [66295.5, 2500.0], [66296.5, 49290.0], [66297.0, 38740.0], [66298.0, 5000.0], [66298.5, 10830.0], [66299.0, 1000.0], [66299.5, 6000.0], [66300.0, 78630.0], [66300.5, 62030.0]]}}}
{"jsonrpc": "2.0", "method": "subscription", "params": {"channel": "book.BTC-PERPETUAL.none.20.100ms", "data": {"timestamp": 1772449222050, "change_id": 143113903070, "instrument_name": "BTC-PERPETUAL", "bids": [[66285.0, 42440.0], [66284.5, 6000.0], [66280.0, 200.0], [66279.5, 7820.0], [66279.0, 12500.0], [66278.5, 10000.0], [66277.5, 6000.0], [66274.5, 38190.0], [66274.0, 10990.0], [66273.5, 121290.0], [66273.0, 14240.0], [66272.5, 1790.0], [66270.0, 6000.0], [66268.5, 74990.0], [66268.0, 28700.0], [66267.5, 12880.0], [66267.0, 30260.0], [66266.5, 9230.0], [66266.0, 26580.0], [66264.5, 1790.0]], "asks": [[66285.5, 16970.0], [66286.0, 10000.0], [66287.0, 5760.0], [66287.5, 8250.0], [66288.5, 11000.0], [66290.5, 6780.0], [66291.0, 19500.0], [66291.5, 2500.0], [66292.0, 210.0], [66293.0, 500.0], [66293.5, 20640.0], [66295.5, 2500.0], [66296.0, 9240.0], [66296.5, 49290.0], [66297.0, 38740.0], [66298.0, 5000.0], [66298.5, 10830.0], [66299.0, 1000.0], [66299.5, 6000.0], [66300.0, 78630.0]]}}}
{"jsonrpc": "2.0", "method": "subscription", "params": {"channel": "book.BTC-PERPETUAL.none.20.100ms", "data": {"timestamp": 1772449222386, "change_id": 143113903617, "instrument_name": "BTC-PERPETUAL", "bids": [[66285.0, 42440.0], [66284.5, 6000.0], [66280.0, 200.0], [66279.5, 7820.0], [66279.0, 12500.0], [66278.5, 10000.0], [66277.5, 6000.0], [66274.0, 48990.0], [66273.5, 121290.0], [66273.0, 14240.0], [66272.5, 1790.0], [66270.0, 6000.0], [66268.5, 74990.0], [66268.0, 28700.0], [66267.5, 12880.0], [66267.0, 10770.0], [66266.5, 28720.0], [66266.0, 26580.0], [66264.5, 1790.0], [66263.0, 6000.0]], "asks": [[66285.5, 60020.0], [66286.5, 8250.0], [66287.0, 10.0], [66289.5, 11000.0], [66290.5, 6780.0], [66291.0, 19500.0], [66291.5, 2500.0], [66292.0, 210.0], [66293.0, 500.0], [66293.5, 20640.0], [66295.5, 2500.0], [66296.0, 9240.0], [66296.5, 49290.0], [66297.0, 38740.0], [66298.0, 5000.0], [66298.5, 10830.0], [66299.0, 1000.0], [66299.5, 6000.0], [66300.0, 78630.0], [66300.5, 60390.0]]}}}
{"jsonrpc": "2.0", "method": "subscription", "params": {"channel": "book.BTC-PERPETUAL.none.20.100ms", "data": {"timestamp": 1772449222715, "change_id": 143113904345, "instrument_name": "BTC-PERPETUAL", "bids": [[66285.0, 19450.0], [66284.5, 6000.0], [66280.0, 200.0], [66279.5, 15370.0], [66279.0, 12000.0], [66278.0, 500.0], [66277.5, 6000.0], [66274.0, 38000.0], [66273.5, 132270.0], [66273.0, 14240.0], [66272.5, 26120.0], [66271.0, 74990.0], [66270.0, 6000.0], [66268.0, 28700.0], [66267.5, 12880.0], [66267.0, 10770.0], [66266.5, 19490.0], [66266.0, 26580.0], [66265.0, 9230.0], [66264.5, 1790.0]], "asks": [[66285.5, 50110.0], [66286.0, 23470.0], [66286.5, 8250.0], [66287.0, 10.0], [66292.0, 210.0], [66292.5, 5970.0], [66293.0, 20000.0], [66293.5, 20640.0], [66295.5, 2500.0], [66296.0, 9240.0], [66296.5, 49290.0], [66297.0, 38740.0], [66298.0, 30000.0], [66298.5, 10830.0], [66299.0, 1000.0], [66299.5, 6000.0], [66300.0, 78630.0], [66300.5, 35390.0], [66301.0, 50000.0], [66302.5, 10830.0]]}}}
{"jsonrpc": "2.0", "method": "subscription", "params": {"channel": "book.BTC-PERPETUAL.none.20.100ms", "data": {"timestamp": 1772449223044, "change_id": 143113904896, "instrument_name": "BTC-PERPETUAL", "bids": [[66285.0, 42850.0], [66284.5, 6000.0], [66280.0, 200.0], [66279.5, 15370.0], [66279.0, 12000.0], [66278.0, 500.0], [66277.5, 6000.0], [66274.0, 38000.0], [66273.5, 132270.0], [66273.0, 6000.0], [66272.5, 26640.0], [66272.0, 74990.0], [66270.5, 8240.0], [66270.0, 6000.0], [66268.5, 25530.0], [66268.0, 28700.0], [66267.0, 10770.0], [66266.0, 26580.0], [66265.5, 19490.0], [66265.0, 9230.0]], "asks": [[66285.5, 58360.0], [66286.0, 10000.0], [66287.0, 5830.0], [66287.5, 19500.0], [66290.5, 3500.0], [66291.0, 11000.0], [66292.0, 210.0], [66293.0, 500.0], [66293.5, 20640.0], [66295.5, 2500.0], [66296.0, 9240.0], [66296.5, 49290.0], [66297.0, 38740.0], [66298.5, 10830.0], [66299.0, 1000.0], [66299.5, 6000.0], [66300.0, 78630.0], [66300.5, 62030.0], [66301.0, 50000.0], [66302.5, 10830.0]]}}}
{"jsonrpc": "2.0", "method": "subscription", "params": {"channel": "book.BTC-PERPETUAL.none.20.100ms", "data": {"timestamp": 1772449223377, "change_id": 143113905542, "instrument_name": "BTC-PERPETUAL", "bids": [[66285.0, 53310.0], [66284.5, 6000.0], [66280.0, 700.0], [66279.5, 5370.0], [66279.0, 12000.0], [66277.5, 6000.0], [66275.0, 60530.0], [66274.0, 83230.0], [66273.5, 132270.0], [66273.0, 6000.0], [66272.0, 1790.0], [66270.0, 6000.0], [66268.5, 34760.0], [66268.0, 28700.0], [66267.0, 10770.0], [66266.0, 26580.0], [66265.5, 19490.0], [66264.5, 1790.0], [66263.5, 49260.0], [66263.0, 6000.0]], "asks": [[66285.5, 50020.0], [66286.0, 10000.0], [66287.0, 10.0], [66292.0, 210.0], [66292.5, 8680.0], [66293.0, 38750.0], [66293.5, 1640.0], [66295.5, 3000.0], [66297.0, 29260.0], [66298.0, 58530.0], [66298.5, 10830.0], [66299.0, 1000.0], [66299.5, 11000.0], [66300.0, 3610.0], [66300.5, 62380.0], [66301.0, 25000.0], [66302.0, 75020.0], [66302.5, 10830.0], [66303.0, 50500.0], [66304.0, 10730.0]]}}}
{"jsonrpc": "2.0", "method": "subscription", "params": {"channel": "book.BTC-PERPETUAL.none.20.100ms", "data": {"timestamp": 1772449223708, "change_id": 143113906668, "instrument_name": "BTC-PERPETUAL", "bids": [[66285.0, 64120.0], [66284.5, 46750.0], [66284.0, 113400.0], [66283.5, 10000.0], [66281.5, 500.0], [66281.0, 3000.0], [66279.0, 29030.0], [66277.5, 6000.0], [66276.5, 85980.0], [66276.0, 8240.0], [66273.5, 1790.0], [66273.0, 6000.0], [66271.5, 4550.0], [66271.0, 9230.0], [66270.0, 6000.0], [66268.5, 19490.0], [66268.0, 28700.0], [66267.0, 10770.0], [66266.0, 26580.0], [66265.0, 49260.0]], "asks": [[66285.5, 45150.0], [66286.0, 10000.0], [66287.0, 10.0], [66290.5, 19250.0], [66292.0, 19500.0], [66297.0, 21020.0], [66298.0, 500.0], [66298.5, 10830.0], [66299.0, 58530.0], [66300.5, 33160.0], [66301.0, 6000.0], [66302.5, 10830.0], [66303.0, 1500.0], [66304.0, 89360.0], [66304.5, 27450.0], [66305.0, 33590.0], [66306.0, 50000.0], [66307.0, 10.0], [66307.5, 10830.0], [66309.0, 26050.0]]}}}
{"jsonrpc": "2.0", "method": "subscription", "params": {"channel": "book.BTC-PERPETUAL.none.20.100ms", "data": {"timestamp": 1772449224038, "change_id": 143113907486, "instrument_name": "BTC-PERPETUAL", "bids": [[66285.0, 49210.0], [66284.5, 40750.0], [66284.0, 113400.0], [66281.0, 3000.0], [66279.5, 5520.0], [66279.0, 12000.0], [66278.0, 500.0], [66277.5, 6000.0], [66274.5, 31220.0], [66274.0, 7500.0], [66273.5, 10990.0], [66273.0, 14240.0], [66272.5, 76780.0], [66270.0, 6000.0], [66268.0, 21200.0], [66267.5, 9230.0], [66267.0, 10770.0], [66266.5, 19490.0], [66266.0, 5380.0], [66264.5, 1790.0]], "asks": [[66285.5, 50220.0], [66287.0, 8260.0], [66287.5, 10000.0], [66290.0, 30500.0], [66293.0, 210.0], [66296.0, 18870.0], [66296.5, 58530.0], [66297.0, 2500.0], [66298.0, 27200.0], [66298.5, 10830.0], [66299.5, 4610.0], [66300.0, 75020.0], [66300.5, 33160.0], [66301.0, 6000.0], [66302.5, 60830.0], [66303.0, 500.0], [66303.5, 21000.0], [66304.0, 35730.0], [66304.5, 5800.0], [66305.0, 8590.0]]}}}
{"jsonrpc": "2.0", "method": "subscription", "params": {"channel": "book.BTC-PERPETUAL.none.20.100ms", "data": {"timestamp": 1772449224369, "change_id": 143113908426, "instrument_name": "BTC-PERPETUAL", "bids": [[66285.0, 22390.0], [66284.5, 40750.0], [66284.0, 113400.0], [66281.0, 3200.0], [66279.5, 7800.0], [66279.0, 22000.0], [66278.0, 500.0], [66277.5, 6000.0], [66275.5, 9770.0], [66275.0, 10990.0], [66274.0, 7500.0], [66273.0, 14240.0], [66272.5, 1790.0], [66270.0, 6000.0], [66268.5, 74990.0], [66268.0, 21200.0], [66267.5, 9230.0], [66267.0, 10770.0], [66266.5, 19490.0], [66266.0, 5380.0]], "asks": [[66285.5, 50120.0], [66287.0, 17070.0], [66287.5, 10000.0], [66289.0, 11000.0], [66289.5, 19500.0], [66293.0, 210.0], [66294.5, 500.0], [66295.0, 10650.0], [66295.5, 25000.0], [66296.5, 9240.0], [66297.0, 44960.0], [66297.5, 49290.0], [66298.5, 10830.0], [66299.5, 4610.0], [66300.0, 75020.0], [66300.5, 33160.0], [66301.0, 6000.0], [66302.5, 60830.0], [66303.0, 500.0], [66303.5, 21000.0]]}}}
{"jsonrpc": "2.0", "method": "subscription", "params": {"channel": "book.BTC-PERPETUAL.none.20.100ms", "data": {"timestamp": 1772449224696, "change_id": 143113909481, "instrument_name": "BTC-PERPETUAL", "bids": [[66284.0, 113400.0], [66281.0, 6610.0], [66276.0, 200.0], [66274.5, 7760.0], [66274.0, 7500.0], [66273.5, 12000.0], [66273.0, 6000.0], [66271.5, 5070.0], [66271.0, 11490.0], [66270.0, 6000.0], [66268.0, 21200.0], [66267.5, 29660.0], [66267.0, 10770.0], [66266.0, 5380.0], [66265.5, 83230.0], [66263.0, 6000.0], [66261.5, 1790.0], [66260.5, 22500.0], [66260.0, 6000.0], [66259.0, 28720.0]], "asks": [[66284.5, 102610.0], [66285.0, 33280.0], [66285.5, 61110.0], [66286.5, 11000.0], [66287.0, 510.0], [66287.5, 10000.0], [66291.0, 16560.0], [66291.5, 3610.0], [66292.0, 49290.0], [66292.5, 3500.0], [66293.5, 36930.0], [66294.0, 81020.0], [66297.0, 2500.0], [66297.5, 52890.0], [66298.0, 50000.0], [66298.5, 35830.0], [66301.0, 6000.0], [66302.5, 10830.0], [66303.0, 500.0], [66304.0, 10730.0]]}}}
{"jsonrpc": "2.0", "method": "subscription", "params": {"channel": "book.BTC-PERPETUAL.none.20.100ms", "data": {"timestamp": 1772449225030, "change_id": 143113910058, "instrument_name": "BTC-PERPETUAL", "bids": [[66284.0, 113400.0], [66281.5, 1080.0], [66281.0, 3610.0], [66276.0, 200.0], [66274.5, 8110.0], [66273.5, 12000.0], [66273.0, 17480.0], [66270.0, 6000.0], [66268.5, 13610.0], [66268.0, 21200.0], [66267.5, 8240.0], [66267.0, 10770.0], [66266.0, 5380.0], [66263.0, 6000.0], [66262.0, 46420.0], [66261.5, 74990.0], [66261.0, 9230.0], [66260.0, 6000.0], [66258.5, 6630.0], [66257.5, 10820.0]], "asks": [[66284.5, 130630.0], [66285.0, 13110.0], [66285.5, 33360.0], [66286.0, 21000.0], [66287.0, 10.0], [66289.5, 500.0], [66290.5, 23100.0], [66291.0, 58530.0], [66291.5, 3610.0], [66292.5, 3500.0], [66293.5, 47390.0], [66294.0, 81020.0], [66296.5, 25000.0], [66297.0, 2500.0], [66297.5, 18160.0], [66298.0, 50000.0], [66298.5, 10830.0], [66300.5, 21000.0], [66302.0, 6580.0], [66302.5, 10830.0]]}}}
{"jsonrpc": "2.0", "method": "subscription", "params": {"channel": "book.BTC-PERPETUAL.none.20.100ms", "data": {"timestamp": 1772449225356, "change_id": 143113910923, "instrument_name": "BTC-PERPETUAL", "bids": [[66284.0, 113540.0], [66283.5, 6000.0], [66281.5, 3920.0], [66281.0, 3610.0], [66279.5, 10000.0], [66277.5, 1850.0], [66277.0, 6000.0], [66276.0, 700.0], [66275.5, 8800.0], [66274.0, 10990.0], [66273.5, 12000.0], [66273.0, 6000.0], [66272.0, 26090.0], [66271.0, 74990.0], [66270.5, 8240.0], [66270.0, 6000.0], [66268.5, 13610.0], [66268.0, 21200.0], [66267.0, 10770.0], [66266.0, 5380.0]], "asks": [[66284.5, 77170.0], [66285.0, 13110.0], [66285.5, 220.0], [66286.0, 10000.0], [66287.0, 10.0], [66289.5, 19500.0], [66290.0, 11000.0], [66290.5, 6600.0], [66292.0, 500.0], [66292.5, 2500.0], [66293.5, 41470.0], [66294.5, 25000.0], [66295.5, 62140.0], [66296.5, 7000.0], [66297.0, 43050.0], [66298.0, 125020.0], [66298.5, 10830.0], [66301.5, 5000.0], [66302.0, 27580.0], [66302.5, 10830.0]]}}}
