{"jsonrpc": "2.0", "id": 1, "result": ["book.BTC-PERPETUAL.none.20.100ms"], "usIn": 1758226896025238, "usOut": 1758226896025463, "usDiff": 225, "testnet": false}
{"jsonrpc": "2.0", "method": "subscription", "params": {"channel": "book.BTC-PERPETUAL.none.20.100ms", "data": {"timestamp": 1758226895980, "change_id": 117880976580, "instrument_name": "BTC-PERPETUAL", "bids": [[117534.5, 761910.0], [117534.0, 20.0], [117533.5, 66810.0], [117533.0, 20.0], [117532.5, 20.0], [117532.0, 20.0], [117531.5, 20.0], [117530.0, 199800.0], [117527.5, 130640.0], [117526.5, 5140.0], [117526.0, 25000.0], [117525.0, 188880.0], [117524.5, 41000.0], [117524.0, 7520.0], [117522.5, 5000.0], [117522.0, 1000.0], [117520.0, 1000.0], [117519.0, 2700.0], [117518.5, 59810.0], [117518.0, 196200.0]], "asks": [[117535.0, 8100.0], [117536.5, 60.0], [117537.5, 100.0], [117542.5, 250.0], [117543.0, 10.0], [117544.5, 6000.0], [117545.0, 100010.0], [117548.0, 20.0], [117551.0, 26250.0], [117551.5, 42500.0], [117552.0, 45000.0], [117555.0, 9610.0], [117557.0, 13140.0], [117557.5, 25000.0], [117558.0, 18130.0], [117559.0, 12760.0], [117560.0, 29370.0], [117560.5, 20.0], [117561.0, 20.0], [117564.0, 65830.0]]}}}
{"jsonrpc": "2.0", "method": "subscription", "params": {"channel": "book.BTC-PERPETUAL.none.20.100ms", "data": {"timestamp": 1758226896277, "change_id": 117880976734, "instrument_name": "BTC-PERPETUAL", "bids": [[117534.5, 761910.0], [117534.0, 20.0], [117533.5, 66810.0], [117533.0, 20.0], [117532.5, 20.0], [117532.0, 20.0], [117531.5, 20.0], [117530.0, 199800.0], [117529.5, 1000.0], [117527.5, 130640.0], [117526.5, 5140.0], [117526.0, 25000.0], [117525.0, 188880.0], [117524.5, 40000.0], [117524.0, 5520.0], [117522.5, 5000.0], [117520.0, 1000.0], [117519.0, 2700.0], [117518.5, 59810.0], [117518.0, 196200.0]], "asks": [[117535.0, 8100.0], [117536.5, 60.0], [117537.5, 100.0], [117542.5, 250.0], [117543.0, 10.0], [117544.5, 6000.0], [117545.0, 100010.0], [117548.0, 20.0], [117551.0, 26250.0], [117551.5, 42500.0], [117552.0, 45000.0], [117555.0, 9610.0], [117557.0, 13140.0], [117557.5, 25000.0], [117558.0, 18130.0], [117559.0, 12760.0], [117560.0, 29370.0], [117560.5, 20.0], [117561.0, 20.0], [117563.5, 500.0]]}}}
{"jsonrpc": "2.0", "method": "subscription", "params": {"channel": "book.BTC-PERPETUAL.none.20.100ms", "data": {"timestamp": 1758226896596, "change_id": 117880977220, "instrument_name": "BTC-PERPETUAL", "bids": [[117534.5, 761910.0], [117534.0, 20.0], [117533.5, 66810.0], [117533.0, 20.0], [117532.5, 20.0], [117532.0, 20.0], [117531.5, 20.0], [117530.0, 199800.0], [117529.5, 1000.0], [117527.5, 130640.0], [117526.5, 5140.0], [117526.0, 25000.0], [117525.0, 188880.0], [117524.5, 40000.0], [117524.0, 5520.0], [117522.5, 5000.0], [117520.0, 1000.0], [117519.0, 2700.0], [117518.5, 59810.0], [117518.0, 196200.0]], "asks": [[117535.0, 8100.0], [117536.5, 60.0], [117537.5, 100.0], [117542.5, 250.0], [117543.0, 10.0], [117544.5, 6000.0], [117545.0, 100010.0], [117548.0, 20.0], [117551.0, 26250.0], [117551.5, 42500.0], [117552.0, 45000.0], [117555.0, 9610.0], [117557.0, 13140.0], [117557.5, 25000.0], [117558.0, 18130.0], [117559.0, 12760.0], [117559.5, 20.0], [117560.0, 29370.0], [117560.5, 20.0], [117561.0, 20.0]]}}}
{"jsonrpc": "2.0", "method": "subscription", "params": {"channel": "book.BTC-PERPETUAL.none.20.100ms", "data": {"timestamp": 1758226896940, "change_id": 117880977540, "instrument_name": "BTC-PERPETUAL", "bids": [[117534.5, 761910.0], [117534.0, 20.0], [117533.5, 66810.0], [117533.0, 20.0], [117532.5, 20.0], [117532.0, 20.0], [117531.5, 20.0], [117530.0, 200800.0], [117527.5, 130640.0], [117526.5, 5140.0], [117526.0, 25000.0], [117525.0, 188880.0], [117524.5, 40000.0], [117524.0, 5520.0], [117522.5, 5000.0], [117520.0, 1000.0], [117519.0, 2700.0], [117518.5, 59810.0], [117518.0, 196200.0], [117516.5, 3150.0]], "asks": [[117535.0, 8100.0], [117536.5, 60.0], [117537.5, 100.0], [117542.5, 250.0], [117543.0, 10.0], [117544.5, 6000.0], [117545.0, 100010.0], [117548.0, 20.0], [117551.0, 26250.0], [117551.5, 42500.0], [117552.0, 45000.0], [117555.0, 10990.0], [117557.0, 13140.0], [117557.5, 25000.0], [117558.0, 18130.0], [117559.0, 12760.0], [117560.0, 29370.0], [117560.5, 20.0], [117561.0, 20.0], [117561.5, 20.0]]}}}
{"jsonrpc": "2.0", "method": "subscription", "params": {"channel": "book.BTC-PERPETUAL.none.20.100ms", "data": {"timestamp": 1758226897270, "change_id": 117880977772, "instrument_name": "BTC-PERPETUAL", "bids": [[117534.5, 761910.0], [117534.0, 20.0], [117533.5, 66810.0], [117533.0, 20.0], [117532.5, 20.0], [117532.0, 20.0], [117531.5, 20.0], [117530.0, 200800.0], [117527.5, 130640.0], [117526.5, 5140.0], [117526.0, 25000.0], [117525.0, 188880.0], [117524.5, 40000.0], [117524.0, 5520.0], [117522.5, 5000.0], [117520.0, 1000.0], [117519.0, 2700.0], [117518.5, 59810.0], [117518.0, 196200.0], [117516.5, 3150.0]], "asks": [[117535.0, 2430.0], [117536.5, 60.0], [117537.5, 100.0], [117539.0, 3290.0], [117542.5, 250.0], [117543.0, 10.0], [117544.5, 6000.0], [117545.0, 100010.0], [117548.0, 20.0], [117551.0, 26250.0], [117551.5, 42500.0], [117552.0, 45000.0], [117555.0, 10990.0], [117557.0, 13140.0], [117557.5, 25000.0], [117558.0, 18130.0], [117559.0, 12760.0], [117560.0, 29350.0], [117561.0, 20.0], [117561.5, 20.0]]}}}
{"jsonrpc": "2.0", "method": "subscription", "params": {"channel": "book.BTC-PERPETUAL.none.20.100ms", "data": {"timestamp": 1758226897598, "change_id": 117880978297, "instrument_name": "BTC-PERPETUAL", "bids": [[117534.5, 761910.0], [117534.0, 20.0], [117533.5, 66810.0], [117533.0, 20.0], [117532.5, 20.0], [117532.0, 20.0], [117531.5, 20.0], [117530.0, 200800.0], [117528.0, 37700.0], [117527.5, 45000.0], [117526.5, 5140.0], [117526.0, 25000.0], [117524.5, 40000.0], [117524.0, 5520.0], [117522.5, 5000.0], [117520.0, 1000.0], [117519.0, 2700.0], [117518.5, 59810.0], [117518.0, 196200.0], [117516.5, 3150.0]], "asks": [[117535.0, 2430.0], [117536.5, 60.0], [117537.5, 100.0], [117539.0, 3290.0], [117542.5, 250.0], [117543.0, 10.0], [117544.5, 6000.0], [117545.0, 100010.0], [117548.0, 20.0], [117551.0, 26250.0], [117551.5, 42500.0], [117552.0, 45000.0], [117555.0, 10990.0], [117557.0, 13140.0], [117557.5, 25000.0], [117558.0, 18130.0], [117559.0, 12760.0], [117560.0, 29350.0], [117561.0, 20.0], [117561.5, 20.0]]}}}
{"jsonrpc": "2.0", "method": "subscription", "params": {"channel": "book.BTC-PERPETUAL.none.20.100ms", "data": {"timestamp": 1758226897917, "change_id": 117880978542, "instrument_name": "BTC-PERPETUAL", "bids": [[117534.5, 761910.0], [117534.0, 20.0], [117533.5, 66810.0], [117533.0, 20.0], [117532.5, 20.0], [117532.0, 20.0], [117531.5, 20.0], [117530.0, 199800.0], [117528.0, 37700.0], [117527.5, 46000.0], [117526.5, 5140.0], [117526.0, 25000.0], [117524.5, 40000.0], [117524.0, 5520.0], [117522.5, 5000.0], [117520.0, 1000.0], [117519.0, 2700.0], [117518.5, 59810.0], [117518.0, 196200.0], [117516.5, 3150.0]], "asks": [[117535.0, 2430.0], [117536.5, 60.0], [117537.5, 100.0], [117539.0, 3290.0], [117542.5, 250.0], [117543.0, 10.0], [117544.5, 6000.0], [117545.0, 100010.0], [117548.0, 20.0], [117551.0, 26250.0], [117551.5, 42500.0], [117552.0, 45000.0], [117555.0, 10990.0], [117557.0, 13140.0], [117557.5, 25000.0], [117558.0, 18130.0], [117559.0, 12760.0], [117560.0, 29350.0], [117561.0, 20.0], [117561.5, 20.0]]}}}
{"jsonrpc": "2.0", "method": "subscription", "params": {"channel": "book.BTC-PERPETUAL.none.20.100ms", "data": {"timestamp": 1758226898263, "change_id": 117880978739, "instrument_name": "BTC-PERPETUAL", "bids": [[117534.5, 761910.0], [117534.0, 20.0], [117533.5, 66810.0], [117533.0, 20.0], [117532.5, 20.0], [117532.0, 20.0], [117531.5, 20.0], [117530.0, 199800.0], [117528.0, 37700.0], [117527.5, 46000.0], [117526.5, 5140.0], [117526.0, 25000.0], [117524.5, 40000.0], [117524.0, 5520.0], [117522.5, 5000.0], [117520.0, 1000.0], [117519.0, 2700.0], [117518.5, 59810.0], [117518.0, 196200.0], [117516.5, 3150.0]], "asks": [[117535.0, 2430.0], [117536.5, 60.0], [117537.5, 100.0], [117539.0, 3290.0], [117542.5, 250.0], [117543.0, 10.0], [117544.5, 6000.0], [117545.0, 100010.0], [117548.0, 20.0], [117548.5, 45000.0], [117551.0, 12750.0], [117551.5, 42500.0], [117555.0, 10990.0], [117557.0, 13140.0], [117557.5, 25000.0], [117558.0, 18130.0], [117559.0, 12760.0], [117560.0, 29350.0], [117561.0, 20.0], [117561.5, 20.0]]}}}
{"jsonrpc": "2.0", "method": "subscription", "params": {"channel": "book.BTC-PERPETUAL.none.20.100ms", "data": {"timestamp": 1758226898588, "change_id": 117880979222, "instrument_name": "BTC-PERPETUAL", "bids": [[117534.5, 761910.0], [117534.0, 20.0], [117533.5, 66810.0], [117533.0, 20.0], [117532.5, 20.0], [117532.0, 20.0], [117531.5, 20.0], [117530.0, 199800.0], [117528.0, 88250.0], [117527.5, 46000.0], [117526.5, 5140.0], [117526.0, 25000.0], [117525.0, 183220.0], [117524.5, 40000.0], [117524.0, 5520.0], [117522.5, 5000.0], [117520.0, 1000.0], [117519.0, 2700.0], [117518.5, 59810.0], [117518.0, 196200.0]], "asks": [[117535.0, 2430.0], [117536.5, 60.0], [117539.0, 3290.0], [117542.5, 250.0], [117543.0, 10.0], [117544.5, 6000.0], [117545.0, 100010.0], [117548.0, 20.0], [117548.5, 45000.0], [117551.0, 12750.0], [117551.5, 42500.0], [117555.0, 10990.0], [117557.0, 13140.0], [117557.5, 25000.0], [117558.0, 18130.0], [117559.0, 12760.0], [117559.5, 20.0], [117560.0, 29370.0], [117560.5, 20.0], [117561.0, 20.0]]}}}
{"jsonrpc": "2.0", "method": "subscription", "params": {"channel": "book.BTC-PERPETUAL.none.20.100ms", "data": {"timestamp": 1758226898831, "change_id": 117880979371, "instrument_name": "BTC-PERPETUAL", "bids": [[117534.5, 761910.0], [117534.0, 20.0], [117533.5, 66810.0], [117533.0, 20.0], [117532.5, 20.0], [117532.0, 20.0], [117531.5, 20.0], [117531.0, 1000.0], [117530.0, 199800.0], [117528.0, 88250.0], [117527.5, 45000.0], [117526.5, 5140.0], [117526.0, 25000.0], [117525.0, 183220.0], [117524.5, 40000.0], [117524.0, 5520.0], [117522.5, 5000.0], [117520.0, 1000.0], [117519.0, 2700.0], [117518.5, 59810.0]], "asks": [[117535.0, 2450.0], [117536.5, 60.0], [117539.0, 3290.0], [117542.5, 250.0], [117543.0, 10.0], [117544.5, 6000.0], [117545.0, 100110.0], [117548.0, 20.0], [117548.5, 45000.0], [117551.0, 12750.0], [117551.5, 42500.0], [117555.0, 10990.0], [117557.0, 13140.0], [117557.5, 25000.0], [117558.0, 18130.0], [117559.0, 12780.0], [117559.5, 20.0], [117560.0, 29370.0], [117560.5, 20.0], [117561.0, 20.0]]}}}
{"jsonrpc": "2.0", "method": "subscription", "params": {"channel": "book.BTC-PERPETUAL.none.20.100ms", "data": {"timestamp": 1758226899248, "change_id": 117880979738, "instrument_name": "BTC-PERPETUAL", "bids": [[117534.5, 761910.0], [117534.0, 20.0], [117533.5, 66810.0], [117533.0, 20.0], [117532.5, 20.0], [117532.0, 20.0], [117531.5, 20.0], [117531.0, 1000.0], [117530.0, 199800.0], [117528.0, 88250.0], [117527.5, 45000.0], [117526.5, 5140.0], [117526.0, 25000.0], [117525.0, 183220.0], [117524.5, 40000.0], [117524.0, 5520.0], [117522.5, 5000.0], [117520.0, 1000.0], [117519.0, 2700.0], [117518.5, 59810.0]], "asks": [[117535.0, 2450.0], [117536.5, 60.0], [117539.0, 3290.0], [117542.5, 250.0], [117543.0, 10.0], [117544.5, 6000.0], [117545.0, 100110.0], [117548.0, 20.0], [117548.5, 45000.0], [117551.0, 12750.0], [117551.5, 42500.0], [117555.0, 10990.0], [117557.0, 13140.0], [117557.5, 25000.0], [117558.0, 18130.0], [117559.0, 12780.0], [117559.5, 20.0], [117560.0, 29370.0], [117560.5, 20.0], [117561.0, 20.0]]}}}
{"jsonrpc": "2.0", "method": "subscription", "params": {"channel": "book.BTC-PERPETUAL.none.20.100ms", "data": {"timestamp": 1758226899589, "change_id": 117880980208, "instrument_name": "BTC-PERPETUAL", "bids": [[117534.5, 761910.0], [117534.0, 20.0], [117533.5, 66810.0], [117533.0, 20.0], [117532.5, 20.0], [117532.0, 20.0], [117531.5, 20.0], [117530.0, 199800.0], [117528.5, 1000.0], [117528.0, 88250.0], [117527.5, 45000.0], [117526.5, 5140.0], [117526.0, 25000.0], [117525.0, 183220.0], [117524.5, 40000.0], [117524.0, 5520.0], [117522.5, 5000.0], [117520.0, 1000.0], [117519.0, 2700.0], [117518.5, 59810.0]], "asks": [[117535.0, 2450.0], [117536.5, 60.0], [117539.0, 3290.0], [117542.5, 250.0], [117543.0, 10.0], [117544.5, 6000.0], [117545.0, 100110.0], [117548.0, 26270.0], [117548.5, 45000.0], [117551.5, 42500.0], [117555.0, 10990.0], [117557.0, 8000.0], [117557.5, 25000.0], [117558.0, 18130.0], [117559.0, 12780.0], [117559.5, 20.0], [117560.0, 29370.0], [117560.5, 20.0], [117561.0, 20.0], [117561.5, 20.0]]}}}
{"jsonrpc": "2.0", "method": "subscription", "params": {"channel": "book.BTC-PERPETUAL.none.20.100ms", "data": {"timestamp": 1758226899914, "change_id": 117880980841, "instrument_name": "BTC-PERPETUAL", "bids": [[117538.5, 797900.0], [117538.0, 86470.0], [117537.5, 72980.0], [117536.0, 20.0], [117535.5, 20.0], [117534.5, 102040.0], [117533.5, 66790.0], [117530.0, 199800.0], [117528.5, 1000.0], [117528.0, 88250.0], [117527.5, 45000.0], [117526.5, 5140.0], [117526.0, 25000.0], [117525.0, 183220.0], [117524.5, 40000.0], [117524.0, 5520.0], [117522.5, 5000.0], [117520.0, 1000.0], [117519.0, 2700.0], [117518.5, 59810.0]], "asks": [[117539.0, 40000.0], [117542.5, 250.0], [117543.0, 10.0], [117544.5, 6000.0], [117545.0, 100110.0], [117548.0, 26270.0], [117548.5, 45000.0], [117551.5, 42500.0], [117555.0, 10990.0], [117557.0, 13140.0], [117557.5, 25000.0], [117558.0, 18130.0], [117559.0, 12780.0], [117559.5, 20.0], [117560.0, 29370.0], [117561.0, 20.0], [117561.5, 20.0], [117562.0, 20.0], [117563.5, 500.0], [117564.0, 65330.0]]}}}
{"jsonrpc": "2.0", "method": "subscription", "params": {"channel": "book.BTC-PERPETUAL.none.20.100ms", "data": {"timestamp": 1758226900240, "change_id": 117880981053, "instrument_name": "BTC-PERPETUAL", "bids": [[117538.5, 798400.0], [117538.0, 95210.0], [117537.5, 72980.0], [117536.0, 20.0], [117535.5, 20.0], [117534.5, 92800.0], [117533.5, 66790.0], [117530.0, 199800.0], [117528.0, 89250.0], [117527.5, 45000.0], [117526.5, 5140.0], [117526.0, 25000.0], [117525.0, 183220.0], [117524.5, 40000.0], [117524.0, 5520.0], [117522.5, 5000.0], [117520.0, 1000.0], [117519.0, 2700.0], [117518.5, 59810.0], [117518.0, 196200.0]], "asks": [[117539.0, 40000.0], [117542.5, 250.0], [117543.0, 10.0], [117544.5, 6000.0], [117545.0, 100110.0], [117548.0, 20.0], [117548.5, 45000.0], [117551.5, 42500.0], [117555.0, 10990.0], [117557.0, 13140.0], [117557.5, 25000.0], [117558.0, 18130.0], [117559.0, 12760.0], [117560.0, 29370.0], [117561.0, 20.0], [117561.5, 20.0], [117562.0, 20.0], [117563.5, 500.0], [117564.0, 65330.0], [117565.0, 35730.0]]}}}
{"jsonrpc": "2.0", "method": "subscription", "params": {"channel": "book.BTC-PERPETUAL.none.20.100ms", "data": {"timestamp": 1758226900504, "change_id": 117880981363, "instrument_name": "BTC-PERPETUAL", "bids": [[117538.5, 798400.0], [117538.0, 85970.0], [117537.5, 72980.0], [117535.5, 20.0], [117535.0, 9240.0], [117534.5, 92380.0], [117533.5, 66790.0], [117530.0, 199800.0], [117528.0, 89250.0], [117527.5, 45000.0], [117526.5, 5140.0], [117526.0, 25000.0], [117525.0, 183220.0], [117524.5, 40000.0], [117524.0, 5520.0], [117522.5, 5000.0], [117520.0, 1000.0], [117519.0, 2700.0], [117518.5, 59810.0], [117518.0, 196200.0]], "asks": [[117539.0, 108780.0], [117542.5, 250.0], [117543.0, 10.0], [117544.5, 6000.0], [117545.0, 100110.0], [117548.0, 20.0], [117548.5, 45000.0], [117551.5, 42500.0], [117555.0, 10990.0], [117557.0, 13140.0], [117557.5, 25000.0], [117558.0, 18130.0], [117559.0, 12760.0], [117560.0, 29370.0], [117561.0, 20.0], [117561.5, 20.0], [117562.0, 20.0], [117563.0, 11000.0], [117563.5, 500.0], [117564.0, 65330.0]]}}}
{"jsonrpc": "2.0", "method": "subscription", "params": {"channel": "book.BTC-PERPETUAL.none.20.100ms", "data": {"timestamp": 1758226900906, "change_id": 117880981901, "instrument_name": "BTC-PERPETUAL", "bids": [[117538.5, 798400.0], [117538.0, 85970.0], [117537.5, 72980.0], [117535.5, 20.0], [117535.0, 9240.0], [117534.5, 92380.0], [117533.5, 66790.0], [117530.0, 199800.0], [117528.0, 88250.0], [117527.5, 45000.0], [117526.5, 6140.0], [117526.0, 25000.0], [117525.0, 183220.0], [117524.5, 40000.0], [117524.0, 5520.0], [117522.5, 5000.0], [117520.0, 1000.0], [117519.0, 2700.0], [117518.5, 59810.0], [117518.0, 196200.0]], "asks": [[117539.0, 108780.0], [117542.5, 250.0], [117543.0, 10.0], [117544.5, 6000.0], [117545.0, 100110.0], [117548.0, 20.0], [117548.5, 45000.0], [117551.5, 42500.0], [117555.0, 10990.0], [117557.0, 13140.0], [117557.5, 25000.0], [117558.0, 18130.0], [117559.0, 12760.0], [117560.0, 29370.0], [117561.0, 20.0], [117561.5, 20.0], [117562.0, 20.0], [117562.5, 500.0], [117563.0, 11000.0], [117564.0, 65330.0]]}}}
{"jsonrpc": "2.0", "method": "subscription", "params": {"channel": "book.BTC-PERPETUAL.none.20.100ms", "data": {"timestamp": 1758226901196, "change_id": 117880982087, "instrument_name": "BTC-PERPETUAL", "bids": [[117538.5, 798400.0], [117538.0, 85970.0], [117537.5, 72980.0], [117536.0, 20.0], [117535.5, 20.0], [117535.0, 9260.0], [117534.5, 92400.0], [117534.0, 20.0], [117533.5, 66810.0], [117530.0, 199800.0], [117528.0, 88250.0], [117527.5, 45000.0], [117526.5, 6140.0], [117526.0, 25000.0], [117525.0, 183220.0], [117524.5, 40000.0], [117524.0, 5520.0], [117522.5, 5000.0], [117520.0, 1000.0], [117519.0, 2700.0]], "asks": [[117539.0, 108780.0], [117542.5, 250.0], [117543.0, 10.0], [117544.5, 6000.0], [117545.0, 100110.0], [117548.0, 20.0], [117548.5, 45000.0], [117551.5, 42500.0], [117555.0, 10990.0], [117557.0, 13140.0], [117557.5, 25000.0], [117558.0, 18130.0], [117558.5, 20.0], [117559.0, 12780.0], [117559.5, 20.0], [117560.0, 29370.0], [117560.5, 20.0], [117561.0, 20.0], [117561.5, 20.0], [117562.0, 20.0]]}}}
{"jsonrpc": "2.0", "method": "subscription", "params": {"channel": "book.BTC-PERPETUAL.none.20.100ms", "data": {"timestamp": 1758226901555, "change_id": 117880982697, "instrument_name": "BTC-PERPETUAL", "bids": [[117542.0, 755030.0], [117540.0, 11000.0], [117539.5, 30000.0], [117539.0, 48930.0], [117538.0, 500.0], [117537.5, 70620.0], [117537.0, 20.0], [117536.5, 20.0], [117536.0, 20.0], [117535.5, 20.0], [117535.0, 9240.0], [117534.5, 92380.0], [117533.5, 66790.0], [117530.0, 199800.0], [117528.0, 88250.0], [117527.5, 45000.0], [117527.0, 1000.0], [117526.5, 5140.0], [117526.0, 25000.0], [117525.0, 183220.0]], "asks": [[117542.5, 150050.0], [117543.0, 10.0], [117544.5, 6000.0], [117545.0, 100110.0], [117548.5, 45000.0], [117551.5, 42500.0], [117555.0, 11010.0], [117557.0, 13140.0], [117558.0, 43130.0], [117559.0, 12760.0], [117560.0, 29350.0], [117562.0, 20.0], [117562.5, 20.0], [117563.0, 20.0], [117563.5, 520.0], [117564.0, 65330.0], [117565.0, 46730.0], [117565.5, 50000.0], [117568.5, 61610.0], [117569.0, 32000.0]]}}}
{"jsonrpc": "2.0", "method": "subscription", "params": {"channel": "book.BTC-PERPETUAL.none.20.100ms", "data": {"timestamp": 1758226901820, "change_id": 117880982996, "instrument_name": "BTC-PERPETUAL", "bids": [[117542.0, 755030.0], [117540.0, 11000.0], [117539.5, 30000.0], [117539.0, 48930.0], [117538.0, 500.0], [117537.5, 70620.0], [117537.0, 20.0], [117536.5, 20.0], [117536.0, 20.0], [117535.5, 20.0], [117535.0, 9240.0], [117534.5, 92380.0], [117533.5, 66790.0], [117530.0, 199800.0], [117528.0, 88250.0], [117527.5, 45000.0], [117527.0, 1000.0], [117526.5, 5140.0], [117526.0, 25000.0], [117525.0, 183220.0]], "asks": [[117542.5, 150050.0], [117543.0, 10.0], [117544.5, 6000.0], [117545.0, 100110.0], [117548.5, 45000.0], [117551.5, 42500.0], [117555.0, 11010.0], [117557.0, 13140.0], [117558.0, 43130.0], [117559.0, 12760.0], [117560.0, 29350.0], [117562.0, 20.0], [117562.5, 520.0], [117563.0, 11020.0], [117563.5, 20.0], [117564.0, 65330.0], [117565.0, 35730.0], [117565.5, 50000.0], [117568.5, 61610.0], [117569.0, 32000.0]]}}}
{"jsonrpc": "2.0", "method": "subscription", "params": {"channel": "book.BTC-PERPETUAL.none.20.100ms", "data": {"timestamp": 1758226902223, "change_id": 117880983359, "instrument_name": "BTC-PERPETUAL", "bids": [[117542.0, 766030.0], [117539.5, 30000.0], [117539.0, 48930.0], [117538.0, 500.0], [117537.5, 70640.0], [117537.0, 20.0], [117536.5, 20.0], [117536.0, 20.0], [117535.5, 20.0], [117535.0, 9260.0], [117534.5, 92380.0], [117533.5, 66790.0], [117530.0, 199800.0], [117528.0, 88250.0], [117527.5, 45000.0], [117526.5, 5140.0], [117526.0, 25000.0], [117525.0, 183220.0], [117524.5, 40000.0], [117524.0, 5520.0]], "asks": [[117542.5, 150050.0], [117543.0, 10.0], [117544.5, 6000.0], [117545.0, 100110.0], [117548.5, 45000.0], [117551.5, 42500.0], [117555.0, 11010.0], [117557.0, 13140.0], [117558.0, 43130.0], [117559.0, 12760.0], [117560.0, 29370.0], [117560.5, 20.0], [117561.0, 20.0], [117561.5, 20.0], [117562.0, 20.0], [117562.5, 20.0], [117563.0, 20.0], [117563.5, 520.0], [117564.0, 65330.0], [117564.5, 11000.0]]}}}
{"jsonrpc": "2.0", "method": "subscription", "params": {"channel": "book.BTC-PERPETUAL.none.20.100ms", "data": {"timestamp": 1758226902490, "change_id": 117880983659, "instrument_name": "BTC-PERPETUAL", "bids": [[117542.0, 635730.0], [117539.5, 30000.0], [117539.0, 48930.0], [117538.0, 500.0], [117537.5, 70640.0], [117537.0, 20.0], [117536.5, 20.0], [117536.0, 20.0], [117535.5, 20.0], [117535.0, 9260.0], [117534.5, 92380.0], [117533.5, 66790.0], [117530.0, 199800.0], [117528.0, 88250.0], [117527.5, 45000.0], [117526.5, 5140.0], [117526.0, 25000.0], [117525.0, 183220.0], [117524.5, 40000.0], [117524.0, 5520.0]], "asks": [[117542.5, 150050.0], [117543.0, 10.0], [117544.5, 6000.0], [117545.0, 100110.0], [117548.5, 45000.0], [117551.5, 42500.0], [117555.0, 11010.0], [117557.0, 13140.0], [117558.0, 43130.0], [117559.0, 12760.0], [117560.0, 29370.0], [117560.5, 20.0], [117561.0, 20.0], [117561.5, 20.0], [117562.0, 20.0], [117562.5, 20.0], [117563.0, 20.0], [117563.5, 500.0], [117564.0, 65330.0], [117564.5, 11000.0]]}}}
{"jsonrpc": "2.0", "method": "subscription", "params": {"channel": "book.BTC-PERPETUAL.none.20.100ms", "data": {"timestamp": 1758226902861, "change_id": 117880984023, "instrument_name": "BTC-PERPETUAL", "bids": [[117542.0, 635730.0], [117539.5, 30000.0], [117539.0, 48930.0], [117538.0, 500.0], [117537.5, 70640.0], [117537.0, 20.0], [117536.5, 20.0], [117536.0, 20.0], [117535.5, 20.0], [117535.0, 9260.0], [117534.5, 92380.0], [117533.5, 66790.0], [117530.0, 199800.0], [117528.0, 88250.0], [117527.5, 45000.0], [117526.5, 5140.0], [117526.0, 25000.0], [117525.0, 183220.0], [117524.5, 40000.0], [117524.0, 5520.0]], "asks": [[117542.5, 150050.0], [117543.0, 10.0], [117544.5, 6000.0], [117545.0, 100110.0], [117548.5, 45000.0], [117551.5, 42500.0], [117555.0, 11010.0], [117557.0, 13140.0], [117558.0, 43130.0], [117559.0, 12760.0], [117560.0, 29370.0], [117560.5, 20.0], [117561.0, 20.0], [117561.5, 20.0], [117562.0, 20.0], [117562.5, 20.0], [117563.0, 20.0], [117563.5, 520.0], [117564.0, 65330.0], [117564.5, 11000.0]]}}}
{"jsonrpc": "2.0", "method": "subscription", "params": {"channel": "book.BTC-PERPETUAL.none.20.100ms", "data": {"timestamp": 1758226903198, "change_id": 117880984367, "instrument_name": "BTC-PERPETUAL", "bids": [[117542.0, 635730.0], [117539.5, 30000.0], [117539.0, 48930.0], [117538.0, 500.0], [117537.5, 70640.0], [117537.0, 20.0], [117536.5, 20.0], [117536.0, 20.0], [117535.5, 20.0], [117535.0, 9260.0], [117534.5, 92380.0], [117533.5, 66790.0], [117530.0, 199800.0], [117528.0, 88250.0], [117527.5, 45000.0], [117526.5, 5140.0], [117526.0, 25000.0], [117525.0, 183220.0], [117524.5, 40000.0], [117524.0, 5520.0]], "asks": [[117542.5, 150050.0], [117543.0, 10.0], [117544.5, 6000.0], [117545.0, 100110.0], [117548.5, 45000.0], [117551.5, 42500.0], [117555.0, 11010.0], [117557.0, 13140.0], [117558.0, 43130.0], [117559.0, 12760.0], [117560.0, 29370.0], [117560.5, 20.0], [117561.0, 20.0], [117561.5, 20.0], [117562.0, 20.0], [117562.5, 20.0], [117563.0, 20.0], [117563.5, 520.0], [117564.0, 65330.0], [117564.5, 11000.0]]}}}
{"jsonrpc": "2.0", "method": "subscription", "params": {"channel": "book.BTC-PERPETUAL.none.20.100ms", "data": {"timestamp": 1758226903552, "change_id": 117880984708, "instrument_name": "BTC-PERPETUAL", "bids": [[117542.0, 678030.0], [117540.0, 11000.0], [117539.5, 30000.0], [117539.0, 48930.0], [117538.0, 520.0], [117537.5, 70640.0], [117537.0, 20.0], [117536.5, 20.0], [117536.0, 20.0], [117535.5, 20.0], [117535.0, 9240.0], [117534.5, 92380.0], [117533.5, 66790.0], [117530.0, 199800.0], [117528.0, 88250.0], [117527.5, 45000.0], [117526.5, 5140.0], [117526.0, 25000.0], [117525.0, 183220.0], [117524.5, 40000.0]], "asks": [[117542.5, 150050.0], [117543.0, 10.0], [117544.5, 6000.0], [117545.0, 100110.0], [117548.5, 45000.0], [117551.5, 42500.0], [117555.0, 11010.0], [117557.0, 13140.0], [117558.0, 43130.0], [117559.0, 12760.0], [117560.0, 29350.0], [117560.5, 20.0], [117561.0, 20.0], [117561.5, 20.0], [117562.0, 20.0], [117562.5, 20.0], [117563.0, 20.0], [117563.5, 520.0], [117564.0, 65350.0], [117564.5, 11000.0]]}}}
{"jsonrpc": "2.0", "method": "subscription", "params": {"channel": "book.BTC-PERPETUAL.none.20.100ms", "data": {"timestamp": 1758226903856, "change_id": 117880984982, "instrument_name": "BTC-PERPETUAL", "bids": [[117542.0, 678030.0], [117540.0, 11000.0], [117539.5, 30000.0], [117539.0, 48930.0], [117538.0, 520.0], [117537.5, 70640.0], [117537.0, 20.0], [117536.5, 20.0], [117536.0, 20.0], [117535.5, 20.0], [117535.0, 9240.0], [117534.5, 92380.0], [117533.5, 66790.0], [117530.0, 199800.0], [117528.0, 88250.0], [117527.5, 45000.0], [117526.5, 5140.0], [117526.0, 25000.0], [117525.0, 183220.0], [117524.5, 40000.0]], "asks": [[117542.5, 150050.0], [117543.0, 10.0], [117544.5, 6000.0], [117545.0, 100110.0], [117548.5, 45000.0], [117551.5, 42500.0], [117555.0, 11010.0], [117557.0, 13140.0], [117558.0, 43130.0], [117559.0, 12760.0], [117560.0, 29370.0], [117560.5, 20.0], [117561.0, 20.0], [117561.5, 20.0], [117562.0, 20.0], [117562.5, 20.0], [117563.0, 20.0], [117563.5, 21520.0], [117564.0, 65330.0], [117564.5, 11000.0]]}}}
{"jsonrpc": "2.0", "method": "subscription", "params": {"channel": "book.BTC-PERPETUAL.none.20.100ms", "data": {"timestamp": 1758226904195, "change_id": 117880985339, "instrument_name": "BTC-PERPETUAL", "bids": [[117542.0, 678030.0], [117540.0, 11000.0], [117539.5, 30000.0], [117539.0, 48930.0], [117538.0, 520.0], [117537.5, 70640.0], [117537.0, 20.0], [117536.5, 20.0], [117536.0, 20.0], [117535.5, 20.0], [117535.0, 9240.0], [117534.5, 92380.0], [117533.5, 66790.0], [117530.0, 199800.0], [117528.0, 88250.0], [117527.5, 45000.0], [117526.5, 5140.0], [117526.0, 25000.0], [117525.0, 183220.0], [117524.5, 40000.0]], "asks": [[117542.5, 150050.0], [117543.0, 10.0], [117544.5, 6000.0], [117545.0, 100110.0], [117548.5, 45000.0], [117551.5, 42500.0], [117555.0, 11010.0], [117557.0, 13140.0], [117558.0, 43130.0], [117559.0, 12760.0], [117560.0, 29370.0], [117560.5, 20.0], [117561.0, 20.0], [117561.5, 20.0], [117562.0, 20.0], [117562.5, 20.0], [117563.0, 520.0], [117563.5, 21020.0], [117564.0, 65330.0], [117564.5, 11000.0]]}}}
{"jsonrpc": "2.0", "method": "subscription", "params": {"channel": "book.BTC-PERPETUAL.none.20.100ms", "data": {"timestamp": 1758226904549, "change_id": 117880985676, "instrument_name": "BTC-PERPETUAL", "bids": [[117542.0, 689030.0], [117539.5, 30000.0], [117539.0, 48930.0], [117538.5, 20.0], [117538.0, 520.0], [117537.5, 70640.0], [117537.0, 20.0], [117536.5, 20.0], [117536.0, 20.0], [117535.5, 20.0], [117535.0, 9240.0], [117534.5, 92380.0], [117533.5, 66790.0], [117530.0, 199800.0], [117528.0, 88250.0], [117527.5, 45000.0], [117526.5, 5140.0], [117526.0, 25000.0], [117525.0, 183220.0], [117524.5, 40000.0]], "asks": [[117542.5, 150050.0], [117543.0, 10.0], [117544.5, 6000.0], [117545.0, 100110.0], [117548.5, 45000.0], [117551.5, 42500.0], [117555.0, 11010.0], [117557.0, 13140.0], [117558.0, 43130.0], [117559.0, 12760.0], [117560.0, 29350.0], [117560.5, 20.0], [117561.0, 20.0], [117561.5, 20.0], [117562.0, 20.0], [117562.5, 20.0], [117563.0, 520.0], [117563.5, 20.0], [117564.0, 65350.0], [117564.5, 11000.0]]}}}
{"jsonrpc": "2.0", "method": "subscription", "params": {"channel": "book.BTC-PERPETUAL.none.20.100ms", "data": {"timestamp": 1758226904857, "change_id": 117880985990, "instrument_name": "BTC-PERPETUAL", "bids": [[117542.0, 689030.0], [117540.0, 30000.0], [117539.0, 48930.0], [117538.0, 520.0], [117537.5, 70640.0], [117537.0, 20.0], [117536.5, 20.0], [117536.0, 20.0], [117535.5, 20.0], [117535.0, 9240.0], [117534.5, 92380.0], [117533.5, 66790.0], [117530.0, 199800.0], [117528.0, 88250.0], [117527.5, 45000.0], [117526.5, 5140.0], [117526.0, 25000.0], [117525.0, 183220.0], [117524.5, 40000.0], [117524.0, 5520.0]], "asks": [[117542.5, 150050.0], [117543.0, 10.0], [117544.5, 6000.0], [117545.0, 100110.0], [117548.5, 45000.0], [117551.5, 42500.0], [117555.0, 11010.0], [117557.0, 13140.0], [117558.0, 43130.0], [117559.0, 12760.0], [117560.0, 29350.0], [117560.5, 20.0], [117561.0, 20.0], [117561.5, 20.0], [117562.0, 20.0], [117562.5, 20.0], [117563.0, 20.0], [117563.5, 520.0], [117564.0, 65350.0], [117564.5, 11000.0]]}}}
{"jsonrpc": "2.0", "method": "subscription", "params": {"channel": "book.BTC-PERPETUAL.none.20.100ms", "data": {"timestamp": 1758226905198, "change_id": 117880986424, "instrument_name": "BTC-PERPETUAL", "bids": [[117542.0, 689030.0], [117541.5, 20.0], [117541.0, 20.0], [117540.5, 20.0], [117540.0, 30020.0], [117539.5, 520.0], [117539.0, 48950.0], [117538.5, 9260.0], [117538.0, 26000.0], [117537.5, 70620.0], [117534.5, 66380.0], [117533.5, 66790.0], [117530.0, 199800.0], [117528.0, 88250.0], [117527.5, 45000.0], [117527.0, 25000.0], [117526.5, 5140.0], [117525.0, 183220.0], [117524.5, 40000.0], [117524.0, 5520.0]], "asks": [[117542.5, 250.0], [117543.0, 10.0], [117545.0, 100110.0], [117550.0, 6000.0], [117551.5, 42500.0], [117554.5, 17450.0], [117555.0, 45020.0], [117557.0, 13140.0], [117558.0, 43130.0], [117560.0, 29350.0], [117563.5, 520.0], [117564.0, 65350.0], [117565.0, 35730.0], [117565.5, 50000.0], [117567.0, 11000.0], [117567.5, 11000.0], [117568.0, 21000.0], [117568.5, 61610.0], [117570.0, 86800.0], [117572.0, 35350.0]]}}}
{"jsonrpc": "2.0", "method": "subscription", "params": {"channel": "book.BTC-PERPETUAL.none.20.100ms", "data": {"timestamp": 1758226905532, "change_id": 117880986714, "instrument_name": "BTC-PERPETUAL", "bids": [[117542.0, 753630.0], [117540.5, 11000.0], [117540.0, 30020.0], [117539.5, 20.0], [117539.0, 49450.0], [117538.5, 20.0], [117537.5, 70620.0], [117535.5, 9240.0], [117535.0, 26000.0], [117534.5, 66380.0], [117533.5, 66790.0], [117530.0, 199800.0], [117528.0, 88250.0], [117527.5, 45000.0], [117527.0, 25000.0], [117526.5, 5140.0], [117525.0, 183220.0], [117524.5, 40000.0], [117524.0, 5520.0], [117522.5, 5000.0]], "asks": [[117542.5, 250.0], [117543.0, 10.0], [117545.0, 100110.0], [117550.0, 6000.0], [117551.5, 42500.0], [117554.5, 17450.0], [117555.0, 45020.0], [117557.0, 13140.0], [117558.0, 43130.0], [117560.0, 29350.0], [117563.5, 520.0], [117564.0, 65350.0], [117564.5, 11000.0], [117565.0, 35730.0], [117565.5, 50000.0], [117567.0, 11000.0], [117568.0, 21000.0], [117568.5, 61610.0], [117570.0, 86800.0], [117572.0, 35350.0]]}}}
{"jsonrpc": "2.0", "method": "subscription", "params": {"channel": "book.BTC-PERPETUAL.none.20.100ms", "data": {"timestamp": 1758226905857, "change_id": 117880987082, "instrument_name": "BTC-PERPETUAL", "bids": [[117542.0, 764630.0], [117540.0, 30020.0], [117539.5, 20.0], [117539.0, 48950.0], [117538.5, 20.0], [117538.0, 500.0], [117537.5, 70620.0], [117535.5, 9240.0], [117535.0, 26000.0], [117534.5, 66380.0], [117533.5, 66790.0], [117530.0, 199800.0], [117528.0, 88250.0], [117527.5, 45000.0], [117527.0, 25000.0], [117526.5, 5140.0], [117525.0, 183220.0], [117524.5, 40000.0], [117524.0, 5520.0], [117522.5, 5000.0]], "asks": [[117542.5, 250.0], [117543.0, 10.0], [117545.0, 100110.0], [117550.0, 6000.0], [117551.5, 42500.0], [117554.5, 17450.0], [117555.0, 45020.0], [117557.0, 13140.0], [117558.0, 43130.0], [117560.0, 29350.0], [117563.5, 520.0], [117564.0, 65350.0], [117564.5, 11000.0], [117565.0, 35730.0], [117565.5, 50000.0], [117567.0, 11000.0], [117568.0, 21000.0], [117568.5, 61610.0], [117570.0, 86800.0], [117572.0, 35350.0]]}}}
{"jsonrpc": "2.0", "method": "subscription", "params": {"channel": "book.BTC-PERPETUAL.none.20.100ms", "data": {"timestamp": 1758226906196, "change_id": 117880987412, "instrument_name": "BTC-PERPETUAL", "bids": [[117542.0, 764630.0], [117540.0, 30020.0], [117539.5, 20.0], [117539.0, 48950.0], [117538.5, 20.0], [117538.0, 500.0], [117537.5, 70620.0], [117535.5, 9240.0], [117535.0, 26000.0], [117534.5, 66380.0], [117533.5, 66790.0], [117530.0, 199800.0], [117528.0, 88250.0], [117527.5, 45000.0], [117527.0, 25000.0], [117526.5, 5140.0], [117525.0, 183220.0], [117524.5, 40000.0], [117524.0, 5520.0], [117522.5, 5000.0]], "asks": [[117542.5, 250.0], [117543.0, 10.0], [117545.0, 100110.0], [117550.0, 6000.0], [117551.5, 42500.0], [117554.5, 17450.0], [117555.0, 45020.0], [117557.0, 5140.0], [117558.0, 43130.0], [117560.0, 29350.0], [117563.5, 520.0], [117564.0, 65350.0], [117564.5, 11000.0], [117565.0, 35730.0], [117565.5, 50000.0], [117567.0, 11000.0], [117568.0, 21000.0], [117568.5, 61610.0], [117570.0, 86800.0], [117572.0, 35350.0]]}}}
{"jsonrpc": "2.0", "method": "subscription", "params": {"channel": "book.BTC-PERPETUAL.none.20.100ms", "data": {"timestamp": 1758226906527, "change_id": 117880987682, "instrument_name": "BTC-PERPETUAL", "bids": [[117542.0, 666530.0], [117541.5, 20.0], [117541.0, 20.0], [117540.5, 20.0], [117540.0, 30020.0], [117539.5, 20.0], [117539.0, 48950.0], [117538.5, 20.0], [117538.0, 500.0], [117537.5, 70620.0], [117535.5, 9240.0], [117535.0, 26000.0], [117534.5, 66380.0], [117533.5, 66790.0], [117530.0, 199800.0], [117528.0, 88250.0], [117527.5, 45000.0], [117527.0, 25000.0], [117526.5, 5140.0], [117525.0, 183220.0]], "asks": [[117542.5, 250.0], [117543.0, 10.0], [117545.0, 100110.0], [117550.0, 6000.0], [117551.5, 42500.0], [117554.5, 17450.0], [117555.0, 45020.0], [117557.0, 5140.0], [117558.0, 43130.0], [117560.0, 29350.0], [117563.5, 520.0], [117564.0, 65350.0], [117564.5, 11020.0], [117565.0, 35750.0], [117565.5, 50020.0], [117566.0, 20.0], [117567.0, 11000.0], [117568.0, 21000.0], [117568.5, 61610.0], [117570.0, 86800.0]]}}}
{"jsonrpc": "2.0", "method": "subscription", "params": {"channel": "book.BTC-PERPETUAL.none.20.100ms", "data": {"timestamp": 1758226906819, "change_id": 117880988059, "instrument_name": "BTC-PERPETUAL", "bids": [[117542.0, 655530.0], [117540.5, 11000.0], [117540.0, 30000.0], [117539.0, 48930.0], [117538.5, 20.0], [117538.0, 520.0], [117537.5, 70640.0], [117537.0, 20.0], [117536.5, 20.0], [117535.5, 9240.0], [117535.0, 26000.0], [117534.5, 66380.0], [117533.5, 66790.0], [117530.0, 199800.0], [117528.0, 88250.0], [117527.5, 45000.0], [117527.0, 25000.0], [117526.5, 5140.0], [117525.0, 183220.0], [117524.5, 40000.0]], "asks": [[117542.5, 20370.0], [117543.0, 10.0], [117545.0, 100110.0], [117550.0, 6000.0], [117551.5, 87500.0], [117554.5, 9050.0], [117555.0, 20.0], [117557.0, 5140.0], [117558.0, 43130.0], [117560.0, 29350.0], [117561.0, 20.0], [117561.5, 20.0], [117562.0, 20.0], [117562.5, 20.0], [117563.0, 20.0], [117563.5, 520.0], [117564.0, 65350.0], [117564.5, 11020.0], [117565.0, 35730.0], [117565.5, 50000.0]]}}}
{"jsonrpc": "2.0", "method": "subscription", "params": {"channel": "book.BTC-PERPETUAL.none.20.100ms", "data": {"timestamp": 1758226907147, "change_id": 117880988428, "instrument_name": "BTC-PERPETUAL", "bids": [[117542.0, 666530.0], [117540.0, 30000.0], [117539.5, 20.0], [117539.0, 48950.0], [117538.5, 20.0], [117538.0, 520.0], [117537.5, 70640.0], [117535.5, 9240.0], [117535.0, 26000.0], [117534.5, 66380.0], [117533.5, 66790.0], [117530.0, 199800.0], [117528.0, 88250.0], [117527.5, 45000.0], [117527.0, 25000.0], [117526.5, 5140.0], [117525.0, 183220.0], [117524.5, 40000.0], [117524.0, 5520.0], [117522.5, 5000.0]], "asks": [[117542.5, 250.0], [117543.0, 10.0], [117545.0, 100110.0], [117550.0, 6000.0], [117551.5, 87500.0], [117554.5, 9050.0], [117555.0, 20.0], [117557.0, 5140.0], [117558.0, 43130.0], [117560.0, 29350.0], [117562.5, 20.0], [117563.0, 20.0], [117563.5, 520.0], [117564.0, 65350.0], [117564.5, 11020.0], [117565.0, 35730.0], [117565.5, 50000.0], [117567.0, 11000.0], [117568.0, 21000.0], [117568.5, 61610.0]]}}}
{"jsonrpc": "2.0", "method": "subscription", "params": {"channel": "book.BTC-PERPETUAL.none.20.100ms", "data": {"timestamp": 1758226907495, "change_id": 117880988696, "instrument_name": "BTC-PERPETUAL", "bids": [[117542.0, 746930.0], [117540.5, 11000.0], [117540.0, 30000.0], [117539.0, 48930.0], [117538.0, 520.0], [117537.5, 70640.0], [117537.0, 20.0], [117536.5, 20.0], [117535.5, 9240.0], [117535.0, 26000.0], [117534.5, 66380.0], [117533.5, 66790.0], [117530.0, 199800.0], [117528.0, 88250.0], [117527.5, 45000.0], [117527.0, 25000.0], [117526.5, 5140.0], [117525.0, 183220.0], [117524.5, 40000.0], [117524.0, 5520.0]], "asks": [[117542.5, 20370.0], [117543.0, 10.0], [117545.0, 100110.0], [117550.0, 6000.0], [117551.5, 87500.0], [117554.5, 9050.0], [117555.0, 20.0], [117557.0, 5140.0], [117558.0, 43130.0], [117560.0, 29350.0], [117561.5, 20.0], [117562.0, 20.0], [117562.5, 20.0], [117563.0, 20.0], [117563.5, 520.0], [117564.0, 65350.0], [117564.5, 11020.0], [117565.0, 35730.0], [117565.5, 50000.0], [117567.0, 11000.0]]}}}
{"jsonrpc": "2.0", "method": "subscription", "params": {"channel": "book.BTC-PERPETUAL.none.20.100ms", "data": {"timestamp": 1758226907857, "change_id": 117880989108, "instrument_name": "BTC-PERPETUAL", "bids": [[117542.0, 746930.0], [117540.5, 11020.0], [117540.0, 30020.0], [117539.5, 20.0], [117539.0, 48950.0], [117538.5, 20.0], [117538.0, 520.0], [117537.5, 70620.0], [117535.5, 9240.0], [117535.0, 26000.0], [117534.5, 66380.0], [117533.5, 66790.0], [117530.0, 199800.0], [117528.0, 88250.0], [117527.5, 45000.0], [117527.0, 25000.0], [117526.5, 5140.0], [117525.0, 183220.0], [117524.5, 40000.0], [117524.0, 5520.0]], "asks": [[117542.5, 250.0], [117543.0, 10.0], [117545.0, 100110.0], [117550.0, 6000.0], [117551.5, 87500.0], [117554.5, 9050.0], [117555.0, 20.0], [117558.0, 43130.0], [117560.0, 29350.0], [117563.5, 500.0], [117564.0, 65350.0], [117564.5, 11020.0], [117565.0, 35750.0], [117565.5, 50020.0], [117567.0, 11000.0], [117568.0, 21000.0], [117568.5, 61610.0], [117570.0, 86800.0], [117572.0, 35350.0], [117573.0, 231630.0]]}}}
{"jsonrpc": "2.0", "method": "subscription", "params": {"channel": "book.BTC-PERPETUAL.none.20.100ms", "data": {"timestamp": 1758226908181, "change_id": 117880989455, "instrument_name": "BTC-PERPETUAL", "bids": [[117542.0, 757930.0], [117541.0, 20.0], [117540.5, 20.0], [117540.0, 30020.0], [117539.5, 20.0], [117539.0, 48950.0], [117538.5, 20.0], [117538.0, 520.0], [117537.5, 70620.0], [117535.5, 9240.0], [117535.0, 26000.0], [117534.5, 66380.0], [117533.5, 66790.0], [117530.0, 199800.0], [117528.0, 88250.0], [117527.5, 45000.0], [117527.0, 25000.0], [117526.5, 5140.0], [117525.0, 183220.0], [117524.5, 40000.0]], "asks": [[117542.5, 250.0], [117543.0, 10.0], [117545.0, 100110.0], [117550.0, 6000.0], [117551.5, 87500.0], [117554.5, 9050.0], [117555.0, 20.0], [117558.0, 48270.0], [117560.0, 29350.0], [117563.0, 20.0], [117563.5, 520.0], [117564.0, 65350.0], [117564.5, 11020.0], [117565.0, 35750.0], [117565.5, 50020.0], [117566.0, 20.0], [117567.0, 11000.0], [117568.0, 21000.0], [117568.5, 61610.0], [117570.0, 86800.0]]}}}
{"jsonrpc": "2.0", "method": "subscription", "params": {"channel": "book.BTC-PERPETUAL.none.20.100ms", "data": {"timestamp": 1758226908519, "change_id": 117880989698, "instrument_name": "BTC-PERPETUAL", "bids": [[117542.0, 771530.0], [117541.0, 20.0], [117540.5, 20.0], [117540.0, 30020.0], [117539.5, 520.0], [117539.0, 48950.0], [117538.5, 20.0], [117537.5, 70620.0], [117535.5, 9240.0], [117535.0, 26000.0], [117534.5, 66380.0], [117533.5, 66790.0], [117530.0, 199800.0], [117528.0, 88250.0], [117527.5, 45000.0], [117527.0, 25000.0], [117526.5, 5140.0], [117525.0, 183220.0], [117524.5, 40000.0], [117524.0, 5520.0]], "asks": [[117542.5, 250.0], [117543.0, 10.0], [117545.0, 100110.0], [117550.0, 6000.0], [117551.5, 87500.0], [117554.5, 9050.0], [117555.0, 20.0], [117558.0, 48270.0], [117560.0, 29350.0], [117563.0, 20.0], [117563.5, 520.0], [117564.0, 65350.0], [117564.5, 11020.0], [117565.0, 35750.0], [117565.5, 50020.0], [117566.0, 20.0], [117567.0, 11000.0], [117568.0, 21000.0], [117568.5, 61610.0], [117570.0, 86800.0]]}}}
{"jsonrpc": "2.0", "method": "subscription", "params": {"channel": "book.BTC-PERPETUAL.none.20.100ms", "data": {"timestamp": 1758226908786, "change_id": 117880990032, "instrument_name": "BTC-PERPETUAL", "bids": [[117542.0, 757930.0], [117540.5, 20.0], [117540.0, 30020.0], [117539.5, 520.0], [117539.0, 48950.0], [117538.5, 20.0], [117537.5, 70620.0], [117535.5, 9240.0], [117535.0, 26000.0], [117534.5, 66380.0], [117533.5, 66790.0], [117530.0, 199800.0], [117528.0, 88250.0], [117527.5, 45000.0], [117527.0, 25000.0], [117526.5, 5140.0], [117525.0, 183220.0], [117524.5, 40000.0], [117524.0, 5520.0], [117522.5, 5000.0]], "asks": [[117542.5, 250.0], [117543.0, 10.0], [117545.0, 100110.0], [117550.0, 6000.0], [117551.5, 87500.0], [117554.5, 9050.0], [117555.0, 20.0], [117558.0, 48270.0], [117560.0, 29350.0], [117563.5, 520.0], [117564.0, 65350.0], [117564.5, 11020.0], [117565.0, 35750.0], [117565.5, 50020.0], [117566.0, 20.0], [117567.0, 11000.0], [117568.0, 21000.0], [117568.5, 61610.0], [117570.0, 86800.0], [117572.0, 35350.0]]}}}
{"jsonrpc": "2.0", "method": "subscription", "params": {"channel": "book.BTC-PERPETUAL.none.20.100ms", "data": {"timestamp": 1758226909151, "change_id": 117880990442, "instrument_name": "BTC-PERPETUAL", "bids": [[117542.0, 746930.0], [117540.5, 11000.0], [117540.0, 30000.0], [117539.0, 48930.0], [117538.0, 500.0], [117537.5, 70640.0], [117537.0, 20.0], [117536.5, 20.0], [117535.5, 9240.0], [117535.0, 26000.0], [117534.5, 66380.0], [117533.5, 66790.0], [117530.0, 199800.0], [117528.0, 88250.0], [117527.5, 45000.0], [117527.0, 25000.0], [117526.5, 5140.0], [117525.0, 183220.0], [117524.5, 40000.0], [117524.0, 5520.0]], "asks": [[117542.5, 20370.0], [117543.0, 10.0], [117545.0, 100110.0], [117550.0, 6000.0], [117551.5, 87500.0], [117554.5, 9050.0], [117555.0, 20.0], [117558.0, 48270.0], [117560.0, 29370.0], [117560.5, 20.0], [117561.0, 20.0], [117561.5, 20.0], [117562.0, 20.0], [117562.5, 20.0], [117563.0, 20.0], [117563.5, 520.0], [117564.0, 65330.0], [117564.5, 11000.0], [117565.0, 35730.0], [117565.5, 50000.0]]}}}
{"jsonrpc": "2.0", "method": "subscription", "params": {"channel": "book.BTC-PERPETUAL.none.20.100ms", "data": {"timestamp": 1758226909494, "change_id": 117880990723, "instrument_name": "BTC-PERPETUAL", "bids": [[117542.0, 640730.0], [117540.5, 11000.0], [117540.0, 30000.0], [117539.5, 500.0], [117539.0, 48930.0], [117537.5, 70640.0], [117537.0, 20.0], [117536.5, 20.0], [117536.0, 20.0], [117535.5, 9260.0], [117535.0, 26000.0], [117534.5, 66380.0], [117533.5, 66790.0], [117530.0, 199800.0], [117528.0, 88250.0], [117527.5, 45000.0], [117527.0, 25000.0], [117526.5, 5140.0], [117525.0, 183220.0], [117524.5, 40000.0]], "asks": [[117542.5, 57770.0], [117543.0, 10.0], [117545.0, 100110.0], [117550.0, 6000.0], [117551.5, 87500.0], [117554.5, 9050.0], [117555.0, 20.0], [117558.0, 48270.0], [117560.0, 29350.0], [117560.5, 20.0], [117561.0, 20.0], [117561.5, 20.0], [117562.0, 20.0], [117562.5, 20.0], [117563.0, 20.0], [117563.5, 520.0], [117564.0, 65330.0], [117564.5, 11000.0], [117565.0, 35730.0], [117565.5, 50000.0]]}}}
{"jsonrpc": "2.0", "method": "subscription", "params": {"channel": "book.BTC-PERPETUAL.none.20.100ms", "data": {"timestamp": 1758226909829, "change_id": 117880991119, "instrument_name": "BTC-PERPETUAL", "bids": [[117542.0, 651730.0], [117540.0, 30000.0], [117539.5, 500.0], [117539.0, 48930.0], [117538.0, 20.0], [117537.5, 70640.0], [117537.0, 20.0], [117536.5, 20.0], [117536.0, 20.0], [117535.5, 9260.0], [117535.0, 26000.0], [117534.5, 66380.0], [117533.5, 66790.0], [117530.0, 199800.0], [117528.0, 88250.0], [117527.5, 45000.0], [117527.0, 25000.0], [117526.5, 5140.0], [117525.0, 183220.0], [117524.5, 40000.0]], "asks": [[117542.5, 37650.0], [117543.0, 10.0], [117545.0, 100110.0], [117550.0, 6000.0], [117551.5, 87500.0], [117554.5, 9050.0], [117555.0, 20.0], [117558.0, 48270.0], [117560.0, 29350.0], [117560.5, 20.0], [117561.0, 20.0], [117561.5, 20.0], [117562.0, 20.0], [117562.5, 20.0], [117563.0, 20.0], [117563.5, 520.0], [117564.0, 65330.0], [117564.5, 11000.0], [117565.0, 35730.0], [117565.5, 50000.0]]}}}
{"jsonrpc": "2.0", "method": "subscription", "params": {"channel": "book.BTC-PERPETUAL.none.20.100ms", "data": {"timestamp": 1758226910124, "change_id": 117880991465, "instrument_name": "BTC-PERPETUAL", "bids": [[117542.0, 691930.0], [117540.0, 30000.0], [117539.5, 500.0], [117539.0, 48930.0], [117538.0, 20.0], [117537.5, 70640.0], [117537.0, 20.0], [117536.5, 20.0], [117536.0, 20.0], [117535.5, 9260.0], [117535.0, 26000.0], [117534.5, 66380.0], [117533.5, 66790.0], [117530.0, 199800.0], [117528.0, 37700.0], [117527.5, 45000.0], [117527.0, 25000.0], [117526.5, 5140.0], [117524.5, 40000.0], [117524.0, 5520.0]], "asks": [[117542.5, 37650.0], [117543.0, 10.0], [117545.0, 100110.0], [117550.0, 6000.0], [117551.5, 87500.0], [117554.5, 9050.0], [117555.0, 20.0], [117558.0, 48270.0], [117560.0, 29350.0], [117561.0, 20.0], [117561.5, 20.0], [117562.0, 20.0], [117562.5, 20.0], [117563.0, 20.0], [117563.5, 520.0], [117564.0, 65330.0], [117564.5, 11000.0], [117565.0, 35730.0], [117565.5, 50000.0], [117567.0, 11000.0]]}}}
{"jsonrpc": "2.0", "method": "subscription", "params": {"channel": "book.BTC-PERPETUAL.none.20.100ms", "data": {"timestamp": 1758226910489, "change_id": 117880991764, "instrument_name": "BTC-PERPETUAL", "bids": [[117542.0, 752830.0], [117540.5, 11000.0], [117540.0, 30000.0], [117539.5, 520.0], [117539.0, 48950.0], [117538.5, 20.0], [117538.0, 20.0], [117537.5, 70640.0], [117537.0, 20.0], [117536.5, 20.0], [117535.5, 9240.0], [117535.0, 26000.0], [117534.5, 66380.0], [117533.5, 66790.0], [117530.0, 199800.0], [117528.0, 37700.0], [117527.5, 45000.0], [117527.0, 25000.0], [117526.5, 5140.0], [117524.5, 40000.0]], "asks": [[117542.5, 62750.0], [117543.0, 10.0], [117545.0, 100110.0], [117550.0, 48900.0], [117551.5, 87500.0], [117554.5, 9050.0], [117555.0, 20.0], [117558.0, 43130.0], [117560.0, 29350.0], [117562.0, 20.0], [117562.5, 20.0], [117563.0, 20.0], [117563.5, 520.0], [117564.0, 65350.0], [117564.5, 11020.0], [117565.0, 35750.0], [117565.5, 50020.0], [117567.0, 11000.0], [117568.0, 21000.0], [117568.5, 61610.0]]}}}
{"jsonrpc": "2.0", "method": "subscription", "params": {"channel": "book.BTC-PERPETUAL.none.20.100ms", "data": {"timestamp": 1758226910835, "change_id": 117880992190, "instrument_name": "BTC-PERPETUAL", "bids": [[117542.0, 763830.0], [117540.0, 30000.0], [117539.5, 500.0], [117539.0, 48930.0], [117538.0, 20.0], [117537.5, 70640.0], [117537.0, 20.0], [117535.5, 9240.0], [117535.0, 26000.0], [117534.5, 66380.0], [117533.5, 66790.0], [117530.0, 199800.0], [117528.0, 37700.0], [117527.5, 45000.0], [117527.0, 25000.0], [117526.5, 5140.0], [117524.5, 40000.0], [117524.0, 5520.0], [117522.5, 5000.0], [117520.0, 1000.0]], "asks": [[117542.5, 62750.0], [117543.0, 10.0], [117545.0, 100110.0], [117550.0, 48900.0], [117551.5, 87500.0], [117554.5, 9050.0], [117555.0, 20.0], [117558.0, 43130.0], [117560.0, 29350.0], [117562.5, 20.0], [117563.0, 20.0], [117563.5, 520.0], [117564.0, 65350.0], [117564.5, 11020.0], [117565.0, 35750.0], [117565.5, 50020.0], [117567.0, 11000.0], [117568.0, 21000.0], [117568.5, 61610.0], [117570.0, 86800.0]]}}}
{"jsonrpc": "2.0", "method": "subscription", "params": {"channel": "book.BTC-PERPETUAL.none.20.100ms", "data": {"timestamp": 1758226911163, "change_id": 117880992555, "instrument_name": "BTC-PERPETUAL", "bids": [[117542.0, 752830.0], [117540.5, 11000.0], [117540.0, 30000.0], [117539.5, 500.0], [117539.0, 48930.0], [117538.0, 20.0], [117537.5, 70640.0], [117537.0, 20.0], [117535.5, 9240.0], [117535.0, 26000.0], [117534.5, 66380.0], [117533.5, 66790.0], [117530.0, 199800.0], [117528.0, 89870.0], [117527.5, 45000.0], [117527.0, 25000.0], [117526.5, 5140.0], [117525.0, 189630.0], [117524.5, 40000.0], [117524.0, 5520.0]], "asks": [[117542.5, 62750.0], [117543.0, 10.0], [117545.0, 100110.0], [117550.0, 48900.0], [117551.5, 87500.0], [117554.5, 9050.0], [117555.0, 20.0], [117558.0, 48270.0], [117560.0, 29350.0], [117562.5, 20.0], [117563.0, 20.0], [117563.5, 520.0], [117564.0, 65350.0], [117564.5, 11020.0], [117565.0, 35750.0], [117565.5, 50020.0], [117568.0, 11000.0], [117568.5, 61610.0], [117570.0, 86800.0], [117571.5, 21000.0]]}}}
{"jsonrpc": "2.0", "method": "subscription", "params": {"channel": "book.BTC-PERPETUAL.none.20.100ms", "data": {"timestamp": 1758226911487, "change_id": 117880992819, "instrument_name": "BTC-PERPETUAL", "bids": [[117542.0, 763830.0], [117540.0, 30000.0], [117539.5, 500.0], [117539.0, 48930.0], [117538.5, 20.0], [117538.0, 20.0], [117537.5, 70640.0], [117537.0, 20.0], [117536.5, 20.0], [117536.0, 20.0], [117535.5, 9240.0], [117535.0, 26000.0], [117534.5, 66380.0], [117533.5, 66790.0], [117530.0, 199800.0], [117528.0, 89870.0], [117527.5, 45000.0], [117527.0, 25000.0], [117526.5, 5140.0], [117525.0, 189630.0]], "asks": [[117542.5, 62750.0], [117543.0, 10.0], [117545.0, 100110.0], [117550.0, 48900.0], [117551.5, 87500.0], [117554.5, 9050.0], [117555.0, 20.0], [117558.0, 48270.0], [117560.0, 29350.0], [117561.0, 20.0], [117561.5, 20.0], [117562.5, 20.0], [117563.0, 20.0], [117563.5, 520.0], [117564.0, 65350.0], [117564.5, 11020.0], [117565.0, 35750.0], [117565.5, 50000.0], [117568.0, 11000.0], [117568.5, 61610.0]]}}}
{"jsonrpc": "2.0", "method": "subscription", "params": {"channel": "book.BTC-PERPETUAL.none.20.100ms", "data": {"timestamp": 1758226911743, "change_id": 117880993147, "instrument_name": "BTC-PERPETUAL", "bids": [[117542.0, 763830.0], [117540.0, 30000.0], [117539.5, 500.0], [117539.0, 48930.0], [117538.5, 20.0], [117538.0, 20.0], [117537.5, 70640.0], [117537.0, 20.0], [117536.5, 20.0], [117536.0, 20.0], [117535.5, 9260.0], [117535.0, 26000.0], [117534.5, 66380.0], [117533.5, 66790.0], [117530.0, 199800.0], [117528.0, 89870.0], [117527.5, 45000.0], [117527.0, 25000.0], [117526.5, 5140.0], [117525.0, 189630.0]], "asks": [[117542.5, 62750.0], [117543.0, 10.0], [117545.0, 100110.0], [117550.0, 48900.0], [117551.5, 87500.0], [117554.5, 9050.0], [117555.0, 20.0], [117558.0, 48270.0], [117560.0, 29350.0], [117561.0, 20.0], [117561.5, 20.0], [117562.0, 20.0], [117562.5, 20.0], [117563.0, 20.0], [117563.5, 520.0], [117564.0, 65350.0], [117564.5, 11000.0], [117565.0, 35730.0], [117565.5, 50000.0], [117568.0, 11000.0]]}}}
{"jsonrpc": "2.0", "method": "subscription", "params": {"channel": "book.BTC-PERPETUAL.none.20.100ms", "data": {"timestamp": 1758226912032, "change_id": 117880993402, "instrument_name": "BTC-PERPETUAL", "bids": [[117542.0, 752830.0], [117540.5, 11000.0], [117540.0, 30000.0], [117539.5, 500.0], [117539.0, 48930.0], [117538.5, 20.0], [117538.0, 20.0], [117537.5, 70640.0], [117537.0, 20.0], [117536.5, 20.0], [117536.0, 20.0], [117535.5, 9240.0], [117535.0, 26000.0], [117534.5, 62450.0], [117533.5, 66790.0], [117530.0, 199800.0], [117528.0, 89870.0], [117527.5, 45000.0], [117527.0, 25000.0], [117526.5, 5140.0]], "asks": [[117542.5, 62750.0], [117543.0, 10.0], [117545.0, 100110.0], [117550.0, 48900.0], [117551.5, 87500.0], [117554.5, 9050.0], [117555.0, 20.0], [117558.0, 48270.0], [117560.0, 29350.0], [117560.5, 20.0], [117561.0, 20.0], [117561.5, 20.0], [117562.0, 20.0], [117562.5, 20.0], [117563.0, 20.0], [117563.5, 520.0], [117564.0, 65350.0], [117564.5, 11000.0], [117565.0, 35730.0], [117565.5, 50000.0]]}}}
{"jsonrpc": "2.0", "method": "subscription", "params": {"channel": "book.BTC-PERPETUAL.none.20.100ms", "data": {"timestamp": 1758226912484, "change_id": 117880993852, "instrument_name": "BTC-PERPETUAL", "bids": [[117542.0, 332750.0], [117540.5, 14040.0], [117540.0, 30000.0], [117539.0, 48930.0], [117538.0, 500.0], [117537.5, 70620.0], [117535.5, 9240.0], [117535.0, 26020.0], [117534.5, 50020.0], [117534.0, 20.0], [117533.5, 66810.0], [117533.0, 20.0], [117530.0, 199800.0], [117528.0, 37700.0], [117527.5, 45000.0], [117526.5, 5140.0], [117525.0, 25000.0], [117524.5, 40000.0], [117524.0, 5520.0], [117522.5, 5000.0]], "asks": [[117542.5, 62750.0], [117543.0, 10.0], [117545.0, 106110.0], [117550.0, 42900.0], [117551.5, 87500.0], [117554.5, 21620.0], [117555.0, 20.0], [117557.5, 25000.0], [117558.0, 23270.0], [117559.0, 20.0], [117559.5, 20.0], [117560.0, 29370.0], [117560.5, 20.0], [117561.0, 20.0], [117561.5, 20.0], [117562.0, 20.0], [117563.5, 500.0], [117564.0, 65330.0], [117564.5, 11000.0], [117565.0, 35730.0]]}}}
{"jsonrpc": "2.0", "method": "subscription", "params": {"channel": "book.BTC-PERPETUAL.none.20.100ms", "data": {"timestamp": 1758226912792, "change_id": 117880994261, "instrument_name": "BTC-PERPETUAL", "bids": [[117542.0, 568300.0], [117540.5, 14040.0], [117540.0, 30000.0], [117539.0, 48930.0], [117538.0, 500.0], [117537.5, 70640.0], [117537.0, 20.0], [117536.5, 20.0], [117536.0, 20.0], [117535.5, 20.0], [117535.0, 26020.0], [117534.5, 50020.0], [117534.0, 9240.0], [117533.5, 66790.0], [117530.0, 199800.0], [117528.0, 37700.0], [117527.5, 45000.0], [117526.5, 5140.0], [117526.0, 25000.0], [117524.5, 40000.0]], "asks": [[117542.5, 62750.0], [117543.0, 10.0], [117545.0, 106110.0], [117550.0, 42900.0], [117551.5, 87500.0], [117554.5, 9050.0], [117555.0, 20.0], [117557.5, 25000.0], [117558.0, 23270.0], [117560.0, 29370.0], [117560.5, 20.0], [117561.0, 20.0], [117561.5, 20.0], [117562.0, 20.0], [117563.5, 500.0], [117564.0, 65330.0], [117564.5, 11000.0], [117565.0, 35730.0], [117565.5, 50000.0], [117567.0, 11000.0]]}}}
{"jsonrpc": "2.0", "method": "subscription", "params": {"channel": "book.BTC-PERPETUAL.none.20.100ms", "data": {"timestamp": 1758226913143, "change_id": 117880994658, "instrument_name": "BTC-PERPETUAL", "bids": [[117542.0, 568300.0], [117540.5, 14040.0], [117540.0, 30000.0], [117539.0, 48930.0], [117538.0, 500.0], [117537.5, 70640.0], [117537.0, 20.0], [117536.5, 20.0], [117536.0, 20.0], [117535.5, 20.0], [117535.0, 26020.0], [117534.5, 50020.0], [117534.0, 9240.0], [117533.5, 66790.0], [117530.0, 199800.0], [117528.0, 89490.0], [117527.5, 45000.0], [117526.5, 5140.0], [117526.0, 25000.0], [117524.5, 228340.0]], "asks": [[117542.5, 62750.0], [117543.0, 10.0], [117545.0, 106110.0], [117550.0, 42900.0], [117551.5, 87500.0], [117554.5, 9050.0], [117555.0, 20.0], [117558.0, 48270.0], [117560.0, 29370.0], [117560.5, 20.0], [117561.0, 20.0], [117561.5, 20.0], [117562.0, 20.0], [117563.5, 500.0], [117564.0, 65330.0], [117564.5, 11000.0], [117565.0, 35730.0], [117565.5, 50000.0], [117567.0, 11000.0], [117569.5, 61610.0]]}}}
{"jsonrpc": "2.0", "method": "subscription", "params": {"channel": "book.BTC-PERPETUAL.none.20.100ms", "data": {"timestamp": 1758226913447, "change_id": 117880994863, "instrument_name": "BTC-PERPETUAL", "bids": [[117542.0, 656500.0], [117540.5, 33040.0], [117539.0, 48930.0], [117538.5, 20.0], [117538.0, 520.0], [117537.5, 70640.0], [117537.0, 20.0], [117536.5, 20.0], [117536.0, 20.0], [117535.5, 20.0], [117535.0, 26000.0], [117534.5, 50000.0], [117534.0, 9240.0], [117533.5, 66790.0], [117530.0, 199800.0], [117528.0, 89490.0], [117527.5, 45000.0], [117526.5, 5140.0], [117526.0, 25000.0], [117524.5, 228340.0]], "asks": [[117542.5, 118850.0], [117543.0, 10.0], [117545.0, 106110.0], [117550.0, 42900.0], [117551.5, 87500.0], [117554.5, 9050.0], [117555.0, 20.0], [117558.0, 48270.0], [117560.0, 29370.0], [117560.5, 20.0], [117561.0, 20.0], [117561.5, 20.0], [117562.0, 20.0], [117562.5, 20.0], [117563.0, 20.0], [117563.5, 520.0], [117564.0, 65330.0], [117564.5, 11000.0], [117565.0, 35730.0], [117565.5, 50000.0]]}}}
{"jsonrpc": "2.0", "method": "subscription", "params": {"channel": "book.BTC-PERPETUAL.none.20.100ms", "data": {"timestamp": 1758226913809, "change_id": 117880995304, "instrument_name": "BTC-PERPETUAL", "bids": [[117542.0, 651400.0], [117541.0, 11000.0], [117540.5, 30000.0], [117539.0, 48930.0], [117538.0, 500.0], [117537.5, 70640.0], [117537.0, 20.0], [117536.5, 20.0], [117536.0, 20.0], [117535.5, 20.0], [117535.0, 26020.0], [117534.5, 50000.0], [117534.0, 9240.0], [117533.5, 66790.0], [117530.0, 199800.0], [117528.0, 89490.0], [117527.5, 45000.0], [117526.5, 5140.0], [117526.0, 25000.0], [117524.5, 228340.0]], "asks": [[117542.5, 118850.0], [117543.0, 10.0], [117545.0, 106110.0], [117550.0, 42900.0], [117551.5, 87500.0], [117554.5, 9050.0], [117555.0, 20.0], [117558.0, 48270.0], [117559.5, 20.0], [117560.0, 29370.0], [117560.5, 20.0], [117561.0, 20.0], [117561.5, 20.0], [117562.0, 20.0], [117562.5, 20.0], [117563.0, 20.0], [117563.5, 500.0], [117564.0, 65330.0], [117564.5, 11000.0], [117565.0, 35730.0]]}}}
{"jsonrpc": "2.0", "method": "subscription", "params": {"channel": "book.BTC-PERPETUAL.none.20.100ms", "data": {"timestamp": 1758226914118, "change_id": 117880995634, "instrument_name": "BTC-PERPETUAL", "bids": [[117542.0, 649930.0], [117541.0, 11000.0], [117540.5, 30000.0], [117539.0, 48930.0], [117538.0, 500.0], [117537.5, 70640.0], [117537.0, 20.0], [117536.5, 20.0], [117536.0, 20.0], [117535.5, 20.0], [117535.0, 26020.0], [117534.5, 50020.0], [117534.0, 9240.0], [117533.5, 66790.0], [117530.0, 199800.0], [117528.0, 89490.0], [117527.5, 45000.0], [117526.5, 5140.0], [117526.0, 25000.0], [117524.5, 228340.0]], "asks": [[117542.5, 117380.0], [117543.0, 10.0], [117545.0, 106110.0], [117550.0, 42900.0], [117551.5, 87500.0], [117554.5, 9050.0], [117555.0, 20.0], [117558.0, 48270.0], [117560.0, 29370.0], [117560.5, 20.0], [117561.0, 20.0], [117561.5, 20.0], [117562.0, 20.0], [117562.5, 20.0], [117563.0, 20.0], [117563.5, 500.0], [117564.0, 65330.0], [117564.5, 11000.0], [117565.0, 35730.0], [117565.5, 50000.0]]}}}
{"jsonrpc": "2.0", "method": "subscription", "params": {"channel": "book.BTC-PERPETUAL.none.20.100ms", "data": {"timestamp": 1758226914463, "change_id": 117880995856, "instrument_name": "BTC-PERPETUAL", "bids": [[117542.0, 660930.0], [117540.0, 30000.0], [117539.0, 48930.0], [117538.0, 520.0], [117537.5, 70640.0], [117537.0, 20.0], [117536.5, 20.0], [117536.0, 20.0], [117535.5, 9260.0], [117535.0, 26000.0], [117534.5, 50000.0], [117533.5, 66790.0], [117530.0, 199800.0], [117528.0, 37700.0], [117527.5, 45000.0], [117526.5, 5140.0], [117526.0, 25000.0], [117524.5, 40000.0], [117524.0, 5520.0], [117522.5, 5000.0]], "asks": [[117542.5, 117380.0], [117543.0, 10.0], [117545.0, 106110.0], [117550.0, 42900.0], [117551.5, 87500.0], [117554.5, 9050.0], [117555.0, 20.0], [117558.0, 48270.0], [117560.0, 29370.0], [117560.5, 20.0], [117561.0, 20.0], [117561.5, 20.0], [117562.0, 20.0], [117562.5, 20.0], [117563.0, 20.0], [117563.5, 520.0], [117564.0, 65330.0], [117565.0, 46730.0], [117565.5, 50000.0], [117569.0, 11000.0]]}}}
{"jsonrpc": "2.0", "method": "subscription", "params": {"channel": "book.BTC-PERPETUAL.none.20.100ms", "data": {"timestamp": 1758226914798, "change_id": 117880996272, "instrument_name": "BTC-PERPETUAL", "bids": [[117542.0, 660930.0], [117540.0, 30000.0], [117539.5, 20.0], [117539.0, 49450.0], [117538.5, 20.0], [117538.0, 20.0], [117537.5, 70640.0], [117537.0, 20.0], [117536.5, 20.0], [117536.0, 26000.0], [117535.5, 9240.0], [117534.5, 50000.0], [117533.5, 66790.0], [117530.0, 199800.0], [117528.0, 37700.0], [117527.5, 45000.0], [117526.5, 5140.0], [117526.0, 25000.0], [117524.5, 40000.0], [117524.0, 5520.0]], "asks": [[117542.5, 117380.0], [117543.0, 10.0], [117545.0, 106110.0], [117550.0, 42900.0], [117551.5, 87500.0], [117554.5, 9050.0], [117555.0, 20.0], [117558.0, 48270.0], [117560.0, 29350.0], [117561.0, 20.0], [117561.5, 20.0], [117562.0, 20.0], [117562.5, 20.0], [117563.0, 20.0], [117563.5, 520.0], [117564.0, 65330.0], [117565.0, 46730.0], [117565.5, 50000.0], [117569.0, 11000.0], [117569.5, 61610.0]]}}}
{"jsonrpc": "2.0", "method": "subscription", "params": {"channel": "book.BTC-PERPETUAL.none.20.100ms", "data": {"timestamp": 1758226915104, "change_id": 117880996677, "instrument_name": "BTC-PERPETUAL", "bids": [[117542.0, 660930.0], [117540.0, 30000.0], [117539.0, 48930.0], [117538.5, 20.0], [117538.0, 520.0], [117537.5, 70640.0], [117537.0, 20.0], [117536.5, 20.0], [117536.0, 26020.0], [117535.5, 9240.0], [117534.5, 50000.0], [117533.5, 66790.0], [117530.0, 199800.0], [117528.0, 37700.0], [117527.5, 45000.0], [117526.5, 5140.0], [117526.0, 25000.0], [117524.5, 40000.0], [117522.5, 5000.0], [117520.0, 1000.0]], "asks": [[117542.5, 76180.0], [117543.0, 10.0], [117545.0, 106110.0], [117550.0, 42900.0], [117551.5, 87500.0], [117554.5, 9050.0], [117555.0, 20.0], [117558.0, 48270.0], [117560.0, 29350.0], [117560.5, 20.0], [117561.0, 20.0], [117561.5, 20.0], [117562.0, 20.0], [117562.5, 20.0], [117563.0, 20.0], [117563.5, 520.0], [117564.0, 65350.0], [117565.0, 46730.0], [117565.5, 50000.0], [117569.0, 11000.0]]}}}
{"jsonrpc": "2.0", "method": "subscription", "params": {"channel": "book.BTC-PERPETUAL.none.20.100ms", "data": {"timestamp": 1758226915454, "change_id": 117880996916, "instrument_name": "BTC-PERPETUAL", "bids": [[117542.0, 583730.0], [117540.0, 30000.0], [117539.0, 48930.0], [117538.0, 500.0], [117537.5, 70640.0], [117537.0, 20.0], [117536.5, 20.0], [117536.0, 26020.0], [117535.5, 9260.0], [117534.5, 50000.0], [117533.5, 66790.0], [117530.0, 199800.0], [117528.0, 89280.0], [117527.5, 45000.0], [117526.5, 5140.0], [117526.0, 25000.0], [117525.0, 193160.0], [117524.5, 40000.0], [117522.5, 5000.0], [117520.0, 1000.0]], "asks": [[117542.5, 98780.0], [117543.0, 10.0], [117545.0, 106110.0], [117550.0, 42900.0], [117551.5, 87500.0], [117554.5, 9050.0], [117555.0, 20.0], [117558.0, 48270.0], [117560.0, 29370.0], [117560.5, 20.0], [117561.0, 20.0], [117561.5, 20.0], [117562.0, 20.0], [117562.5, 20.0], [117563.0, 20.0], [117563.5, 520.0], [117564.0, 65330.0], [117564.5, 11000.0], [117565.0, 35730.0], [117565.5, 50000.0]]}}}
{"jsonrpc": "2.0", "method": "subscription", "params": {"channel": "book.BTC-PERPETUAL.none.20.100ms", "data": {"timestamp": 1758226915793, "change_id": 117880997411, "instrument_name": "BTC-PERPETUAL", "bids": [[117542.0, 572730.0], [117540.5, 11000.0], [117540.0, 30000.0], [117539.0, 48930.0], [117538.0, 500.0], [117537.5, 70620.0], [117536.0, 26000.0], [117535.5, 9240.0], [117534.5, 50000.0], [117533.5, 66790.0], [117530.0, 199800.0], [117528.0, 89280.0], [117527.5, 45000.0], [117526.5, 5140.0], [117526.0, 25000.0], [117525.0, 193160.0], [117524.5, 40000.0], [117522.5, 5000.0], [117520.0, 1000.0], [117519.0, 2700.0]], "asks": [[117542.5, 98780.0], [117543.0, 10.0], [117545.0, 106110.0], [117550.0, 42900.0], [117551.5, 87500.0], [117554.0, 7510.0], [117555.0, 20.0], [117558.0, 48270.0], [117560.0, 29370.0], [117560.5, 20.0], [117561.0, 20.0], [117561.5, 20.0], [117562.0, 20.0], [117563.5, 500.0], [117564.0, 65330.0], [117564.5, 11000.0], [117565.0, 35730.0], [117565.5, 50000.0], [117569.0, 11000.0], [117569.5, 61610.0]]}}}
{"jsonrpc": "2.0", "method": "subscription", "params": {"channel": "book.BTC-PERPETUAL.none.20.100ms", "data": {"timestamp": 1758226916107, "change_id": 117880997793, "instrument_name": "BTC-PERPETUAL", "bids": [[117542.0, 583730.0], [117540.5, 30000.0], [117539.0, 48930.0], [117538.0, 500.0], [117537.5, 70620.0], [117536.0, 26000.0], [117535.5, 9240.0], [117534.5, 50000.0], [117533.5, 66790.0], [117530.0, 199800.0], [117528.0, 89280.0], [117527.5, 45000.0], [117526.5, 5140.0], [117526.0, 25000.0], [117525.0, 193160.0], [117524.5, 40000.0], [117522.5, 5000.0], [117520.0, 1000.0], [117519.0, 2700.0], [117518.5, 59810.0]], "asks": [[117542.5, 98780.0], [117543.0, 10.0], [117545.0, 106110.0], [117550.0, 42900.0], [117551.5, 87500.0], [117554.0, 7510.0], [117555.0, 20.0], [117558.0, 48270.0], [117560.0, 29350.0], [117561.0, 20.0], [117561.5, 20.0], [117562.0, 20.0], [117563.5, 500.0], [117564.0, 65330.0], [117564.5, 11000.0], [117565.0, 35730.0], [117565.5, 50000.0], [117569.0, 11000.0], [117569.5, 61610.0], [117570.0, 86800.0]]}}}
{"jsonrpc": "2.0", "method": "subscription", "params": {"channel": "book.BTC-PERPETUAL.none.20.100ms", "data": {"timestamp": 1758226916406, "change_id": 117880997899, "instrument_name": "BTC-PERPETUAL", "bids": [[117542.0, 655930.0], [117540.5, 30000.0], [117539.0, 48930.0], [117538.5, 20.0], [117538.0, 500.0], [117537.5, 70620.0], [117536.0, 26000.0], [117535.5, 9240.0], [117534.5, 50000.0], [117533.5, 66790.0], [117530.0, 199800.0], [117528.0, 37700.0], [117527.5, 45000.0], [117526.5, 5140.0], [117526.0, 25000.0], [117524.5, 40000.0], [117522.5, 5000.0], [117520.0, 1000.0], [117519.0, 2700.0], [117518.5, 59810.0]], "asks": [[117542.5, 98780.0], [117543.0, 10.0], [117545.0, 106110.0], [117550.0, 42900.0], [117551.5, 87500.0], [117554.0, 7510.0], [117555.0, 20.0], [117558.0, 48270.0], [117560.0, 29350.0], [117561.5, 20.0], [117562.0, 20.0], [117563.5, 500.0], [117564.0, 65330.0], [117564.5, 11000.0], [117565.0, 35730.0], [117565.5, 50000.0], [117569.0, 11000.0], [117569.5, 61610.0], [117570.0, 86800.0], [117571.5, 21000.0]]}}}
{"jsonrpc": "2.0", "method": "subscription", "params": {"channel": "book.BTC-PERPETUAL.none.20.100ms", "data": {"timestamp": 1758226916768, "change_id": 117880998386, "instrument_name": "BTC-PERPETUAL", "bids": [[117542.0, 655930.0], [117540.5, 30000.0], [117539.5, 20.0], [117539.0, 48950.0], [117538.5, 9260.0], [117538.0, 26520.0], [117537.5, 70640.0], [117537.0, 20.0], [117536.5, 20.0], [117534.5, 50000.0], [117533.5, 66790.0], [117530.0, 199800.0], [117528.0, 37700.0], [117527.5, 45000.0], [117526.5, 5140.0], [117526.0, 25000.0], [117524.5, 40000.0], [117522.5, 5000.0], [117520.0, 1000.0], [117519.0, 2700.0]], "asks": [[117542.5, 76180.0], [117543.0, 10.0], [117545.0, 106110.0], [117550.0, 42900.0], [117551.5, 87500.0], [117554.0, 7510.0], [117555.0, 20.0], [117558.0, 48270.0], [117560.0, 29350.0], [117561.0, 20.0], [117561.5, 20.0], [117562.0, 20.0], [117562.5, 20.0], [117563.0, 20.0], [117563.5, 520.0], [117564.0, 65350.0], [117565.0, 35730.0], [117565.5, 50000.0], [117568.5, 11000.0], [117569.0, 11000.0]]}}}
{"jsonrpc": "2.0", "method": "subscription", "params": {"channel": "book.BTC-PERPETUAL.none.20.100ms", "data": {"timestamp": 1758226917116, "change_id": 117880998817, "instrument_name": "BTC-PERPETUAL", "bids": [[117542.0, 641560.0], [117541.0, 11000.0], [117540.5, 30000.0], [117539.5, 20.0], [117539.0, 48950.0], [117538.5, 520.0], [117538.0, 20.0], [117537.5, 70640.0], [117537.0, 20.0], [117536.5, 20.0], [117535.5, 26000.0], [117535.0, 9240.0], [117534.5, 50000.0], [117533.5, 66790.0], [117531.5, 45000.0], [117530.0, 199800.0], [117528.0, 22540.0], [117526.5, 5140.0], [117526.0, 25000.0], [117524.5, 40000.0]], "asks": [[117542.5, 76180.0], [117543.0, 10.0], [117545.0, 100110.0], [117550.0, 42900.0], [117551.5, 42500.0], [117554.0, 21610.0], [117555.0, 20.0], [117558.0, 93270.0], [117560.0, 29350.0], [117561.5, 20.0], [117562.0, 20.0], [117562.5, 20.0], [117563.0, 20.0], [117563.5, 520.0], [117564.0, 65350.0], [117564.5, 20.0], [117565.0, 46730.0], [117565.5, 50000.0], [117569.0, 11000.0], [117569.5, 61610.0]]}}}
{"jsonrpc": "2.0", "method": "subscription", "params": {"channel": "book.BTC-PERPETUAL.none.20.100ms", "data": {"timestamp": 1758226917451, "change_id": 117880999052, "instrument_name": "BTC-PERPETUAL", "bids": [[117542.0, 685930.0], [117539.0, 49430.0], [117538.5, 20.0], [117538.0, 35260.0], [117537.5, 70640.0], [117537.0, 20.0], [117536.5, 20.0], [117534.5, 50000.0], [117533.5, 66790.0], [117531.5, 45000.0], [117530.0, 199800.0], [117528.0, 78950.0], [117526.5, 5140.0], [117526.0, 25000.0], [117525.0, 192230.0], [117524.5, 40000.0], [117523.0, 5200.0], [117522.5, 5000.0], [117520.0, 1000.0], [117519.0, 2700.0]], "asks": [[117542.5, 76180.0], [117543.0, 10.0], [117545.0, 100110.0], [117550.0, 42900.0], [117551.5, 42500.0], [117554.0, 21610.0], [117554.5, 45000.0], [117555.0, 20.0], [117558.0, 48270.0], [117560.0, 29350.0], [117560.5, 20.0], [117561.0, 20.0], [117561.5, 20.0], [117562.0, 20.0], [117562.5, 20.0], [117563.0, 20.0], [117563.5, 520.0], [117564.0, 65350.0], [117565.0, 35730.0], [117565.5, 50000.0]]}}}
{"jsonrpc": "2.0", "method": "subscription", "params": {"channel": "book.BTC-PERPETUAL.none.20.100ms", "data": {"timestamp": 1758226917753, "change_id": 117880999452, "instrument_name": "BTC-PERPETUAL", "bids": [[117542.0, 685930.0], [117539.0, 48930.0], [117538.5, 520.0], [117538.0, 35260.0], [117537.5, 70640.0], [117537.0, 20.0], [117536.5, 20.0], [117534.5, 50000.0], [117533.5, 66790.0], [117531.5, 45000.0], [117530.0, 199800.0], [117528.0, 78950.0], [117526.5, 5140.0], [117526.0, 25000.0], [117525.0, 192230.0], [117524.5, 40000.0], [117523.0, 5200.0], [117522.5, 5000.0], [117520.0, 1000.0], [117519.0, 2700.0]], "asks": [[117542.5, 76180.0], [117543.0, 10.0], [117545.0, 100110.0], [117550.0, 42900.0], [117551.5, 42500.0], [117554.0, 21610.0], [117554.5, 45000.0], [117555.0, 20.0], [117558.0, 48270.0], [117560.0, 29350.0], [117560.5, 20.0], [117561.0, 20.0], [117561.5, 20.0], [117562.0, 20.0], [117562.5, 20.0], [117563.0, 20.0], [117563.5, 520.0], [117564.0, 47050.0], [117565.0, 35730.0], [117565.5, 50000.0]]}}}
{"jsonrpc": "2.0", "method": "subscription", "params": {"channel": "book.BTC-PERPETUAL.none.20.100ms", "data": {"timestamp": 1758226918112, "change_id": 117881000035, "instrument_name": "BTC-PERPETUAL", "bids": [[117542.5, 558070.0], [117542.0, 353220.0], [117541.5, 20.0], [117541.0, 20.0], [117540.5, 20.0], [117540.0, 20.0], [117539.5, 520.0], [117539.0, 48950.0], [117538.0, 35240.0], [117537.5, 70620.0], [117534.5, 50000.0], [117533.5, 66790.0], [117531.5, 45000.0], [117530.0, 199800.0], [117528.0, 78950.0], [117527.0, 25000.0], [117526.5, 5140.0], [117525.0, 193230.0], [117524.5, 40000.0], [117523.0, 5200.0]], "asks": [[117543.0, 39890.0], [117545.0, 100110.0], [117550.0, 42900.0], [117551.5, 42500.0], [117554.0, 15310.0], [117554.5, 45000.0], [117555.0, 20.0], [117558.0, 24130.0], [117560.0, 34490.0], [117563.5, 25000.0], [117564.0, 35480.0], [117565.0, 35730.0], [117568.5, 11500.0], [117569.0, 11000.0], [117570.0, 42090.0], [117571.0, 61610.0], [117571.5, 21000.0], [117572.0, 35350.0], [117574.5, 50000.0], [117575.5, 30600.0]]}}}
{"jsonrpc": "2.0", "method": "subscription", "params": {"channel": "book.BTC-PERPETUAL.none.20.100ms", "data": {"timestamp": 1758226918442, "change_id": 117881001026, "instrument_name": "BTC-PERPETUAL", "bids": [[117544.5, 808330.0], [117544.0, 20.0], [117543.5, 30020.0], [117542.5, 32000.0], [117542.0, 47680.0], [117541.5, 20.0], [117541.0, 20.0], [117540.5, 20.0], [117540.0, 20.0], [117539.0, 81200.0], [117538.5, 40.0], [117537.5, 70620.0], [117534.5, 50000.0], [117533.5, 66790.0], [117530.0, 199800.0], [117529.0, 25000.0], [117528.0, 22540.0], [117526.5, 9940.0], [117525.0, 1000.0], [117524.5, 40000.0]], "asks": [[117545.0, 100110.0], [117550.0, 42900.0], [117555.0, 20.0], [117558.0, 6000.0], [117560.0, 29350.0], [117561.0, 45000.0], [117564.0, 25000.0], [117570.0, 42090.0], [117571.0, 5140.0], [117571.5, 17830.0], [117572.0, 35350.0], [117574.0, 500.0], [117575.0, 11000.0], [117575.5, 25260.0], [117579.5, 11000.0], [117580.0, 29350.0], [117582.0, 61610.0], [117582.5, 82550.0], [117583.0, 35370.0], [117585.0, 21000.0]]}}}
{"jsonrpc": "2.0", "method": "subscription", "params": {"channel": "book.BTC-PERPETUAL.none.20.100ms", "data": {"timestamp": 1758226918751, "change_id": 117881001623, "instrument_name": "BTC-PERPETUAL", "bids": [[117544.5, 815970.0], [117544.0, 20.0], [117543.5, 30020.0], [117542.5, 29500.0], [117542.0, 47680.0], [117541.5, 20.0], [117541.0, 20.0], [117540.5, 20.0], [117540.0, 20.0], [117539.5, 40000.0], [117539.0, 81200.0], [117538.5, 40.0], [117537.5, 70620.0], [117534.5, 50000.0], [117533.5, 66790.0], [117530.5, 25000.0], [117530.0, 199800.0], [117528.0, 16800.0], [117526.5, 4800.0], [117525.0, 1000.0]], "asks": [[117545.0, 100110.0], [117550.0, 42900.0], [117555.0, 20.0], [117557.5, 42500.0], [117558.0, 6000.0], [117559.5, 25000.0], [117560.0, 29350.0], [117561.0, 45000.0], [117570.5, 500.0], [117571.0, 5140.0], [117571.5, 17830.0], [117572.0, 35350.0], [117575.0, 231620.0], [117575.5, 25260.0], [117579.0, 11000.0], [117579.5, 11000.0], [117580.0, 29350.0], [117582.0, 61610.0], [117582.5, 82550.0], [117583.0, 85370.0]]}}}
{"jsonrpc": "2.0", "method": "subscription", "params": {"channel": "book.BTC-PERPETUAL.none.20.100ms", "data": {"timestamp": 1758226919024, "change_id": 117881001975, "instrument_name": "BTC-PERPETUAL", "bids": [[117544.5, 815970.0], [117544.0, 520.0], [117543.5, 30020.0], [117543.0, 20.0], [117542.5, 29020.0], [117542.0, 47700.0], [117541.5, 20.0], [117539.5, 40000.0], [117539.0, 81200.0], [117538.5, 40.0], [117537.5, 70620.0], [117534.5, 50000.0], [117533.5, 66790.0], [117531.0, 25000.0], [117530.0, 199800.0], [117528.0, 16800.0], [117526.5, 4800.0], [117525.0, 1000.0], [117524.5, 40000.0], [117524.0, 5000.0]], "asks": [[117545.0, 100110.0], [117550.0, 42900.0], [117555.0, 20.0], [117557.5, 42500.0], [117558.0, 6000.0], [117559.5, 25000.0], [117560.0, 29350.0], [117561.0, 45000.0], [117570.5, 500.0], [117571.0, 5160.0], [117571.5, 17830.0], [117572.0, 35350.0], [117575.0, 242620.0], [117575.5, 25260.0], [117579.5, 11000.0], [117580.0, 29350.0], [117582.0, 61610.0], [117582.5, 82550.0], [117583.0, 85370.0], [117585.0, 21000.0]]}}}
{"jsonrpc": "2.0", "method": "subscription", "params": {"channel": "book.BTC-PERPETUAL.none.20.100ms", "data": {"timestamp": 1758226919432, "change_id": 117881002716, "instrument_name": "BTC-PERPETUAL", "bids": [[117544.5, 890760.0], [117544.0, 65410.0], [117543.5, 20.0], [117543.0, 20.0], [117542.5, 4020.0], [117542.0, 47210.0], [117541.5, 20.0], [117540.0, 46700.0], [117539.5, 40000.0], [117539.0, 45000.0], [117538.5, 40.0], [117537.5, 70620.0], [117533.5, 114390.0], [117532.5, 184320.0], [117531.5, 25000.0], [117530.0, 199800.0], [117528.0, 16800.0], [117526.5, 4800.0], [117524.5, 40000.0], [117524.0, 5000.0]], "asks": [[117545.0, 97640.0], [117550.0, 42900.0], [117555.0, 20.0], [117557.5, 42500.0], [117560.0, 29350.0], [117563.5, 6000.0], [117564.0, 25000.0], [117566.5, 13500.0], [117567.0, 45000.0], [117570.5, 500.0], [117571.0, 26860.0], [117571.5, 17830.0], [117572.0, 35350.0], [117573.5, 20.0], [117574.0, 20.0], [117574.5, 20.0], [117575.0, 20.0], [117575.5, 30400.0], [117578.5, 33890.0], [117579.0, 11000.0]]}}}
{"jsonrpc": "2.0", "method": "subscription", "params": {"channel": "book.BTC-PERPETUAL.none.20.100ms", "data": {"timestamp": 1758226919766, "change_id": 117881003298, "instrument_name": "BTC-PERPETUAL", "bids": [[117544.5, 931410.0], [117544.0, 65410.0], [117543.5, 20.0], [117543.0, 20.0], [117542.5, 4020.0], [117542.0, 47210.0], [117541.5, 20.0], [117540.0, 33200.0], [117539.5, 40000.0], [117538.5, 40.0], [117537.5, 70620.0], [117533.5, 114390.0], [117532.5, 184320.0], [117531.5, 25000.0], [117530.0, 199800.0], [117528.0, 32870.0], [117526.5, 4800.0], [117525.0, 61580.0], [117524.5, 40000.0], [117524.0, 5000.0]], "asks": [[117545.0, 90470.0], [117550.0, 42900.0], [117555.0, 20.0], [117557.5, 42500.0], [117560.0, 29350.0], [117561.0, 25000.0], [117566.5, 13500.0], [117567.0, 45000.0], [117571.0, 27360.0], [117571.5, 17830.0], [117572.0, 35350.0], [117573.5, 20.0], [117574.0, 20.0], [117574.5, 20.0], [117575.0, 20.0], [117575.5, 25260.0], [117577.5, 5140.0], [117578.5, 94960.0], [117580.0, 29350.0], [117581.0, 231620.0]]}}}
{"jsonrpc": "2.0", "method": "subscription", "params": {"channel": "book.BTC-PERPETUAL.none.20.100ms", "data": {"timestamp": 1758226920097, "change_id": 117881003724, "instrument_name": "BTC-PERPETUAL", "bids": [[117544.5, 931410.0], [117544.0, 65410.0], [117543.5, 20.0], [117543.0, 20.0], [117542.5, 4020.0], [117542.0, 47210.0], [117541.5, 20.0], [117540.0, 33200.0], [117539.5, 40000.0], [117538.5, 40.0], [117537.5, 70620.0], [117533.5, 114390.0], [117532.5, 184320.0], [117532.0, 1000.0], [117531.5, 25000.0], [117530.0, 199800.0], [117528.0, 32870.0], [117526.5, 4800.0], [117525.0, 61580.0], [117524.5, 40000.0]], "asks": [[117545.0, 90470.0], [117550.0, 42900.0], [117555.0, 20.0], [117557.5, 42500.0], [117560.0, 29350.0], [117561.0, 25000.0], [117566.5, 13500.0], [117567.0, 45000.0], [117571.0, 27380.0], [117571.5, 17850.0], [117572.0, 35370.0], [117572.5, 20.0], [117573.0, 20.0], [117573.5, 20.0], [117574.0, 20.0], [117574.5, 20.0], [117575.5, 25260.0], [117577.5, 5140.0], [117578.5, 94960.0], [117580.0, 29350.0]]}}}
{"jsonrpc": "2.0", "method": "subscription", "params": {"channel": "book.BTC-PERPETUAL.none.20.100ms", "data": {"timestamp": 1758226920429, "change_id": 117881004391, "instrument_name": "BTC-PERPETUAL", "bids": [[117549.5, 775650.0], [117549.0, 30000.0], [117547.5, 2360.0], [117545.0, 117300.0], [117544.5, 172670.0], [117544.0, 50020.0], [117543.5, 20.0], [117543.0, 20.0], [117542.5, 20.0], [117542.0, 47210.0], [117541.5, 20.0], [117540.0, 33200.0], [117539.5, 40000.0], [117538.5, 40.0], [117537.5, 70620.0], [117535.5, 197000.0], [117533.5, 114390.0], [117533.0, 61580.0], [117532.5, 184320.0], [117532.0, 26000.0]], "asks": [[117550.0, 42900.0], [117557.5, 42500.0], [117560.0, 29350.0], [117561.5, 20.0], [117564.0, 25000.0], [117565.0, 6000.0], [117567.0, 45000.0], [117576.5, 17820.0], [117578.0, 9310.0], [117580.0, 29350.0], [117582.5, 82550.0], [117583.0, 35370.0], [117585.5, 199800.0], [117587.5, 11000.0], [117588.5, 200.0], [117589.0, 34520.0], [117590.5, 25250.0], [117591.5, 10.0], [117593.0, 93610.0], [117593.5, 35820.0]]}}}
{"jsonrpc": "2.0", "method": "subscription", "params": {"channel": "book.BTC-PERPETUAL.none.20.100ms", "data": {"timestamp": 1758226920744, "change_id": 117881005216, "instrument_name": "BTC-PERPETUAL", "bids": [[117549.5, 915920.0], [117549.0, 30000.0], [117548.5, 10.0], [117547.5, 2360.0], [117545.0, 48670.0], [117544.5, 59930.0], [117544.0, 50020.0], [117543.5, 20.0], [117543.0, 20.0], [117542.5, 20.0], [117542.0, 42070.0], [117541.5, 20.0], [117540.0, 88150.0], [117539.5, 40000.0], [117538.5, 40.0], [117537.5, 70620.0], [117536.0, 5000.0], [117535.5, 197000.0], [117533.5, 114390.0], [117532.5, 184320.0]], "asks": [[117550.0, 42900.0], [117557.5, 42500.0], [117560.0, 29350.0], [117561.5, 20.0], [117562.5, 25000.0], [117565.0, 6000.0], [117567.0, 45000.0], [117573.5, 3780.0], [117574.0, 12610.0], [117576.0, 14300.0], [117576.5, 17820.0], [117579.5, 500.0], [117580.0, 34490.0], [117582.5, 93550.0], [117583.0, 47370.0], [117585.5, 11000.0], [117586.0, 231620.0], [117588.0, 43770.0], [117588.5, 200.0], [117590.0, 82610.0]]}}}
{"jsonrpc": "2.0", "method": "subscription", "params": {"channel": "book.BTC-PERPETUAL.none.20.100ms", "data": {"timestamp": 1758226921084, "change_id": 117881005709, "instrument_name": "BTC-PERPETUAL", "bids": [[117549.5, 915940.0], [117549.0, 30020.0], [117548.5, 30.0], [117548.0, 20.0], [117547.5, 2380.0], [117547.0, 20.0], [117545.0, 48670.0], [117544.5, 59930.0], [117544.0, 50000.0], [117542.0, 42050.0], [117540.0, 88150.0], [117539.5, 40000.0], [117538.5, 40.0], [117537.5, 70620.0], [117536.0, 5000.0], [117535.5, 197000.0], [117533.5, 114390.0], [117532.5, 184320.0], [117532.0, 25000.0], [117531.5, 5340.0]], "asks": [[117550.0, 42900.0], [117557.5, 42500.0], [117560.0, 29350.0], [117561.5, 20.0], [117562.5, 25000.0], [117565.0, 6000.0], [117567.0, 45000.0], [117573.5, 7110.0], [117574.0, 25260.0], [117576.0, 14300.0], [117576.5, 17820.0], [117579.5, 500.0], [117580.0, 34490.0], [117582.5, 104550.0], [117583.0, 47370.0], [117585.0, 61610.0], [117586.0, 231620.0], [117588.0, 43770.0], [117588.5, 200.0], [117590.0, 21000.0]]}}}
{"jsonrpc": "2.0", "method": "subscription", "params": {"channel": "book.BTC-PERPETUAL.none.20.100ms", "data": {"timestamp": 1758226921404, "change_id": 117881005932, "instrument_name": "BTC-PERPETUAL", "bids": [[117549.5, 945940.0], [117549.0, 20.0], [117548.5, 30.0], [117548.0, 20.0], [117547.5, 2380.0], [117547.0, 20.0], [117546.5, 20.0], [117545.0, 48670.0], [117544.5, 59910.0], [117544.0, 50000.0], [117542.0, 42050.0], [117540.0, 88150.0], [117539.5, 40000.0], [117538.5, 40.0], [117537.5, 70620.0], [117535.5, 197000.0], [117533.5, 114390.0], [117532.5, 184320.0], [117532.0, 25000.0], [117531.5, 5340.0]], "asks": [[117550.0, 82900.0], [117557.5, 42500.0], [117560.0, 29350.0], [117561.5, 20.0], [117562.5, 25000.0], [117565.0, 6000.0], [117567.0, 45000.0], [117573.5, 12690.0], [117574.0, 25260.0], [117575.0, 20020.0], [117575.5, 20.0], [117576.0, 14320.0], [117576.5, 17840.0], [117577.0, 20.0], [117577.5, 20.0], [117578.0, 20.0], [117578.5, 20.0], [117579.5, 500.0], [117580.0, 34490.0], [117582.5, 104550.0]]}}}
{"jsonrpc": "2.0", "method": "subscription", "params": {"channel": "book.BTC-PERPETUAL.none.20.100ms", "data": {"timestamp": 1758226921749, "change_id": 117881006963, "instrument_name": "BTC-PERPETUAL", "bids": [[117549.5, 714850.0], [117549.0, 20.0], [117548.5, 30.0], [117548.0, 20.0], [117547.5, 2380.0], [117547.0, 20.0], [117546.5, 20.0], [117545.0, 48670.0], [117544.5, 45000.0], [117544.0, 50000.0], [117542.0, 42050.0], [117540.0, 88150.0], [117539.5, 40000.0], [117538.5, 40.0], [117537.5, 70620.0], [117536.5, 5200.0], [117535.5, 202000.0], [117533.5, 114390.0], [117532.5, 184320.0], [117532.0, 25000.0]], "asks": [[117550.0, 42900.0], [117557.5, 42500.0], [117560.0, 29350.0], [117561.5, 20.0], [117563.5, 25000.0], [117565.0, 6000.0], [117570.0, 45000.0], [117573.0, 6000.0], [117575.0, 20000.0], [117576.0, 30030.0], [117576.5, 17820.0], [117578.5, 20.0], [117579.5, 500.0], [117580.0, 69960.0], [117580.5, 20.0], [117581.0, 20.0], [117582.0, 11000.0], [117582.5, 21370.0], [117585.0, 72610.0], [117588.0, 122040.0]]}}}
{"jsonrpc": "2.0", "method": "subscription", "params": {"channel": "book.BTC-PERPETUAL.none.20.100ms", "data": {"timestamp": 1758226922064, "change_id": 117881007394, "instrument_name": "BTC-PERPETUAL", "bids": [[117549.5, 714850.0], [117549.0, 20.0], [117548.5, 30.0], [117548.0, 20.0], [117547.5, 2380.0], [117547.0, 20.0], [117546.5, 20.0], [117545.0, 48670.0], [117544.5, 45000.0], [117544.0, 50000.0], [117542.0, 42050.0], [117540.0, 88150.0], [117539.5, 40000.0], [117538.5, 40.0], [117537.5, 70620.0], [117536.5, 5200.0], [117535.5, 202000.0], [117533.5, 114390.0], [117532.5, 184320.0], [117532.0, 25000.0]], "asks": [[117550.0, 42900.0], [117557.5, 42500.0], [117560.0, 29350.0], [117561.5, 20.0], [117563.5, 25000.0], [117565.0, 6000.0], [117569.5, 13500.0], [117570.0, 45000.0], [117573.0, 12450.0], [117574.0, 25260.0], [117575.0, 20000.0], [117576.0, 30030.0], [117576.5, 17820.0], [117578.5, 20.0], [117579.5, 500.0], [117580.0, 69960.0], [117580.5, 20.0], [117581.0, 20.0], [117582.5, 21370.0], [117584.0, 11000.0]]}}}
{"jsonrpc": "2.0", "method": "subscription", "params": {"channel": "book.BTC-PERPETUAL.none.20.100ms", "data": {"timestamp": 1758226922366, "change_id": 117881007585, "instrument_name": "BTC-PERPETUAL", "bids": [[117549.5, 946460.0], [117549.0, 20.0], [117548.5, 30.0], [117548.0, 20.0], [117547.5, 2380.0], [117547.0, 20.0], [117546.5, 20.0], [117545.0, 48670.0], [117544.5, 45000.0], [117544.0, 50000.0], [117542.0, 42050.0], [117541.0, 1000.0], [117540.0, 88150.0], [117539.5, 40000.0], [117538.5, 40.0], [117537.5, 70620.0], [117536.5, 5200.0], [117535.5, 202000.0], [117533.5, 114390.0], [117532.5, 184320.0]], "asks": [[117550.0, 42900.0], [117557.5, 42500.0], [117560.0, 29350.0], [117561.5, 20.0], [117563.5, 25000.0], [117565.0, 6000.0], [117569.5, 13500.0], [117570.0, 45000.0], [117573.0, 12450.0], [117574.0, 25260.0], [117574.5, 20.0], [117575.0, 20020.0], [117575.5, 20.0], [117576.0, 30050.0], [117576.5, 17820.0], [117579.5, 500.0], [117580.0, 69940.0], [117582.0, 11000.0], [117582.5, 21370.0], [117587.0, 11000.0]]}}}
{"jsonrpc": "2.0", "method": "subscription", "params": {"channel": "book.BTC-PERPETUAL.none.20.100ms", "data": {"timestamp": 1758226922682, "change_id": 117881008147, "instrument_name": "BTC-PERPETUAL", "bids": [[117549.5, 946460.0], [117549.0, 20.0], [117548.5, 30.0], [117548.0, 20.0], [117547.5, 2380.0], [117547.0, 20.0], [117546.5, 20.0], [117545.0, 48670.0], [117544.5, 45000.0], [117544.0, 50000.0], [117542.0, 47050.0], [117541.0, 1000.0], [117540.0, 88150.0], [117539.5, 40000.0], [117538.5, 40.0], [117537.5, 70620.0], [117536.5, 5200.0], [117535.5, 197000.0], [117533.5, 114390.0], [117532.5, 184320.0]], "asks": [[117550.0, 42900.0], [117557.5, 42500.0], [117560.0, 29350.0], [117561.5, 20.0], [117563.5, 25000.0], [117565.0, 6000.0], [117569.5, 13500.0], [117570.0, 45000.0], [117573.0, 12450.0], [117574.0, 25260.0], [117575.0, 20020.0], [117575.5, 20.0], [117576.0, 30050.0], [117576.5, 17840.0], [117577.0, 20.0], [117577.5, 20.0], [117578.0, 20.0], [117578.5, 20.0], [117579.5, 500.0], [117580.0, 69940.0]]}}}
{"jsonrpc": "2.0", "method": "subscription", "params": {"channel": "book.BTC-PERPETUAL.none.20.100ms", "data": {"timestamp": 1758226923029, "change_id": 117881008425, "instrument_name": "BTC-PERPETUAL", "bids": [[117549.5, 946460.0], [117549.0, 20.0], [117548.5, 30.0], [117548.0, 20.0], [117547.5, 2380.0], [117547.0, 20.0], [117546.5, 20.0], [117545.0, 48670.0], [117544.5, 45000.0], [117544.0, 50000.0], [117542.0, 47010.0], [117540.0, 89150.0], [117539.5, 40000.0], [117538.5, 40.0], [117537.5, 70620.0], [117536.5, 5200.0], [117535.5, 197000.0], [117533.5, 114390.0], [117532.5, 184320.0], [117532.0, 25000.0]], "asks": [[117550.0, 42860.0], [117554.0, 3080.0], [117557.5, 42500.0], [117560.0, 29350.0], [117561.5, 20.0], [117563.5, 25000.0], [117565.0, 6000.0], [117569.5, 13500.0], [117570.0, 45000.0], [117573.0, 12450.0], [117574.0, 25260.0], [117575.0, 20000.0], [117576.0, 30050.0], [117576.5, 17840.0], [117577.0, 20.0], [117577.5, 20.0], [117578.0, 20.0], [117578.5, 20.0], [117579.5, 500.0], [117580.0, 69940.0]]}}}
{"jsonrpc": "2.0", "method": "subscription", "params": {"channel": "book.BTC-PERPETUAL.none.20.100ms", "data": {"timestamp": 1758226923404, "change_id": 117881008659, "instrument_name": "BTC-PERPETUAL", "bids": [[117549.5, 946460.0], [117549.0, 20.0], [117548.5, 30.0], [117548.0, 20.0], [117547.5, 2380.0], [117547.0, 20.0], [117546.5, 20.0], [117545.0, 48670.0], [117544.5, 45000.0], [117544.0, 50000.0], [117542.0, 45050.0], [117540.0, 89150.0], [117539.5, 40000.0], [117537.5, 70620.0], [117536.5, 5200.0], [117535.5, 197000.0], [117533.5, 114390.0], [117532.5, 184320.0], [117532.0, 25000.0], [117531.5, 5340.0]], "asks": [[117550.0, 42860.0], [117554.0, 3080.0], [117557.5, 42500.0], [117560.0, 29350.0], [117561.5, 20.0], [117563.5, 25000.0], [117565.0, 6000.0], [117569.5, 13500.0], [117570.0, 45000.0], [117573.0, 12450.0], [117574.0, 25260.0], [117575.0, 20000.0], [117576.0, 30030.0], [117576.5, 17820.0], [117577.0, 20.0], [117577.5, 20.0], [117578.0, 20.0], [117578.5, 20.0], [117579.0, 20.0], [117579.5, 520.0]]}}}
{"jsonrpc": "2.0", "method": "subscription", "params": {"channel": "book.BTC-PERPETUAL.none.20.100ms", "data": {"timestamp": 1758226923622, "change_id": 117881009141, "instrument_name": "BTC-PERPETUAL", "bids": [[117549.5, 946460.0], [117549.0, 20.0], [117548.5, 30.0], [117548.0, 20.0], [117547.5, 2380.0], [117547.0, 20.0], [117546.5, 20.0], [117545.0, 48670.0], [117544.5, 45000.0], [117544.0, 50000.0], [117542.0, 45050.0], [117540.0, 89150.0], [117539.5, 40000.0], [117537.5, 70620.0], [117536.5, 5200.0], [117535.5, 197000.0], [117533.5, 114390.0], [117532.5, 184320.0], [117532.0, 25000.0], [117531.5, 5340.0]], "asks": [[117550.0, 40900.0], [117554.0, 3080.0], [117557.5, 42500.0], [117560.0, 29350.0], [117561.5, 20.0], [117563.5, 25000.0], [117565.0, 6000.0], [117569.5, 13500.0], [117570.0, 45000.0], [117573.0, 12450.0], [117574.0, 25260.0], [117575.0, 20000.0], [117576.0, 30050.0], [117576.5, 17840.0], [117577.0, 20.0], [117577.5, 20.0], [117578.0, 20.0], [117578.5, 20.0], [117579.0, 20.0], [117579.5, 500.0]]}}}
{"jsonrpc": "2.0", "method": "subscription", "params": {"channel": "book.BTC-PERPETUAL.none.20.100ms", "data": {"timestamp": 1758226923997, "change_id": 117881009445, "instrument_name": "BTC-PERPETUAL", "bids": [[117549.5, 946460.0], [117549.0, 20.0], [117548.5, 30.0], [117548.0, 20.0], [117547.5, 2380.0], [117547.0, 20.0], [117546.5, 20.0], [117545.0, 48670.0], [117544.5, 45000.0], [117544.0, 50000.0], [117543.5, 1040.0], [117542.0, 45050.0], [117540.0, 88150.0], [117539.5, 40000.0], [117537.5, 70620.0], [117536.5, 5200.0], [117535.5, 197000.0], [117533.5, 114390.0], [117532.5, 184320.0], [117532.0, 25000.0]], "asks": [[117550.0, 40900.0], [117554.0, 3080.0], [117557.5, 42500.0], [117560.0, 29350.0], [117561.5, 20.0], [117563.5, 25000.0], [117565.0, 6000.0], [117569.5, 13500.0], [117570.0, 45000.0], [117573.0, 12450.0], [117574.0, 25260.0], [117575.0, 20000.0], [117575.5, 20.0], [117576.0, 30050.0], [117576.5, 17840.0], [117577.0, 20.0], [117577.5, 20.0], [117578.0, 20.0], [117578.5, 20.0], [117579.0, 20.0]]}}}
{"jsonrpc": "2.0", "method": "subscription", "params": {"channel": "book.BTC-PERPETUAL.none.20.100ms", "data": {"timestamp": 1758226924226, "change_id": 117881009583, "instrument_name": "BTC-PERPETUAL", "bids": [[117549.5, 946460.0], [117549.0, 20.0], [117548.5, 30.0], [117548.0, 20.0], [117547.5, 2380.0], [117547.0, 20.0], [117546.5, 20.0], [117545.0, 48670.0], [117544.5, 45000.0], [117544.0, 50000.0], [117543.5, 1040.0], [117542.0, 45050.0], [117540.0, 88150.0], [117539.5, 40000.0], [117537.5, 70620.0], [117536.5, 5200.0], [117535.5, 197000.0], [117533.5, 114390.0], [117532.5, 184320.0], [117532.0, 25000.0]], "asks": [[117550.0, 40900.0], [117554.0, 3080.0], [117557.5, 42500.0], [117560.0, 29350.0], [117561.5, 20.0], [117563.5, 25000.0], [117565.0, 6000.0], [117569.5, 13500.0], [117570.0, 45000.0], [117573.0, 12450.0], [117574.0, 25260.0], [117575.0, 20000.0], [117575.5, 20.0], [117576.0, 30050.0], [117576.5, 17840.0], [117577.0, 20.0], [117577.5, 20.0], [117578.0, 20.0], [117578.5, 20.0], [117579.0, 20.0]]}}}
{"jsonrpc": "2.0", "method": "subscription", "params": {"channel": "book.BTC-PERPETUAL.none.20.100ms", "data": {"timestamp": 1758226924717, "change_id": 117881010210, "instrument_name": "BTC-PERPETUAL", "bids": [[117549.5, 714850.0], [117549.0, 20.0], [117548.5, 30.0], [117548.0, 20.0], [117547.5, 2380.0], [117547.0, 20.0], [117546.5, 20.0], [117545.0, 48670.0], [117544.5, 45000.0], [117544.0, 50000.0], [117543.5, 1000.0], [117542.0, 45050.0], [117540.0, 88150.0], [117539.5, 40000.0], [117537.5, 70620.0], [117536.5, 5240.0], [117535.5, 197000.0], [117533.5, 114390.0], [117532.5, 184320.0], [117532.0, 25000.0]], "asks": [[117550.0, 40900.0], [117554.0, 3080.0], [117557.5, 42500.0], [117560.0, 29350.0], [117561.5, 20.0], [117563.5, 25000.0], [117565.0, 6000.0], [117569.5, 13500.0], [117570.0, 45000.0], [117573.0, 7580.0], [117574.0, 25280.0], [117574.5, 20.0], [117575.0, 20.0], [117575.5, 20.0], [117576.0, 30050.0], [117576.5, 17840.0], [117577.0, 20.0], [117577.5, 20.0], [117579.5, 500.0], [117580.0, 69940.0]]}}}
{"jsonrpc": "2.0", "method": "subscription", "params": {"channel": "book.BTC-PERPETUAL.none.20.100ms", "data": {"timestamp": 1758226925049, "change_id": 117881010530, "instrument_name": "BTC-PERPETUAL", "bids": [[117549.5, 714320.0], [117549.0, 20.0], [117548.5, 30.0], [117548.0, 20.0], [117547.5, 2380.0], [117547.0, 20.0], [117546.5, 20.0], [117545.0, 48670.0], [117544.5, 45000.0], [117544.0, 50000.0], [117543.5, 1000.0], [117542.0, 45050.0], [117540.0, 88150.0], [117539.5, 40000.0], [117537.5, 70620.0], [117536.5, 5200.0], [117535.5, 197000.0], [117533.5, 114390.0], [117532.5, 184320.0], [117532.0, 25000.0]], "asks": [[117550.0, 40900.0], [117554.0, 3080.0], [117557.5, 42500.0], [117560.0, 29350.0], [117561.5, 20.0], [117563.5, 25000.0], [117565.0, 6000.0], [117569.5, 13500.0], [117570.0, 45000.0], [117573.0, 7600.0], [117573.5, 20.0], [117574.0, 25280.0], [117574.5, 20.0], [117575.0, 20.0], [117575.5, 20.0], [117576.0, 30050.0], [117576.5, 17840.0], [117579.5, 500.0], [117580.0, 69940.0], [117581.0, 20000.0]]}}}
{"jsonrpc": "2.0", "method": "subscription", "params": {"channel": "book.BTC-PERPETUAL.none.20.100ms", "data": {"timestamp": 1758226925346, "change_id": 117881010723, "instrument_name": "BTC-PERPETUAL", "bids": [[117549.5, 946460.0], [117549.0, 20.0], [117548.5, 30.0], [117548.0, 20.0], [117547.5, 2380.0], [117547.0, 20.0], [117546.5, 20.0], [117545.0, 48670.0], [117544.5, 45000.0], [117544.0, 50000.0], [117543.5, 1000.0], [117542.0, 45050.0], [117540.0, 88150.0], [117539.5, 40000.0], [117537.5, 70620.0], [117536.5, 5200.0], [117535.5, 197000.0], [117533.5, 82540.0], [117532.0, 25000.0], [117531.5, 5340.0]], "asks": [[117550.0, 40900.0], [117554.0, 3080.0], [117557.5, 42500.0], [117560.0, 29350.0], [117561.5, 20.0], [117563.5, 25000.0], [117565.0, 6000.0], [117569.5, 13500.0], [117570.0, 45000.0], [117573.0, 7580.0], [117574.0, 25260.0], [117574.5, 20.0], [117575.0, 20.0], [117575.5, 20.0], [117576.0, 30050.0], [117576.5, 17840.0], [117577.0, 20.0], [117579.5, 500.0], [117580.0, 69940.0], [117581.0, 20000.0]]}}}
{"jsonrpc": "2.0", "method": "subscription", "params": {"channel": "book.BTC-PERPETUAL.none.20.100ms", "data": {"timestamp": 1758226925624, "change_id": 117881011281, "instrument_name": "BTC-PERPETUAL", "bids": [[117549.5, 946460.0], [117549.0, 20.0], [117548.5, 30.0], [117548.0, 20.0], [117547.5, 2380.0], [117547.0, 20.0], [117546.5, 20.0], [117545.0, 48670.0], [117544.5, 45000.0], [117544.0, 50000.0], [117542.0, 45050.0], [117541.5, 1000.0], [117540.0, 88150.0], [117539.5, 40000.0], [117537.5, 70620.0], [117536.5, 5200.0], [117535.5, 197000.0], [117533.5, 82540.0], [117532.0, 25000.0], [117531.5, 5340.0]], "asks": [[117550.0, 40900.0], [117554.0, 3080.0], [117557.5, 42500.0], [117560.0, 29350.0], [117561.5, 20.0], [117563.5, 25000.0], [117565.0, 6000.0], [117569.5, 13500.0], [117570.0, 45000.0], [117573.0, 12650.0], [117573.5, 20000.0], [117574.0, 25260.0], [117574.5, 20.0], [117575.0, 20.0], [117575.5, 20.0], [117576.0, 30050.0], [117576.5, 17840.0], [117577.0, 20.0], [117579.5, 500.0], [117580.0, 69940.0]]}}}
{"jsonrpc": "2.0", "method": "subscription", "params": {"channel": "book.BTC-PERPETUAL.none.20.100ms", "data": {"timestamp": 1758226926037, "change_id": 117881011571, "instrument_name": "BTC-PERPETUAL", "bids": [[117549.5, 946460.0], [117549.0, 20.0], [117548.5, 30.0], [117548.0, 20.0], [117547.5, 2380.0], [117547.0, 20.0], [117546.5, 20.0], [117545.0, 48670.0], [117544.5, 45000.0], [117544.0, 50000.0], [117542.0, 45050.0], [117541.5, 1000.0], [117540.0, 88150.0], [117539.5, 40000.0], [117537.5, 70620.0], [117536.5, 5200.0], [117535.5, 197000.0], [117533.5, 82540.0], [117532.0, 25000.0], [117531.5, 5340.0]], "asks": [[117550.0, 40900.0], [117554.0, 3080.0], [117557.5, 42500.0], [117560.0, 29350.0], [117561.5, 20.0], [117563.5, 25000.0], [117565.0, 6000.0], [117569.5, 13500.0], [117570.0, 45000.0], [117573.0, 12650.0], [117573.5, 20000.0], [117574.0, 25260.0], [117574.5, 20.0], [117575.0, 20.0], [117575.5, 20.0], [117576.0, 30050.0], [117576.5, 17840.0], [117577.0, 20.0], [117579.5, 500.0], [117580.0, 69940.0]]}}}
{"jsonrpc": "2.0", "method": "subscription", "params": {"channel": "book.BTC-PERPETUAL.none.20.100ms", "data": {"timestamp": 1758226926360, "change_id": 117881011872, "instrument_name": "BTC-PERPETUAL", "bids": [[117549.5, 946460.0], [117549.0, 20.0], [117548.5, 30.0], [117548.0, 20.0], [117547.5, 2380.0], [117547.0, 20.0], [117546.5, 20.0], [117545.0, 48670.0], [117544.5, 45000.0], [117544.0, 50000.0], [117542.0, 40050.0], [117540.5, 1000.0], [117540.0, 140470.0], [117539.5, 232130.0], [117537.5, 70620.0], [117536.5, 5200.0], [117535.5, 197000.0], [117533.5, 82540.0], [117532.0, 25000.0], [117531.5, 5340.0]], "asks": [[117550.0, 40900.0], [117554.0, 3080.0], [117557.5, 42500.0], [117560.0, 29350.0], [117561.5, 20.0], [117563.5, 25000.0], [117565.0, 6000.0], [117569.5, 13500.0], [117570.0, 45000.0], [117573.0, 12650.0], [117573.5, 20000.0], [117574.0, 25260.0], [117574.5, 20.0], [117575.0, 20.0], [117575.5, 20.0], [117576.0, 30050.0], [117576.5, 17840.0], [117577.0, 20.0], [117579.5, 500.0], [117580.0, 69940.0]]}}}
{"jsonrpc": "2.0", "method": "subscription", "params": {"channel": "book.BTC-PERPETUAL.none.20.100ms", "data": {"timestamp": 1758226926703, "change_id": 117881012440, "instrument_name": "BTC-PERPETUAL", "bids": [[117549.5, 946460.0], [117549.0, 20.0], [117548.5, 30.0], [117548.0, 20.0], [117547.5, 2380.0], [117547.0, 20.0], [117546.5, 20.0], [117545.0, 48670.0], [117544.5, 45000.0], [117544.0, 50000.0], [117542.5, 5000.0], [117542.0, 40050.0], [117540.5, 1000.0], [117540.0, 140470.0], [117539.5, 232130.0], [117537.5, 70620.0], [117536.5, 5200.0], [117535.5, 197000.0], [117533.5, 82540.0], [117532.0, 25000.0]], "asks": [[117550.0, 72110.0], [117554.0, 3080.0], [117557.5, 42500.0], [117560.0, 29350.0], [117561.5, 20.0], [117563.5, 25000.0], [117565.0, 6000.0], [117569.5, 13500.0], [117570.0, 45000.0], [117572.0, 20.0], [117572.5, 20.0], [117573.0, 12670.0], [117573.5, 20020.0], [117574.0, 25280.0], [117574.5, 20.0], [117575.0, 20.0], [117575.5, 20.0], [117576.0, 30030.0], [117576.5, 17820.0], [117579.5, 500.0]]}}}
{"jsonrpc": "2.0", "method": "subscription", "params": {"channel": "book.BTC-PERPETUAL.none.20.100ms", "data": {"timestamp": 1758226927009, "change_id": 117881012721, "instrument_name": "BTC-PERPETUAL", "bids": [[117549.5, 946460.0], [117549.0, 20.0], [117548.5, 30.0], [117548.0, 20.0], [117547.5, 2380.0], [117547.0, 20.0], [117546.5, 20.0], [117545.0, 48670.0], [117544.5, 45000.0], [117544.0, 50000.0], [117542.5, 5000.0], [117542.0, 40050.0], [117540.5, 1000.0], [117540.0, 140470.0], [117539.5, 232130.0], [117537.5, 70620.0], [117536.5, 5200.0], [117535.5, 197000.0], [117533.5, 82540.0], [117532.0, 25000.0]], "asks": [[117550.0, 72110.0], [117554.0, 3080.0], [117557.5, 42500.0], [117560.0, 29350.0], [117561.5, 20.0], [117563.5, 25000.0], [117565.0, 6000.0], [117569.5, 13500.0], [117570.0, 45000.0], [117572.0, 20.0], [117572.5, 20.0], [117573.0, 12670.0], [117573.5, 20020.0], [117574.0, 25280.0], [117574.5, 20.0], [117575.0, 20.0], [117575.5, 20.0], [117576.0, 30030.0], [117576.5, 22960.0], [117579.5, 500.0]]}}}
{"jsonrpc": "2.0", "method": "subscription", "params": {"channel": "book.BTC-PERPETUAL.none.20.100ms", "data": {"timestamp": 1758226927324, "change_id": 117881012917, "instrument_name": "BTC-PERPETUAL", "bids": [[117549.5, 714300.0], [117548.5, 30.0], [117548.0, 20.0], [117547.5, 2380.0], [117547.0, 20.0], [117546.5, 20.0], [117546.0, 20.0], [117545.0, 48670.0], [117544.5, 45000.0], [117544.0, 50000.0], [117542.5, 5000.0], [117542.0, 41050.0], [117540.0, 93850.0], [117539.5, 40000.0], [117537.5, 70620.0], [117536.5, 5200.0], [117535.5, 197000.0], [117533.5, 82540.0], [117532.0, 25000.0], [117531.5, 5340.0]], "asks": [[117550.0, 72110.0], [117554.0, 3080.0], [117557.5, 42500.0], [117560.0, 29350.0], [117561.5, 20.0], [117563.5, 25000.0], [117565.0, 6000.0], [117569.5, 13500.0], [117570.0, 45000.0], [117570.5, 20.0], [117571.0, 20.0], [117571.5, 20.0], [117572.0, 20.0], [117572.5, 20.0], [117573.0, 12670.0], [117573.5, 20020.0], [117574.0, 25280.0], [117576.0, 30030.0], [117576.5, 22960.0], [117579.5, 500.0]]}}}
