{"jsonrpc": "2.0", "id": 1, "result": ["book.BTC-PERPETUAL.none.20.100ms"], "usIn": 1763670336308459, "usOut": 1763670336308694, "usDiff": 235, "testnet": false}
{"jsonrpc": "2.0", "method": "subscription", "params": {"channel": "book.BTC-PERPETUAL.none.20.100ms", "data": {"timestamp": 1763670336286, "change_id": 128138231367, "instrument_name": "BTC-PERPETUAL", "bids": [[86627.5, 483500.0], [86609.0, 7950.0], [86608.5, 18800.0], [86608.0, 7820.0], [86606.0, 10990.0], [86605.5, 40620.0], [86605.0, 45000.0], [86604.5, 10990.0], [86603.5, 15010.0], [86602.5, 490.0], [86602.0, 7500.0], [86600.5, 7490.0], [86599.5, 25000.0], [86598.0, 14380.0], [86595.5, 800.0], [86595.0, 15010.0], [86593.5, 35220.0], [86593.0, 14810.0], [86590.0, 38000.0], [86588.5, 14310.0]], "asks": [[86628.0, 265870.0], [86628.5, 138580.0], [86630.0, 10600.0], [86631.5, 23960.0], [86632.0, 34650.0], [86632.5, 35240.0], [86633.0, 38000.0], [86634.0, 46900.0], [86634.5, 34650.0], [86635.5, 100000.0], [86639.0, 27760.0], [86640.0, 15220.0], [86640.5, 40010.0], [86641.0, 7520.0], [86642.0, 38000.0], [86643.0, 17970.0], [86645.0, 45000.0], [86646.0, 6500.0], [86647.0, 15210.0], [86649.0, 18920.0]]}}}
{"jsonrpc": "2.0", "method": "subscription", "params": {"channel": "book.BTC-PERPETUAL.none.20.100ms", "data": {"timestamp": 1763670336525, "change_id": 128138231523, "instrument_name": "BTC-PERPETUAL", "bids": [[86627.5, 483500.0], [86621.0, 10000.0], [86609.0, 18940.0], [86608.5, 18800.0], [86608.0, 7820.0], [86606.5, 29400.0], [86606.0, 10990.0], [86605.5, 16000.0], [86605.0, 45000.0], [86603.5, 15010.0], [86602.0, 7500.0], [86601.0, 490.0], [86600.5, 7490.0], [86599.5, 25000.0], [86598.0, 14380.0], [86596.0, 9230.0], [86595.5, 800.0], [86595.0, 15010.0], [86594.0, 25990.0], [86593.0, 14810.0]], "asks": [[86628.0, 259150.0], [86628.5, 138580.0], [86630.0, 10600.0], [86631.5, 23960.0], [86632.0, 34650.0], [86632.5, 9240.0], [86633.0, 38000.0], [86633.5, 26000.0], [86634.0, 46900.0], [86634.5, 34650.0], [86635.5, 100000.0], [86639.0, 27760.0], [86639.5, 40010.0], [86640.0, 15220.0], [86641.0, 7520.0], [86642.0, 38000.0], [86642.5, 89130.0], [86643.0, 17970.0], [86645.0, 45000.0], [86646.0, 6500.0]]}}}
{"jsonrpc": "2.0", "method": "subscription", "params": {"channel": "book.BTC-PERPETUAL.none.20.100ms", "data": {"timestamp": 1763670336848, "change_id": 128138232121, "instrument_name": "BTC-PERPETUAL", "bids": [[86627.5, 483500.0], [86609.0, 7950.0], [86608.5, 18800.0], [86608.0, 7820.0], [86607.0, 10990.0], [86606.5, 10120.0], [86603.5, 15010.0], [86603.0, 10990.0], [86602.5, 7040.0], [86602.0, 7500.0], [86600.0, 490.0], [86599.5, 16000.0], [86598.0, 26940.0], [86597.0, 45000.0], [86596.5, 25000.0], [86595.5, 800.0], [86595.0, 15010.0], [86594.0, 9230.0], [86593.5, 25990.0], [86593.0, 14810.0]], "asks": [[86628.0, 267270.0], [86628.5, 138580.0], [86630.0, 10600.0], [86631.0, 26000.0], [86631.5, 23960.0], [86632.0, 34650.0], [86632.5, 9240.0], [86633.0, 38000.0], [86634.0, 46900.0], [86634.5, 34650.0], [86635.5, 100000.0], [86638.5, 40010.0], [86639.0, 27760.0], [86640.0, 15220.0], [86641.0, 7520.0], [86642.0, 38000.0], [86642.5, 89130.0], [86643.0, 17970.0], [86645.0, 45000.0], [86646.0, 6500.0]]}}}
{"jsonrpc": "2.0", "method": "subscription", "params": {"channel": "book.BTC-PERPETUAL.none.20.100ms", "data": {"timestamp": 1763670337183, "change_id": 128138232794, "instrument_name": "BTC-PERPETUAL", "bids": [[86627.5, 483500.0], [86609.0, 7950.0], [86608.5, 18800.0], [86608.0, 7820.0], [86607.0, 10990.0], [86606.5, 19900.0], [86604.5, 10990.0], [86604.0, 45000.0], [86603.5, 15010.0], [86602.5, 7040.0], [86602.0, 7500.0], [86600.0, 490.0], [86599.5, 16000.0], [86598.0, 26940.0], [86595.5, 25800.0], [86595.0, 15010.0], [86594.0, 9230.0], [86593.5, 25990.0], [86593.0, 14810.0], [86590.0, 38000.0]], "asks": [[86628.0, 224030.0], [86628.5, 138580.0], [86630.0, 10600.0], [86631.5, 23960.0], [86632.0, 60650.0], [86632.5, 9240.0], [86633.0, 38000.0], [86634.0, 46900.0], [86634.5, 34650.0], [86635.5, 100000.0], [86639.0, 41190.0], [86639.5, 40010.0], [86640.0, 15220.0], [86641.0, 7520.0], [86642.0, 38000.0], [86642.5, 89130.0], [86643.0, 17970.0], [86645.0, 45000.0], [86646.0, 6500.0], [86647.0, 15210.0]]}}}
{"jsonrpc": "2.0", "method": "subscription", "params": {"channel": "book.BTC-PERPETUAL.none.20.100ms", "data": {"timestamp": 1763670337491, "change_id": 128138233101, "instrument_name": "BTC-PERPETUAL", "bids": [[86627.5, 483500.0], [86609.0, 18940.0], [86608.5, 18800.0], [86608.0, 7820.0], [86606.5, 19900.0], [86605.5, 10990.0], [86605.0, 16000.0], [86604.0, 45000.0], [86603.5, 15010.0], [86603.0, 490.0], [86602.5, 9570.0], [86602.0, 7500.0], [86601.0, 25000.0], [86598.0, 15330.0], [86595.5, 10030.0], [86595.0, 15010.0], [86594.5, 25990.0], [86593.0, 14810.0], [86590.0, 38000.0], [86585.5, 61570.0]], "asks": [[86628.0, 224290.0], [86628.5, 151200.0], [86629.5, 7800.0], [86630.0, 10600.0], [86631.5, 23960.0], [86632.0, 34650.0], [86632.5, 9240.0], [86633.0, 38000.0], [86633.5, 26000.0], [86634.0, 46900.0], [86634.5, 34650.0], [86635.5, 100000.0], [86639.0, 41190.0], [86640.0, 15220.0], [86641.0, 7520.0], [86641.5, 40010.0], [86642.0, 38000.0], [86642.5, 89130.0], [86643.0, 17970.0], [86645.0, 45000.0]]}}}
{"jsonrpc": "2.0", "method": "subscription", "params": {"channel": "book.BTC-PERPETUAL.none.20.100ms", "data": {"timestamp": 1763670337840, "change_id": 128138233948, "instrument_name": "BTC-PERPETUAL", "bids": [[86627.5, 483500.0], [86626.0, 10000.0], [86609.5, 14510.0], [86609.0, 10990.0], [86608.5, 18800.0], [86608.0, 7820.0], [86607.0, 11480.0], [86606.5, 31030.0], [86605.0, 16000.0], [86604.0, 45000.0], [86603.5, 15010.0], [86602.5, 41370.0], [86602.0, 7500.0], [86599.0, 38000.0], [86598.0, 100.0], [86596.0, 35220.0], [86595.5, 800.0], [86595.0, 15010.0], [86593.0, 14810.0], [86590.0, 88000.0]], "asks": [[86628.0, 132660.0], [86628.5, 151200.0], [86629.5, 7800.0], [86630.0, 10600.0], [86631.5, 23960.0], [86632.0, 34650.0], [86633.0, 38000.0], [86634.0, 56140.0], [86634.5, 34650.0], [86635.0, 26000.0], [86635.5, 100000.0], [86638.0, 25000.0], [86639.0, 41190.0], [86640.0, 15220.0], [86641.0, 7520.0], [86642.0, 38000.0], [86642.5, 89130.0], [86643.0, 65220.0], [86645.0, 45000.0], [86646.5, 40010.0]]}}}
{"jsonrpc": "2.0", "method": "subscription", "params": {"channel": "book.BTC-PERPETUAL.none.20.100ms", "data": {"timestamp": 1763670338181, "change_id": 128138234926, "instrument_name": "BTC-PERPETUAL", "bids": [[86627.5, 483500.0], [86615.5, 7950.0], [86615.0, 18800.0], [86612.5, 7820.0], [86607.5, 3280.0], [86607.0, 10990.0], [86606.5, 23850.0], [86604.5, 16490.0], [86603.5, 60010.0], [86603.0, 35990.0], [86602.5, 16370.0], [86602.0, 7500.0], [86599.0, 38000.0], [86598.0, 100.0], [86595.5, 800.0], [86595.0, 15010.0], [86593.5, 35220.0], [86593.0, 14810.0], [86590.0, 38000.0], [86587.5, 2620.0]], "asks": [[86628.0, 171920.0], [86628.5, 138580.0], [86629.5, 17040.0], [86630.0, 10600.0], [86631.5, 23960.0], [86633.0, 38000.0], [86633.5, 33820.0], [86634.0, 29850.0], [86635.5, 100000.0], [86639.0, 35220.0], [86640.0, 15220.0], [86641.0, 7520.0], [86642.0, 38000.0], [86642.5, 40010.0], [86643.0, 42970.0], [86645.0, 45000.0], [86647.0, 15210.0], [86647.5, 4550.0], [86652.0, 15240.0], [86653.0, 38200.0]]}}}
{"jsonrpc": "2.0", "method": "subscription", "params": {"channel": "book.BTC-PERPETUAL.none.20.100ms", "data": {"timestamp": 1763670338488, "change_id": 128138235253, "instrument_name": "BTC-PERPETUAL", "bids": [[86627.5, 483500.0], [86624.5, 10000.0], [86615.5, 7950.0], [86615.0, 18800.0], [86612.5, 7820.0], [86607.5, 3280.0], [86607.0, 10990.0], [86606.5, 23850.0], [86605.0, 490.0], [86604.5, 26990.0], [86603.5, 60010.0], [86602.5, 16370.0], [86602.0, 7500.0], [86599.0, 38000.0], [86598.0, 100.0], [86595.5, 800.0], [86595.0, 15010.0], [86593.5, 35220.0], [86593.0, 14810.0], [86590.0, 38000.0]], "asks": [[86628.0, 183270.0], [86628.5, 138580.0], [86629.5, 7800.0], [86630.0, 10600.0], [86631.0, 35240.0], [86631.5, 23960.0], [86633.0, 38000.0], [86634.0, 29850.0], [86635.5, 100000.0], [86636.0, 25000.0], [86639.0, 18130.0], [86640.0, 15220.0], [86641.0, 7520.0], [86642.0, 38000.0], [86643.0, 27620.0], [86644.5, 40010.0], [86645.0, 45000.0], [86647.0, 15210.0], [86647.5, 4550.0], [86652.0, 15240.0]]}}}
{"jsonrpc": "2.0", "method": "subscription", "params": {"channel": "book.BTC-PERPETUAL.none.20.100ms", "data": {"timestamp": 1763670338843, "change_id": 128138235808, "instrument_name": "BTC-PERPETUAL", "bids": [[86627.5, 483500.0], [86615.0, 18800.0], [86612.5, 7820.0], [86608.5, 3430.0], [86608.0, 10990.0], [86606.5, 23850.0], [86605.0, 11480.0], [86604.5, 16000.0], [86603.5, 60010.0], [86602.5, 16370.0], [86602.0, 7500.0], [86599.0, 38000.0], [86598.0, 100.0], [86596.0, 35220.0], [86595.5, 800.0], [86595.0, 15010.0], [86593.0, 14810.0], [86591.5, 50000.0], [86590.0, 38000.0], [86588.0, 61570.0]], "asks": [[86628.0, 178020.0], [86628.5, 138580.0], [86629.5, 7800.0], [86630.0, 10600.0], [86631.0, 9240.0], [86631.5, 23960.0], [86632.5, 26000.0], [86633.0, 38000.0], [86634.0, 44020.0], [86635.5, 100000.0], [86637.0, 25000.0], [86639.0, 18130.0], [86640.0, 15220.0], [86641.0, 7520.0], [86642.0, 38000.0], [86643.0, 27620.0], [86644.5, 40010.0], [86645.0, 45000.0], [86647.0, 15210.0], [86647.5, 4550.0]]}}}
{"jsonrpc": "2.0", "method": "subscription", "params": {"channel": "book.BTC-PERPETUAL.none.20.100ms", "data": {"timestamp": 1763670339169, "change_id": 128138236539, "instrument_name": "BTC-PERPETUAL", "bids": [[86627.5, 483500.0], [86605.5, 18800.0], [86603.5, 15030.0], [86603.0, 10990.0], [86602.0, 7500.0], [86598.5, 16000.0], [86596.5, 27090.0], [86596.0, 10990.0], [86595.5, 45800.0], [86595.0, 15010.0], [86593.5, 25490.0], [86593.0, 11340.0], [86590.0, 38000.0], [86588.5, 8580.0], [86588.0, 35220.0], [86587.0, 120.0], [86583.5, 200.0], [86582.5, 15010.0], [86582.0, 50000.0], [86581.0, 38000.0]], "asks": [[86628.0, 253270.0], [86628.5, 138580.0], [86630.0, 10600.0], [86631.5, 23960.0], [86632.0, 25000.0], [86633.0, 38000.0], [86633.5, 40010.0], [86634.0, 29850.0], [86635.5, 100000.0], [86639.0, 18130.0], [86640.0, 15220.0], [86641.0, 7520.0], [86642.0, 38000.0], [86643.0, 17970.0], [86645.0, 45000.0], [86647.0, 15210.0], [86647.5, 18890.0], [86650.0, 50000.0], [86652.0, 15240.0], [86653.0, 107520.0]]}}}
{"jsonrpc": "2.0", "method": "subscription", "params": {"channel": "book.BTC-PERPETUAL.none.20.100ms", "data": {"timestamp": 1763670339494, "change_id": 128138237074, "instrument_name": "BTC-PERPETUAL", "bids": [[86627.5, 483500.0], [86605.5, 18800.0], [86605.0, 10990.0], [86604.5, 7820.0], [86603.5, 15030.0], [86602.5, 22830.0], [86602.0, 52500.0], [86599.0, 10990.0], [86598.5, 16000.0], [86597.5, 490.0], [86597.0, 11580.0], [86595.5, 800.0], [86595.0, 15010.0], [86594.5, 25000.0], [86593.0, 17650.0], [86590.5, 85220.0], [86590.0, 38000.0], [86587.0, 120.0], [86584.5, 61570.0], [86584.0, 5000.0]], "asks": [[86628.0, 267640.0], [86628.5, 138580.0], [86630.0, 10600.0], [86631.5, 23960.0], [86633.0, 63000.0], [86634.0, 29850.0], [86635.5, 100000.0], [86638.5, 40010.0], [86639.0, 18130.0], [86640.0, 15220.0], [86641.0, 7520.0], [86642.0, 38000.0], [86643.0, 17970.0], [86645.0, 45000.0], [86647.0, 15210.0], [86647.5, 18890.0], [86650.0, 50000.0], [86652.0, 15240.0], [86653.0, 72860.0], [86655.0, 38000.0]]}}}
{"jsonrpc": "2.0", "method": "subscription", "params": {"channel": "book.BTC-PERPETUAL.none.20.100ms", "data": {"timestamp": 1763670339834, "change_id": 128138239236, "instrument_name": "BTC-PERPETUAL", "bids": [[86604.0, 106970.0], [86600.5, 13760.0], [86600.0, 35100.0], [86598.0, 6000.0], [86597.5, 11480.0], [86596.0, 7820.0], [86595.5, 800.0], [86592.0, 18470.0], [86591.0, 45000.0], [86590.0, 16000.0], [86586.0, 12380.0], [86585.5, 35220.0], [86584.5, 66400.0], [86583.5, 200.0], [86582.5, 15010.0], [86582.0, 25000.0], [86580.0, 4480.0], [86579.5, 7510.0], [86576.5, 15010.0], [86575.0, 120.0]], "asks": [[86604.5, 12000.0], [86608.0, 28400.0], [86610.5, 38000.0], [86611.0, 100000.0], [86612.0, 3830.0], [86612.5, 7820.0], [86615.0, 5000.0], [86619.5, 22220.0], [86620.0, 37600.0], [86621.0, 16460.0], [86621.5, 38000.0], [86623.0, 11000.0], [86627.0, 24320.0], [86628.0, 82540.0], [86629.5, 32700.0], [86630.0, 33150.0], [86630.5, 45000.0], [86633.0, 44510.0], [86634.0, 45440.0], [86635.5, 100000.0]]}}}
{"jsonrpc": "2.0", "method": "subscription", "params": {"channel": "book.BTC-PERPETUAL.none.20.100ms", "data": {"timestamp": 1763670340164, "change_id": 128138240394, "instrument_name": "BTC-PERPETUAL", "bids": [[86609.5, 164290.0], [86608.5, 35100.0], [86605.0, 25000.0], [86604.5, 197390.0], [86604.0, 540780.0], [86603.0, 7820.0], [86596.0, 25990.0], [86595.5, 800.0], [86594.5, 9230.0], [86593.5, 38000.0], [86587.5, 29760.0], [86587.0, 61570.0], [86585.0, 120.0], [86584.5, 44780.0], [86584.0, 7510.0], [86583.5, 200.0], [86582.5, 15010.0], [86580.0, 21070.0], [86579.5, 7510.0], [86577.5, 50000.0]], "asks": [[86610.0, 13000.0], [86611.0, 100000.0], [86614.5, 15000.0], [86619.0, 16840.0], [86619.5, 7820.0], [86620.0, 37600.0], [86621.0, 11340.0], [86621.5, 38000.0], [86626.0, 11500.0], [86626.5, 11000.0], [86628.0, 12080.0], [86629.5, 34190.0], [86630.0, 33150.0], [86632.5, 35240.0], [86633.0, 38000.0], [86634.0, 35320.0], [86634.5, 15030.0], [86635.5, 100000.0], [86637.5, 25000.0], [86638.5, 39200.0]]}}}
{"jsonrpc": "2.0", "method": "subscription", "params": {"channel": "book.BTC-PERPETUAL.none.20.100ms", "data": {"timestamp": 1763670340491, "change_id": 128138242281, "instrument_name": "BTC-PERPETUAL", "bids": [[86618.0, 98730.0], [86615.0, 25000.0], [86613.5, 16200.0], [86611.0, 29460.0], [86610.5, 57580.0], [86606.0, 35220.0], [86605.0, 38000.0], [86604.5, 207330.0], [86604.0, 488310.0], [86603.0, 120.0], [86597.5, 11620.0], [86595.5, 800.0], [86593.5, 38000.0], [86592.5, 7510.0], [86589.5, 15030.0], [86588.0, 7510.0], [86585.5, 100.0], [86584.5, 44780.0], [86582.5, 15010.0], [86580.0, 4480.0]], "asks": [[86618.5, 5000.0], [86619.0, 100000.0], [86622.5, 9970.0], [86628.0, 2300.0], [86630.0, 10600.0], [86633.0, 38000.0], [86634.5, 8000.0], [86635.0, 43610.0], [86635.5, 100000.0], [86637.5, 11500.0], [86640.0, 6310.0], [86640.5, 7520.0], [86642.0, 38000.0], [86644.5, 20090.0], [86645.0, 82600.0], [86646.5, 9240.0], [86647.0, 41210.0], [86650.0, 19470.0], [86651.5, 4550.0], [86652.0, 15240.0]]}}}
{"jsonrpc": "2.0", "method": "subscription", "params": {"channel": "book.BTC-PERPETUAL.none.20.100ms", "data": {"timestamp": 1763670340820, "change_id": 128138243789, "instrument_name": "BTC-PERPETUAL", "bids": [[86618.0, 158840.0], [86614.5, 3280.0], [86614.0, 10990.0], [86611.0, 24400.0], [86610.5, 25000.0], [86607.5, 45000.0], [86606.5, 9230.0], [86606.0, 25990.0], [86605.0, 38000.0], [86604.5, 144360.0], [86604.0, 483500.0], [86603.0, 120.0], [86596.5, 30740.0], [86596.0, 61570.0], [86595.5, 800.0], [86594.0, 2620.0], [86593.5, 38000.0], [86593.0, 21490.0], [86592.5, 7510.0], [86590.0, 50000.0]], "asks": [[86618.5, 5000.0], [86619.0, 100000.0], [86627.5, 11720.0], [86628.0, 5160.0], [86629.0, 12000.0], [86629.5, 39060.0], [86630.0, 10600.0], [86632.5, 500.0], [86633.0, 38000.0], [86634.5, 11000.0], [86635.0, 36420.0], [86635.5, 100000.0], [86637.5, 37600.0], [86639.0, 26920.0], [86640.5, 7520.0], [86642.0, 38000.0], [86642.5, 26000.0], [86643.0, 7820.0], [86644.0, 9240.0], [86644.5, 25440.0]]}}}
{"jsonrpc": "2.0", "method": "subscription", "params": {"channel": "book.BTC-PERPETUAL.none.20.100ms", "data": {"timestamp": 1763670341147, "change_id": 128138244623, "instrument_name": "BTC-PERPETUAL", "bids": [[86618.0, 111650.0], [86617.0, 6710.0], [86615.5, 10990.0], [86611.5, 14570.0], [86608.5, 12000.0], [86605.5, 14620.0], [86605.0, 38000.0], [86603.0, 120.0], [86601.5, 20900.0], [86601.0, 25000.0], [86599.0, 45000.0], [86597.0, 35220.0], [86596.5, 30740.0], [86595.5, 800.0], [86594.5, 61570.0], [86593.5, 38000.0], [86593.0, 21490.0], [86592.5, 7510.0], [86589.5, 65030.0], [86589.0, 2690.0]], "asks": [[86618.5, 36260.0], [86619.0, 110000.0], [86627.0, 500.0], [86627.5, 11720.0], [86628.0, 5160.0], [86629.5, 50060.0], [86630.0, 10600.0], [86633.0, 38000.0], [86634.0, 11000.0], [86635.0, 55470.0], [86635.5, 100000.0], [86637.0, 17060.0], [86637.5, 37600.0], [86639.0, 29110.0], [86640.0, 26000.0], [86640.5, 7520.0], [86641.0, 25000.0], [86642.0, 38000.0], [86646.0, 22740.0], [86646.5, 66000.0]]}}}
{"jsonrpc": "2.0", "method": "subscription", "params": {"channel": "book.BTC-PERPETUAL.none.20.100ms", "data": {"timestamp": 1763670341466, "change_id": 128138245146, "instrument_name": "BTC-PERPETUAL", "bids": [[86618.0, 123650.0], [86617.0, 3280.0], [86612.0, 10990.0], [86606.0, 11480.0], [86605.5, 14130.0], [86605.0, 38000.0], [86603.0, 120.0], [86601.5, 32190.0], [86601.0, 25000.0], [86600.0, 35220.0], [86599.0, 45000.0], [86596.5, 19210.0], [86596.0, 25570.0], [86595.5, 800.0], [86593.5, 79520.0], [86593.0, 61570.0], [86592.5, 7510.0], [86591.5, 5000.0], [86589.5, 65030.0], [86587.5, 11370.0]], "asks": [[86618.5, 36260.0], [86619.0, 110000.0], [86627.0, 500.0], [86627.5, 11720.0], [86628.0, 5000.0], [86629.5, 62710.0], [86630.0, 10600.0], [86631.0, 37600.0], [86632.5, 11000.0], [86633.0, 38000.0], [86635.0, 55470.0], [86635.5, 100000.0], [86637.0, 17060.0], [86638.5, 26000.0], [86639.0, 15920.0], [86639.5, 25000.0], [86640.5, 7520.0], [86642.0, 38000.0], [86644.0, 24240.0], [86644.5, 40010.0]]}}}
{"jsonrpc": "2.0", "method": "subscription", "params": {"channel": "book.BTC-PERPETUAL.none.20.100ms", "data": {"timestamp": 1763670341817, "change_id": 128138245916, "instrument_name": "BTC-PERPETUAL", "bids": [[86618.0, 560050.0], [86611.5, 14470.0], [86611.0, 12000.0], [86610.0, 25000.0], [86607.0, 11480.0], [86606.5, 10990.0], [86606.0, 9230.0], [86605.5, 45000.0], [86605.0, 38000.0], [86603.0, 26110.0], [86596.0, 87140.0], [86595.5, 800.0], [86593.5, 88000.0], [86592.5, 7510.0], [86591.5, 5000.0], [86589.5, 15030.0], [86585.5, 100.0], [86584.5, 38000.0], [86583.0, 4480.0], [86582.5, 15010.0]], "asks": [[86618.5, 12220.0], [86619.0, 105000.0], [86627.5, 5730.0], [86629.0, 500.0], [86629.5, 53260.0], [86630.0, 20570.0], [86631.0, 37600.0], [86632.0, 11000.0], [86633.0, 38000.0], [86634.5, 11000.0], [86635.0, 36420.0], [86635.5, 100000.0], [86637.0, 7820.0], [86639.0, 26780.0], [86640.0, 9240.0], [86640.5, 7520.0], [86641.5, 26000.0], [86642.0, 38000.0], [86645.0, 12000.0], [86645.5, 25000.0]]}}}
{"jsonrpc": "2.0", "method": "subscription", "params": {"channel": "book.BTC-PERPETUAL.none.20.100ms", "data": {"timestamp": 1763670342143, "change_id": 128138246438, "instrument_name": "BTC-PERPETUAL", "bids": [[86618.0, 560050.0], [86614.0, 3280.0], [86613.5, 10990.0], [86611.5, 6400.0], [86611.0, 22990.0], [86606.5, 490.0], [86606.0, 32570.0], [86605.5, 45000.0], [86605.0, 38000.0], [86603.0, 120.0], [86600.0, 7460.0], [86599.5, 25000.0], [86597.0, 35220.0], [86596.5, 37590.0], [86596.0, 25570.0], [86595.5, 800.0], [86594.0, 61570.0], [86593.5, 38000.0], [86593.0, 22090.0], [86592.5, 7510.0]], "asks": [[86618.5, 36050.0], [86619.0, 105000.0], [86620.5, 1490.0], [86624.0, 5000.0], [86627.0, 500.0], [86627.5, 10030.0], [86629.5, 64260.0], [86630.0, 20570.0], [86631.0, 37600.0], [86633.0, 38000.0], [86634.5, 11000.0], [86635.0, 51480.0], [86635.5, 100000.0], [86637.0, 43060.0], [86637.5, 45000.0], [86639.0, 40920.0], [86640.5, 7520.0], [86642.0, 38000.0], [86645.0, 4540.0], [86647.0, 15210.0]]}}}
{"jsonrpc": "2.0", "method": "subscription", "params": {"channel": "book.BTC-PERPETUAL.none.20.100ms", "data": {"timestamp": 1763670342476, "change_id": 128138247004, "instrument_name": "BTC-PERPETUAL", "bids": [[86618.0, 614740.0], [86616.0, 3280.0], [86615.5, 10990.0], [86606.5, 490.0], [86606.0, 41800.0], [86605.5, 70990.0], [86605.0, 38000.0], [86603.0, 120.0], [86598.0, 62740.0], [86597.5, 61580.0], [86596.0, 25570.0], [86595.5, 800.0], [86595.0, 25000.0], [86594.0, 50000.0], [86593.5, 38000.0], [86593.0, 8220.0], [86592.5, 7510.0], [86589.5, 15030.0], [86586.5, 11370.0], [86585.5, 100.0]], "asks": [[86618.5, 12210.0], [86619.0, 105000.0], [86627.5, 5730.0], [86629.5, 53260.0], [86630.0, 20570.0], [86631.0, 37600.0], [86632.5, 500.0], [86633.0, 38000.0], [86634.5, 11000.0], [86635.0, 51480.0], [86635.5, 100000.0], [86636.5, 11000.0], [86637.0, 7820.0], [86637.5, 45000.0], [86639.0, 15920.0], [86640.5, 7520.0], [86642.0, 38000.0], [86644.0, 18230.0], [86644.5, 35240.0], [86645.5, 25000.0]]}}}
{"jsonrpc": "2.0", "method": "subscription", "params": {"channel": "book.BTC-PERPETUAL.none.20.100ms", "data": {"timestamp": 1763670342808, "change_id": 128138247493, "instrument_name": "BTC-PERPETUAL", "bids": [[86618.0, 625930.0], [86611.5, 2760.0], [86611.0, 490.0], [86607.0, 9230.0], [86606.5, 25990.0], [86606.0, 32570.0], [86605.5, 45000.0], [86605.0, 38000.0], [86603.0, 120.0], [86601.0, 25840.0], [86600.5, 61570.0], [86598.5, 25000.0], [86598.0, 45970.0], [86596.0, 25570.0], [86595.5, 800.0], [86594.0, 50000.0], [86593.5, 77630.0], [86593.0, 8220.0], [86592.5, 7510.0], [86589.5, 15030.0]], "asks": [[86618.5, 12210.0], [86619.0, 100000.0], [86620.0, 10000.0], [86622.0, 1490.0], [86622.5, 5000.0], [86627.5, 5730.0], [86629.5, 53260.0], [86630.0, 20570.0], [86631.0, 37600.0], [86633.0, 38000.0], [86635.0, 36920.0], [86635.5, 100000.0], [86636.0, 11000.0], [86637.0, 7820.0], [86638.5, 11000.0], [86639.0, 15920.0], [86640.5, 7520.0], [86641.5, 25000.0], [86642.0, 38000.0], [86644.0, 33620.0]]}}}
{"jsonrpc": "2.0", "method": "subscription", "params": {"channel": "book.BTC-PERPETUAL.none.20.100ms", "data": {"timestamp": 1763670343138, "change_id": 128138248226, "instrument_name": "BTC-PERPETUAL", "bids": [[86618.0, 572050.0], [86615.0, 6270.0], [86614.5, 10990.0], [86612.5, 490.0], [86612.0, 10990.0], [86606.0, 32570.0], [86605.5, 45000.0], [86605.0, 47230.0], [86603.5, 25000.0], [86603.0, 120.0], [86602.5, 7460.0], [86601.5, 25990.0], [86598.0, 45970.0], [86596.5, 61570.0], [86596.0, 25570.0], [86595.5, 800.0], [86594.0, 50000.0], [86593.5, 77630.0], [86593.0, 32430.0], [86592.5, 7510.0]], "asks": [[86618.5, 35050.0], [86619.0, 110000.0], [86622.0, 1490.0], [86622.5, 5000.0], [86626.5, 5000.0], [86627.5, 5730.0], [86629.5, 53260.0], [86630.0, 10600.0], [86631.0, 37600.0], [86632.5, 11500.0], [86633.0, 38000.0], [86635.0, 47420.0], [86635.5, 100000.0], [86637.0, 7820.0], [86638.5, 45000.0], [86639.0, 26780.0], [86640.5, 7520.0], [86641.0, 9240.0], [86641.5, 51000.0], [86642.0, 38000.0]]}}}
{"jsonrpc": "2.0", "method": "subscription", "params": {"channel": "book.BTC-PERPETUAL.none.20.100ms", "data": {"timestamp": 1763670343467, "change_id": 128138248780, "instrument_name": "BTC-PERPETUAL", "bids": [[86618.0, 583040.0], [86613.5, 3430.0], [86613.0, 10990.0], [86612.5, 490.0], [86606.0, 58560.0], [86605.5, 54230.0], [86605.0, 38000.0], [86603.0, 25120.0], [86598.0, 45970.0], [86596.0, 25570.0], [86595.5, 800.0], [86594.5, 61570.0], [86594.0, 50000.0], [86593.5, 77630.0], [86593.0, 32430.0], [86592.5, 7510.0], [86589.5, 104640.0], [86586.5, 11370.0], [86585.5, 100.0], [86584.5, 38000.0]], "asks": [[86618.5, 12210.0], [86619.0, 110000.0], [86622.0, 1490.0], [86622.5, 5000.0], [86626.5, 5000.0], [86627.5, 5730.0], [86629.5, 53260.0], [86630.0, 20560.0], [86630.5, 500.0], [86631.0, 37600.0], [86633.0, 38000.0], [86634.5, 11000.0], [86635.0, 51480.0], [86635.5, 100000.0], [86636.5, 11000.0], [86637.0, 7820.0], [86638.5, 45000.0], [86639.0, 26780.0], [86640.5, 7520.0], [86641.0, 35240.0]]}}}
{"jsonrpc": "2.0", "method": "subscription", "params": {"channel": "book.BTC-PERPETUAL.none.20.100ms", "data": {"timestamp": 1763670343776, "change_id": 128138249144, "instrument_name": "BTC-PERPETUAL", "bids": [[86618.0, 599040.0], [86615.0, 3280.0], [86614.5, 10990.0], [86606.5, 490.0], [86606.0, 32570.0], [86605.5, 80220.0], [86605.0, 38000.0], [86603.0, 120.0], [86602.5, 7460.0], [86602.0, 25000.0], [86598.0, 45970.0], [86596.5, 61580.0], [86596.0, 25570.0], [86595.5, 800.0], [86594.0, 50000.0], [86593.5, 77630.0], [86593.0, 32430.0], [86592.5, 7510.0], [86589.5, 104640.0], [86586.5, 11370.0]], "asks": [[86618.5, 12210.0], [86619.0, 110000.0], [86622.0, 1490.0], [86623.5, 5000.0], [86626.5, 5000.0], [86627.5, 5730.0], [86629.5, 53760.0], [86630.0, 20560.0], [86631.0, 37600.0], [86632.5, 11000.0], [86633.0, 38000.0], [86634.5, 11000.0], [86635.0, 51480.0], [86635.5, 100000.0], [86637.0, 7820.0], [86638.5, 45000.0], [86639.0, 26780.0], [86640.5, 7520.0], [86641.0, 35240.0], [86641.5, 25000.0]]}}}
{"jsonrpc": "2.0", "method": "subscription", "params": {"channel": "book.BTC-PERPETUAL.none.20.100ms", "data": {"timestamp": 1763670344125, "change_id": 128138249907, "instrument_name": "BTC-PERPETUAL", "bids": [[86618.0, 583240.0], [86617.0, 3430.0], [86616.5, 10990.0], [86616.0, 490.0], [86608.5, 2760.0], [86607.0, 9230.0], [86606.5, 25990.0], [86606.0, 32570.0], [86605.5, 45000.0], [86605.0, 38000.0], [86603.0, 120.0], [86600.0, 7460.0], [86599.0, 25000.0], [86598.0, 65940.0], [86596.5, 61580.0], [86596.0, 25570.0], [86595.5, 800.0], [86594.0, 50000.0], [86593.5, 77630.0], [86593.0, 32430.0]], "asks": [[86618.5, 12220.0], [86619.0, 100000.0], [86622.0, 10000.0], [86623.0, 1490.0], [86623.5, 5000.0], [86626.5, 5000.0], [86627.5, 5730.0], [86629.5, 53260.0], [86630.0, 20560.0], [86631.0, 37600.0], [86633.0, 38000.0], [86634.5, 500.0], [86635.0, 51480.0], [86635.5, 100000.0], [86636.5, 11000.0], [86637.0, 7820.0], [86638.0, 11000.0], [86638.5, 45000.0], [86639.0, 15920.0], [86640.5, 7520.0]]}}}
{"jsonrpc": "2.0", "method": "subscription", "params": {"channel": "book.BTC-PERPETUAL.none.20.100ms", "data": {"timestamp": 1763670344460, "change_id": 128138250341, "instrument_name": "BTC-PERPETUAL", "bids": [[86618.0, 594230.0], [86610.0, 490.0], [86609.5, 16990.0], [86609.0, 25990.0], [86606.0, 32570.0], [86605.5, 45000.0], [86605.0, 38000.0], [86603.0, 120.0], [86600.5, 18380.0], [86600.0, 61580.0], [86598.0, 45970.0], [86597.0, 25000.0], [86596.0, 25570.0], [86595.5, 800.0], [86594.0, 50000.0], [86593.5, 77630.0], [86593.0, 32430.0], [86592.5, 7510.0], [86589.5, 104640.0], [86586.5, 11370.0]], "asks": [[86618.5, 12220.0], [86619.0, 100000.0], [86620.5, 10000.0], [86623.0, 1490.0], [86623.5, 5000.0], [86626.5, 5000.0], [86627.5, 5730.0], [86629.5, 53260.0], [86630.0, 20560.0], [86631.0, 37600.0], [86633.0, 38000.0], [86634.5, 500.0], [86635.0, 51480.0], [86635.5, 100000.0], [86637.0, 7820.0], [86637.5, 11000.0], [86638.0, 11000.0], [86638.5, 45000.0], [86639.0, 15920.0], [86640.5, 7520.0]]}}}
{"jsonrpc": "2.0", "method": "subscription", "params": {"channel": "book.BTC-PERPETUAL.none.20.100ms", "data": {"timestamp": 1763670344784, "change_id": 128138250807, "instrument_name": "BTC-PERPETUAL", "bids": [[86618.0, 561040.0], [86617.5, 10000.0], [86612.0, 7460.0], [86611.5, 32010.0], [86610.5, 10990.0], [86610.0, 490.0], [86608.5, 12000.0], [86607.0, 32760.0], [86605.5, 35220.0], [86605.0, 83000.0], [86603.0, 120.0], [86598.0, 45970.0], [86596.5, 61580.0], [86596.0, 25570.0], [86595.5, 800.0], [86593.5, 122630.0], [86593.0, 32430.0], [86592.5, 7510.0], [86589.5, 104640.0], [86586.5, 11370.0]], "asks": [[86618.5, 12220.0], [86619.0, 110000.0], [86623.0, 1490.0], [86623.5, 5000.0], [86627.5, 5730.0], [86629.5, 66300.0], [86630.0, 20560.0], [86631.0, 37600.0], [86631.5, 45000.0], [86632.5, 500.0], [86633.0, 38000.0], [86634.5, 11000.0], [86635.0, 36420.0], [86635.5, 100000.0], [86636.5, 11000.0], [86637.0, 7820.0], [86639.0, 22070.0], [86640.5, 7520.0], [86641.0, 9240.0], [86641.5, 26000.0]]}}}
{"jsonrpc": "2.0", "method": "subscription", "params": {"channel": "book.BTC-PERPETUAL.none.20.100ms", "data": {"timestamp": 1763670345122, "change_id": 128138251574, "instrument_name": "BTC-PERPETUAL", "bids": [[86618.0, 573240.0], [86617.5, 10000.0], [86616.0, 10890.0], [86615.5, 25000.0], [86613.5, 490.0], [86612.5, 10990.0], [86608.0, 7760.0], [86607.5, 25990.0], [86607.0, 32760.0], [86606.0, 9230.0], [86605.0, 83000.0], [86603.0, 120.0], [86598.0, 45970.0], [86596.5, 61580.0], [86596.0, 25570.0], [86595.5, 800.0], [86593.5, 122630.0], [86593.0, 32430.0], [86592.5, 12510.0], [86589.5, 104640.0]], "asks": [[86618.5, 12220.0], [86619.0, 110000.0], [86623.0, 1490.0], [86623.5, 5000.0], [86627.5, 5730.0], [86629.5, 53260.0], [86630.0, 20560.0], [86631.0, 37600.0], [86633.0, 38000.0], [86634.5, 11500.0], [86635.0, 36420.0], [86635.5, 100000.0], [86636.5, 11000.0], [86637.0, 7820.0], [86638.5, 37540.0], [86639.0, 45000.0], [86640.5, 7520.0], [86641.5, 26000.0], [86642.0, 38000.0], [86643.0, 12000.0]]}}}
{"jsonrpc": "2.0", "method": "subscription", "params": {"channel": "book.BTC-PERPETUAL.none.20.100ms", "data": {"timestamp": 1763670345447, "change_id": 128138252157, "instrument_name": "BTC-PERPETUAL", "bids": [[86618.0, 584230.0], [86617.5, 10490.0], [86608.0, 7760.0], [86607.5, 35220.0], [86607.0, 32760.0], [86606.0, 25000.0], [86605.0, 83000.0], [86603.0, 120.0], [86600.0, 18380.0], [86599.5, 61580.0], [86598.0, 45970.0], [86596.0, 25570.0], [86595.5, 800.0], [86594.5, 50000.0], [86593.5, 72630.0], [86593.0, 32430.0], [86592.5, 12510.0], [86589.5, 104640.0], [86586.5, 11370.0], [86585.5, 100.0]], "asks": [[86618.5, 12220.0], [86619.0, 100000.0], [86623.0, 1490.0], [86623.5, 5000.0], [86627.5, 8090.0], [86629.5, 58260.0], [86630.0, 20560.0], [86631.0, 37600.0], [86633.0, 38000.0], [86635.0, 36420.0], [86635.5, 100000.0], [86636.5, 500.0], [86637.0, 7820.0], [86638.0, 22000.0], [86638.5, 27020.0], [86639.0, 45000.0], [86640.5, 7520.0], [86642.0, 38000.0], [86643.0, 37000.0], [86646.5, 35240.0]]}}}
{"jsonrpc": "2.0", "method": "subscription", "params": {"channel": "book.BTC-PERPETUAL.none.20.100ms", "data": {"timestamp": 1763670345773, "change_id": 128138252781, "instrument_name": "BTC-PERPETUAL", "bids": [[86618.0, 639450.0], [86617.5, 10000.0], [86609.5, 17100.0], [86608.5, 25990.0], [86607.5, 9230.0], [86607.0, 57760.0], [86605.0, 83000.0], [86601.5, 17430.0], [86600.5, 61580.0], [86598.0, 45970.0], [86596.0, 25570.0], [86595.5, 800.0], [86594.5, 50000.0], [86593.5, 72630.0], [86593.0, 32430.0], [86592.5, 12510.0], [86589.5, 104640.0], [86586.5, 11370.0], [86585.5, 100.0], [86584.5, 38000.0]], "asks": [[86618.5, 220.0], [86629.0, 5000.0], [86629.5, 29550.0], [86630.0, 20560.0], [86631.5, 11490.0], [86633.0, 50000.0], [86635.0, 36420.0], [86635.5, 100000.0], [86636.5, 500.0], [86638.5, 22970.0], [86639.0, 45000.0], [86640.0, 22000.0], [86642.0, 38000.0], [86642.5, 7820.0], [86644.0, 37600.0], [86646.0, 9240.0], [86646.5, 4540.0], [86647.0, 15210.0], [86648.5, 33520.0], [86650.0, 30690.0]]}}}
{"jsonrpc": "2.0", "method": "subscription", "params": {"channel": "book.BTC-PERPETUAL.none.20.100ms", "data": {"timestamp": 1763670346111, "change_id": 128138253580, "instrument_name": "BTC-PERPETUAL", "bids": [[86618.0, 593240.0], [86617.5, 10000.0], [86612.5, 3280.0], [86612.0, 10990.0], [86611.0, 490.0], [86607.0, 32880.0], [86605.5, 35220.0], [86605.0, 83000.0], [86601.5, 7460.0], [86600.0, 25000.0], [86598.0, 45970.0], [86596.5, 61580.0], [86596.0, 25570.0], [86595.5, 800.0], [86594.5, 50000.0], [86593.5, 72630.0], [86593.0, 32430.0], [86592.5, 7510.0], [86589.5, 104640.0], [86586.5, 11370.0]], "asks": [[86618.5, 220.0], [86619.0, 10000.0], [86624.5, 5000.0], [86629.5, 29550.0], [86630.0, 10600.0], [86631.5, 56490.0], [86632.0, 500.0], [86632.5, 20960.0], [86633.0, 38000.0], [86634.0, 12000.0], [86635.0, 36420.0], [86635.5, 100000.0], [86638.0, 11000.0], [86638.5, 22970.0], [86641.0, 9240.0], [86641.5, 26000.0], [86642.0, 38000.0], [86642.5, 7820.0], [86644.0, 37600.0], [86644.5, 7520.0]]}}}
{"jsonrpc": "2.0", "method": "subscription", "params": {"channel": "book.BTC-PERPETUAL.none.20.100ms", "data": {"timestamp": 1763670346443, "change_id": 128138254155, "instrument_name": "BTC-PERPETUAL", "bids": [[86618.0, 561040.0], [86617.5, 10000.0], [86612.5, 3280.0], [86612.0, 10990.0], [86610.0, 3760.0], [86609.5, 12000.0], [86607.5, 490.0], [86607.0, 21980.0], [86606.0, 25990.0], [86605.5, 9230.0], [86605.0, 38000.0], [86598.0, 45970.0], [86597.5, 70000.0], [86596.5, 61580.0], [86596.0, 25570.0], [86595.5, 800.0], [86594.5, 50000.0], [86593.5, 72630.0], [86593.0, 32430.0], [86592.5, 7510.0]], "asks": [[86618.5, 12420.0], [86619.0, 10000.0], [86624.5, 5000.0], [86627.5, 500.0], [86629.5, 24550.0], [86630.0, 10600.0], [86631.5, 56490.0], [86632.0, 11000.0], [86632.5, 9960.0], [86633.0, 38000.0], [86635.0, 36420.0], [86635.5, 100000.0], [86636.5, 7820.0], [86637.0, 11000.0], [86637.5, 37600.0], [86638.5, 22970.0], [86641.5, 26000.0], [86642.0, 72240.0], [86644.5, 7520.0], [86645.5, 40010.0]]}}}
{"jsonrpc": "2.0", "method": "subscription", "params": {"channel": "book.BTC-PERPETUAL.none.20.100ms", "data": {"timestamp": 1763670346772, "change_id": 128138254999, "instrument_name": "BTC-PERPETUAL", "bids": [[86618.0, 506570.0], [86611.0, 5610.0], [86609.0, 7820.0], [86608.0, 10990.0], [86603.0, 5610.0], [86602.5, 18800.0], [86599.5, 490.0], [86599.0, 6640.0], [86598.5, 22990.0], [86597.0, 120.0], [86596.5, 37010.0], [86596.0, 25570.0], [86595.5, 800.0], [86595.0, 9230.0], [86594.0, 25990.0], [86593.5, 97630.0], [86593.0, 8220.0], [86592.5, 7510.0], [86590.0, 45000.0], [86589.5, 104640.0]], "asks": [[86618.5, 83750.0], [86619.0, 10000.0], [86621.5, 5000.0], [86622.0, 16960.0], [86623.5, 38000.0], [86624.0, 18820.0], [86625.0, 43220.0], [86625.5, 100000.0], [86628.5, 11000.0], [86629.0, 35240.0], [86629.5, 24550.0], [86630.0, 10600.0], [86630.5, 62380.0], [86631.5, 45000.0], [86633.0, 38000.0], [86635.0, 36420.0], [86635.5, 100000.0], [86637.0, 40010.0], [86638.5, 22970.0], [86641.5, 25000.0]]}}}
{"jsonrpc": "2.0", "method": "subscription", "params": {"channel": "book.BTC-PERPETUAL.none.20.100ms", "data": {"timestamp": 1763670347087, "change_id": 128138255905, "instrument_name": "BTC-PERPETUAL", "bids": [[86618.0, 506570.0], [86610.0, 13320.0], [86609.0, 7820.0], [86604.0, 8890.0], [86603.5, 10990.0], [86602.5, 22530.0], [86599.0, 490.0], [86598.5, 12000.0], [86597.0, 120.0], [86596.5, 37010.0], [86596.0, 60790.0], [86595.5, 800.0], [86593.5, 72630.0], [86593.0, 8220.0], [86592.5, 7510.0], [86592.0, 25000.0], [86590.0, 45000.0], [86589.5, 15030.0], [86587.0, 61580.0], [86586.5, 16370.0]], "asks": [[86618.5, 133470.0], [86619.0, 10000.0], [86620.5, 500.0], [86621.5, 5000.0], [86622.0, 16960.0], [86622.5, 11000.0], [86623.5, 38000.0], [86624.0, 7820.0], [86625.0, 43220.0], [86625.5, 100000.0], [86628.5, 11000.0], [86629.5, 59790.0], [86630.0, 10600.0], [86630.5, 24780.0], [86631.5, 45000.0], [86633.0, 38000.0], [86635.0, 36420.0], [86635.5, 100000.0], [86638.5, 22970.0], [86641.5, 40010.0]]}}}
{"jsonrpc": "2.0", "method": "subscription", "params": {"channel": "book.BTC-PERPETUAL.none.20.100ms", "data": {"timestamp": 1763670347427, "change_id": 128138256580, "instrument_name": "BTC-PERPETUAL", "bids": [[86618.0, 506570.0], [86610.5, 11230.0], [86610.0, 10990.0], [86609.0, 26620.0], [86604.5, 6860.0], [86604.0, 12000.0], [86603.5, 10990.0], [86602.5, 7430.0], [86599.0, 35710.0], [86597.0, 45120.0], [86596.5, 37010.0], [86596.0, 25570.0], [86595.5, 25800.0], [86593.5, 72630.0], [86593.0, 8220.0], [86592.5, 7510.0], [86590.0, 61580.0], [86589.5, 15030.0], [86586.5, 16370.0], [86586.0, 50000.0]], "asks": [[86618.5, 83050.0], [86619.0, 10000.0], [86621.0, 500.0], [86621.5, 5000.0], [86622.0, 11340.0], [86623.5, 38000.0], [86624.5, 11000.0], [86625.0, 43220.0], [86625.5, 100000.0], [86629.5, 24550.0], [86630.0, 53360.0], [86630.5, 11000.0], [86631.5, 45000.0], [86632.5, 35240.0], [86633.0, 38000.0], [86635.0, 36420.0], [86635.5, 100000.0], [86638.5, 39100.0], [86641.5, 40010.0], [86642.0, 38000.0]]}}}
{"jsonrpc": "2.0", "method": "subscription", "params": {"channel": "book.BTC-PERPETUAL.none.20.100ms", "data": {"timestamp": 1763670347764, "change_id": 128138257098, "instrument_name": "BTC-PERPETUAL", "bids": [[86618.0, 525370.0], [86617.5, 10000.0], [86610.5, 8180.0], [86610.0, 10990.0], [86609.5, 10990.0], [86609.0, 7820.0], [86607.0, 20300.0], [86606.5, 45000.0], [86604.0, 12490.0], [86600.0, 2760.0], [86599.5, 9230.0], [86597.0, 26110.0], [86595.5, 800.0], [86593.5, 38000.0], [86593.0, 8220.0], [86592.5, 7510.0], [86592.0, 25000.0], [86590.0, 61580.0], [86589.5, 15030.0], [86586.5, 16370.0]], "asks": [[86618.5, 51960.0], [86619.0, 15000.0], [86622.0, 11340.0], [86623.5, 38000.0], [86625.0, 43220.0], [86625.5, 100500.0], [86626.0, 7820.0], [86626.5, 37600.0], [86628.5, 11000.0], [86629.5, 24550.0], [86630.0, 38660.0], [86631.5, 45000.0], [86632.5, 11000.0], [86633.0, 38000.0], [86634.5, 35240.0], [86635.0, 36420.0], [86635.5, 100000.0], [86638.5, 14100.0], [86639.5, 25000.0], [86642.0, 38000.0]]}}}
{"jsonrpc": "2.0", "method": "subscription", "params": {"channel": "book.BTC-PERPETUAL.none.20.100ms", "data": {"timestamp": 1763670348093, "change_id": 128138258006, "instrument_name": "BTC-PERPETUAL", "bids": [[86618.0, 525370.0], [86617.5, 10000.0], [86616.0, 5760.0], [86615.5, 10990.0], [86615.0, 7820.0], [86612.0, 490.0], [86611.5, 8900.0], [86611.0, 10990.0], [86609.5, 12000.0], [86607.0, 32690.0], [86606.5, 45000.0], [86603.0, 35220.0], [86602.5, 38000.0], [86597.0, 120.0], [86595.5, 800.0], [86595.0, 25000.0], [86594.0, 61580.0], [86593.5, 38000.0], [86593.0, 58220.0], [86592.5, 7510.0]], "asks": [[86618.5, 35620.0], [86619.0, 15000.0], [86622.0, 11340.0], [86623.5, 38000.0], [86624.5, 5000.0], [86625.0, 43220.0], [86625.5, 100000.0], [86629.5, 35550.0], [86630.0, 25230.0], [86630.5, 500.0], [86632.0, 7820.0], [86632.5, 11000.0], [86633.0, 38000.0], [86635.0, 36420.0], [86635.5, 100000.0], [86637.5, 25000.0], [86638.0, 26000.0], [86638.5, 33190.0], [86639.0, 54240.0], [86641.5, 34650.0]]}}}
{"jsonrpc": "2.0", "method": "subscription", "params": {"channel": "book.BTC-PERPETUAL.none.20.100ms", "data": {"timestamp": 1763670348424, "change_id": 128138258572, "instrument_name": "BTC-PERPETUAL", "bids": [[86618.0, 506570.0], [86616.5, 10000.0], [86615.0, 7820.0], [86612.0, 10990.0], [86611.5, 6400.0], [86607.5, 10990.0], [86607.0, 11340.0], [86604.0, 490.0], [86602.5, 38000.0], [86602.0, 19470.0], [86599.0, 25990.0], [86598.5, 9230.0], [86598.0, 45000.0], [86597.0, 120.0], [86595.5, 800.0], [86595.0, 25000.0], [86593.5, 38000.0], [86593.0, 8220.0], [86592.5, 7510.0], [86590.0, 61580.0]], "asks": [[86618.5, 45040.0], [86619.0, 15000.0], [86622.0, 11340.0], [86623.0, 500.0], [86623.5, 38000.0], [86624.5, 16000.0], [86625.0, 43220.0], [86625.5, 100000.0], [86629.5, 35550.0], [86630.0, 53030.0], [86631.5, 37600.0], [86632.0, 52820.0], [86632.5, 9240.0], [86633.0, 38000.0], [86634.0, 26000.0], [86635.0, 36420.0], [86635.5, 100000.0], [86637.0, 25000.0], [86638.5, 14100.0], [86641.5, 34650.0]]}}}
{"jsonrpc": "2.0", "method": "subscription", "params": {"channel": "book.BTC-PERPETUAL.none.20.100ms", "data": {"timestamp": 1763670348757, "change_id": 128138259305, "instrument_name": "BTC-PERPETUAL", "bids": [[86618.0, 483500.0], [86605.0, 18800.0], [86598.5, 3280.0], [86598.0, 10990.0], [86597.5, 12000.0], [86597.0, 11110.0], [86596.5, 11730.0], [86595.5, 800.0], [86594.0, 490.0], [86593.5, 54950.0], [86592.5, 7510.0], [86590.5, 25000.0], [86589.5, 15030.0], [86587.5, 25990.0], [86587.0, 9230.0], [86586.5, 56370.0], [86584.5, 38000.0], [86583.0, 31180.0], [86582.5, 106360.0], [86578.0, 24840.0]], "asks": [[86618.5, 148010.0], [86619.0, 10000.0], [86621.0, 41570.0], [86621.5, 43200.0], [86622.5, 11000.0], [86623.0, 7820.0], [86623.5, 38000.0], [86624.5, 5000.0], [86625.0, 77460.0], [86625.5, 100000.0], [86629.5, 24550.0], [86630.0, 35380.0], [86632.0, 45000.0], [86633.0, 38000.0], [86634.5, 40010.0], [86635.0, 36420.0], [86635.5, 100000.0], [86638.5, 14100.0], [86641.5, 34650.0], [86642.0, 38000.0]]}}}
{"jsonrpc": "2.0", "method": "subscription", "params": {"channel": "book.BTC-PERPETUAL.none.20.100ms", "data": {"timestamp": 1763670349087, "change_id": 128138260026, "instrument_name": "BTC-PERPETUAL", "bids": [[86618.0, 483500.0], [86605.0, 18800.0], [86602.5, 5610.0], [86602.0, 10990.0], [86599.5, 7820.0], [86597.5, 12000.0], [86596.5, 11730.0], [86595.5, 800.0], [86594.0, 11480.0], [86593.5, 54950.0], [86592.5, 7510.0], [86590.5, 25000.0], [86589.5, 15030.0], [86587.5, 120.0], [86586.5, 56370.0], [86585.0, 35220.0], [86584.5, 38000.0], [86584.0, 5000.0], [86583.0, 31180.0], [86582.5, 106360.0]], "asks": [[86618.5, 148150.0], [86619.0, 10000.0], [86620.0, 9240.0], [86620.5, 37000.0], [86621.0, 30520.0], [86621.5, 17200.0], [86623.0, 7820.0], [86623.5, 63000.0], [86624.5, 5000.0], [86625.0, 43220.0], [86625.5, 100000.0], [86629.5, 24550.0], [86630.0, 35380.0], [86632.0, 45000.0], [86633.0, 38000.0], [86634.5, 40010.0], [86635.0, 36420.0], [86635.5, 100000.0], [86638.5, 14100.0], [86639.5, 50000.0]]}}}
{"jsonrpc": "2.0", "method": "subscription", "params": {"channel": "book.BTC-PERPETUAL.none.20.100ms", "data": {"timestamp": 1763670349418, "change_id": 128138260678, "instrument_name": "BTC-PERPETUAL", "bids": [[86618.0, 483500.0], [86607.5, 10000.0], [86605.0, 18800.0], [86603.0, 10990.0], [86602.5, 2330.0], [86599.5, 7820.0], [86597.5, 12000.0], [86596.5, 11730.0], [86596.0, 490.0], [86595.5, 800.0], [86593.5, 54950.0], [86592.5, 7510.0], [86591.5, 25000.0], [86589.5, 15030.0], [86587.5, 120.0], [86586.5, 56370.0], [86585.5, 25990.0], [86585.0, 9230.0], [86584.5, 38000.0], [86584.0, 5000.0]], "asks": [[86618.5, 153360.0], [86619.0, 10000.0], [86619.5, 9240.0], [86620.5, 26000.0], [86621.0, 41520.0], [86621.5, 17200.0], [86622.5, 9970.0], [86623.0, 7820.0], [86623.5, 63000.0], [86625.0, 43220.0], [86625.5, 100000.0], [86629.5, 24550.0], [86630.0, 35380.0], [86632.0, 45000.0], [86633.0, 38000.0], [86635.0, 76430.0], [86635.5, 100000.0], [86638.5, 14100.0], [86639.5, 50000.0], [86641.5, 34650.0]]}}}
{"jsonrpc": "2.0", "method": "subscription", "params": {"channel": "book.BTC-PERPETUAL.none.20.100ms", "data": {"timestamp": 1763670349748, "change_id": 128138261076, "instrument_name": "BTC-PERPETUAL", "bids": [[86618.0, 483500.0], [86606.0, 8890.0], [86605.0, 18800.0], [86603.5, 10990.0], [86602.5, 2330.0], [86599.5, 7820.0], [86597.5, 12000.0], [86596.5, 11730.0], [86596.0, 490.0], [86595.5, 800.0], [86594.0, 10990.0], [86593.5, 54950.0], [86592.5, 7510.0], [86592.0, 25000.0], [86589.5, 15030.0], [86587.5, 120.0], [86587.0, 32530.0], [86586.5, 45000.0], [86586.0, 9230.0], [86584.5, 63990.0]], "asks": [[86618.5, 155250.0], [86619.0, 10000.0], [86620.0, 35240.0], [86621.0, 30520.0], [86622.5, 20970.0], [86623.0, 7820.0], [86623.5, 63000.0], [86625.0, 29850.0], [86625.5, 100000.0], [86630.0, 35380.0], [86632.0, 45000.0], [86633.0, 38000.0], [86635.0, 76430.0], [86635.5, 100000.0], [86638.5, 34810.0], [86639.5, 50000.0], [86641.5, 34650.0], [86642.0, 38000.0], [86644.0, 34650.0], [86644.5, 7520.0]]}}}
{"jsonrpc": "2.0", "method": "subscription", "params": {"channel": "book.BTC-PERPETUAL.none.20.100ms", "data": {"timestamp": 1763670350070, "change_id": 128138261786, "instrument_name": "BTC-PERPETUAL", "bids": [[86618.0, 483500.0], [86606.0, 8890.0], [86605.5, 10990.0], [86605.0, 18800.0], [86602.5, 5320.0], [86599.5, 7820.0], [86598.0, 10990.0], [86597.5, 12000.0], [86596.5, 11730.0], [86595.5, 800.0], [86594.0, 490.0], [86593.5, 54950.0], [86592.5, 7510.0], [86591.5, 25000.0], [86589.5, 15030.0], [86587.5, 120.0], [86587.0, 58520.0], [86586.5, 45000.0], [86586.0, 9230.0], [86584.5, 38000.0]], "asks": [[86618.5, 155780.0], [86619.0, 10000.0], [86620.0, 6930.0], [86621.0, 30520.0], [86622.0, 35240.0], [86622.5, 20970.0], [86623.0, 7820.0], [86623.5, 63000.0], [86625.0, 29850.0], [86625.5, 100000.0], [86630.0, 35380.0], [86632.0, 45000.0], [86633.0, 38000.0], [86634.5, 40010.0], [86635.0, 36420.0], [86635.5, 100000.0], [86638.5, 34810.0], [86639.5, 50000.0], [86641.5, 34650.0], [86642.0, 38000.0]]}}}
{"jsonrpc": "2.0", "method": "subscription", "params": {"channel": "book.BTC-PERPETUAL.none.20.100ms", "data": {"timestamp": 1763670350405, "change_id": 128138262397, "instrument_name": "BTC-PERPETUAL", "bids": [[86618.0, 483500.0], [86603.5, 3280.0], [86603.0, 10990.0], [86602.5, 2330.0], [86599.5, 7820.0], [86596.5, 19120.0], [86596.0, 29790.0], [86595.5, 800.0], [86595.0, 12000.0], [86594.0, 490.0], [86593.5, 54950.0], [86592.5, 7510.0], [86591.5, 25000.0], [86589.5, 15030.0], [86587.5, 120.0], [86587.0, 58520.0], [86586.5, 45000.0], [86586.0, 9230.0], [86584.5, 38000.0], [86584.0, 5000.0]], "asks": [[86618.5, 155760.0], [86619.0, 10000.0], [86620.0, 6930.0], [86620.5, 11000.0], [86621.0, 30520.0], [86622.0, 35240.0], [86622.5, 9970.0], [86623.0, 7820.0], [86623.5, 63000.0], [86625.0, 29850.0], [86625.5, 100000.0], [86630.0, 35380.0], [86632.0, 45000.0], [86633.0, 38000.0], [86634.5, 40010.0], [86635.0, 36420.0], [86635.5, 100000.0], [86638.5, 34810.0], [86639.5, 50000.0], [86641.0, 89180.0]]}}}
{"jsonrpc": "2.0", "method": "subscription", "params": {"channel": "book.BTC-PERPETUAL.none.20.100ms", "data": {"timestamp": 1763670350739, "change_id": 128138263136, "instrument_name": "BTC-PERPETUAL", "bids": [[86618.0, 475170.0], [86597.0, 10990.0], [86595.5, 800.0], [86593.5, 16950.0], [86593.0, 18810.0], [86592.5, 26310.0], [86589.5, 15030.0], [86589.0, 25000.0], [86587.5, 23170.0], [86586.5, 12000.0], [86585.5, 25990.0], [86585.0, 9230.0], [86584.5, 38000.0], [86584.0, 4480.0], [86582.5, 15010.0], [86579.0, 31360.0], [86578.0, 120.0], [86577.0, 6620.0], [86576.5, 15010.0], [86574.0, 200.0]], "asks": [[86618.5, 351780.0], [86619.0, 41250.0], [86620.0, 16170.0], [86622.5, 9970.0], [86623.0, 7820.0], [86623.5, 38000.0], [86624.5, 50000.0], [86629.0, 11940.0], [86629.5, 40010.0], [86630.0, 35380.0], [86632.0, 45000.0], [86633.0, 38000.0], [86635.0, 36420.0], [86635.5, 100000.0], [86638.5, 34810.0], [86641.0, 89180.0], [86641.5, 34650.0], [86642.0, 38000.0], [86644.5, 7520.0], [86646.5, 15940.0]]}}}
{"jsonrpc": "2.0", "method": "subscription", "params": {"channel": "book.BTC-PERPETUAL.none.20.100ms", "data": {"timestamp": 1763670351068, "change_id": 128138266407, "instrument_name": "BTC-PERPETUAL", "bids": [[86595.5, 800.0], [86579.0, 16960.0], [86578.5, 40990.0], [86578.0, 10990.0], [86577.5, 7820.0], [86575.0, 11480.0], [86574.5, 16380.0], [86574.0, 200.0], [86573.0, 440.0], [86571.0, 60050.0], [86570.5, 21380.0], [86570.0, 25990.0], [86569.5, 45520.0], [86568.0, 120.0], [86566.0, 9230.0], [86565.5, 11960.0], [86565.0, 33870.0], [86564.0, 25000.0], [86562.0, 46230.0], [86561.0, 73580.0]], "asks": [[86596.0, 140400.0], [86600.5, 11000.0], [86601.0, 43530.0], [86601.5, 100000.0], [86602.0, 38000.0], [86604.5, 23950.0], [86605.0, 46240.0], [86606.5, 45000.0], [86610.0, 7460.0], [86610.5, 25000.0], [86611.5, 12840.0], [86612.5, 5000.0], [86613.5, 38000.0], [86617.0, 50330.0], [86617.5, 40010.0], [86618.0, 35300.0], [86618.5, 56100.0], [86620.0, 6930.0], [86620.5, 25770.0], [86621.0, 31490.0]]}}}
{"jsonrpc": "2.0", "method": "subscription", "params": {"channel": "book.BTC-PERPETUAL.none.20.100ms", "data": {"timestamp": 1763670351397, "change_id": 128138268729, "instrument_name": "BTC-PERPETUAL", "bids": [[86595.5, 800.0], [86584.0, 2330.0], [86583.5, 7820.0], [86579.5, 20030.0], [86579.0, 18800.0], [86576.0, 11480.0], [86575.5, 8270.0], [86574.0, 200.0], [86573.0, 440.0], [86572.5, 12000.0], [86571.0, 15050.0], [86570.5, 21380.0], [86569.5, 45520.0], [86568.0, 26110.0], [86567.5, 9230.0], [86566.5, 23940.0], [86566.0, 70000.0], [86565.0, 15070.0], [86562.0, 73220.0], [86560.5, 42490.0]], "asks": [[86596.0, 139180.0], [86600.0, 11000.0], [86601.0, 43530.0], [86601.5, 100000.0], [86602.0, 45820.0], [86603.5, 31440.0], [86604.0, 26000.0], [86604.5, 25000.0], [86605.0, 9240.0], [86606.5, 45000.0], [86607.0, 90.0], [86611.5, 12840.0], [86612.0, 5000.0], [86613.5, 38000.0], [86617.0, 33050.0], [86618.0, 75310.0], [86618.5, 42720.0], [86620.0, 6930.0], [86620.5, 25770.0], [86621.0, 31490.0]]}}}
{"jsonrpc": "2.0", "method": "subscription", "params": {"channel": "book.BTC-PERPETUAL.none.20.100ms", "data": {"timestamp": 1763670351733, "change_id": 128138269343, "instrument_name": "BTC-PERPETUAL", "bids": [[86595.5, 511620.0], [86585.0, 3280.0], [86584.5, 10990.0], [86584.0, 2330.0], [86583.5, 7820.0], [86580.0, 12480.0], [86579.5, 10990.0], [86579.0, 18800.0], [86576.0, 25490.0], [86575.5, 30300.0], [86574.0, 200.0], [86573.0, 45440.0], [86572.5, 12000.0], [86571.5, 35220.0], [86571.0, 15050.0], [86570.5, 13620.0], [86569.5, 45520.0], [86568.0, 120.0], [86566.5, 4500.0], [86565.0, 15070.0]], "asks": [[86596.0, 97460.0], [86599.5, 500.0], [86600.5, 30500.0], [86601.0, 43530.0], [86601.5, 105000.0], [86602.0, 45820.0], [86602.5, 31700.0], [86604.0, 11000.0], [86606.0, 35240.0], [86606.5, 45000.0], [86607.0, 960.0], [86608.5, 8960.0], [86609.0, 25000.0], [86611.5, 12840.0], [86613.5, 38000.0], [86616.0, 38250.0], [86618.5, 5270.0], [86619.5, 40010.0], [86620.0, 56930.0], [86620.5, 25770.0]]}}}
{"jsonrpc": "2.0", "method": "subscription", "params": {"channel": "book.BTC-PERPETUAL.none.20.100ms", "data": {"timestamp": 1763670352063, "change_id": 128138270632, "instrument_name": "BTC-PERPETUAL", "bids": [[86595.5, 553490.0], [86590.5, 5610.0], [86590.0, 10990.0], [86589.0, 7820.0], [86584.5, 3430.0], [86584.0, 11480.0], [86580.0, 38870.0], [86579.5, 70990.0], [86579.0, 9230.0], [86578.5, 50000.0], [86574.0, 200.0], [86573.0, 440.0], [86572.5, 11950.0], [86572.0, 25000.0], [86571.0, 15050.0], [86570.5, 32010.0], [86569.5, 45520.0], [86568.0, 120.0], [86567.0, 61580.0], [86565.5, 18850.0]], "asks": [[86596.0, 45380.0], [86601.0, 43530.0], [86601.5, 105000.0], [86602.0, 38000.0], [86603.0, 22320.0], [86603.5, 37600.0], [86604.0, 24730.0], [86605.0, 500.0], [86605.5, 11000.0], [86606.5, 11000.0], [86607.0, 3290.0], [86607.5, 7820.0], [86611.5, 37040.0], [86613.0, 35240.0], [86613.5, 38000.0], [86614.0, 45000.0], [86615.5, 25000.0], [86618.5, 110.0], [86619.5, 25740.0], [86620.0, 67420.0]]}}}
{"jsonrpc": "2.0", "method": "subscription", "params": {"channel": "book.BTC-PERPETUAL.none.20.100ms", "data": {"timestamp": 1763670352389, "change_id": 128138271518, "instrument_name": "BTC-PERPETUAL", "bids": [[86595.5, 553490.0], [86590.5, 2330.0], [86589.0, 7820.0], [86585.5, 6860.0], [86585.0, 21980.0], [86584.5, 12000.0], [86580.5, 490.0], [86580.0, 24780.0], [86579.5, 45000.0], [86578.5, 38000.0], [86577.0, 35220.0], [86574.0, 200.0], [86573.5, 15140.0], [86573.0, 440.0], [86572.5, 25000.0], [86571.0, 15050.0], [86570.0, 13620.0], [86569.5, 45520.0], [86568.0, 120.0], [86566.5, 37810.0]], "asks": [[86596.0, 89880.0], [86601.0, 49030.0], [86601.5, 100000.0], [86602.0, 49000.0], [86602.5, 24380.0], [86604.0, 24730.0], [86606.0, 11000.0], [86606.5, 45000.0], [86607.0, 9800.0], [86610.5, 35240.0], [86611.5, 11340.0], [86613.5, 38000.0], [86618.5, 110.0], [86619.5, 27820.0], [86620.0, 67420.0], [86620.5, 25770.0], [86621.0, 64050.0], [86621.5, 7530.0], [86622.0, 89990.0], [86623.0, 55620.0]]}}}
{"jsonrpc": "2.0", "method": "subscription", "params": {"channel": "book.BTC-PERPETUAL.none.20.100ms", "data": {"timestamp": 1763670352723, "change_id": 128138272198, "instrument_name": "BTC-PERPETUAL", "bids": [[86595.5, 553490.0], [86590.5, 2330.0], [86589.5, 10990.0], [86585.5, 6860.0], [86585.0, 10990.0], [86584.5, 12000.0], [86580.5, 490.0], [86580.0, 39580.0], [86579.5, 45000.0], [86578.5, 38000.0], [86578.0, 35220.0], [86575.0, 11550.0], [86574.0, 200.0], [86573.0, 440.0], [86572.5, 25000.0], [86571.0, 15050.0], [86570.0, 13620.0], [86569.5, 45520.0], [86568.0, 120.0], [86566.5, 37810.0]], "asks": [[86596.0, 52280.0], [86599.5, 5000.0], [86600.5, 13200.0], [86601.0, 43530.0], [86601.5, 100000.0], [86602.0, 38000.0], [86602.5, 13950.0], [86603.0, 500.0], [86603.5, 11000.0], [86604.0, 24730.0], [86607.0, 11000.0], [86607.5, 7760.0], [86611.5, 70290.0], [86612.0, 11420.0], [86612.5, 51000.0], [86613.0, 9240.0], [86613.5, 38000.0], [86614.0, 45000.0], [86618.5, 110.0], [86619.5, 27820.0]]}}}
{"jsonrpc": "2.0", "method": "subscription", "params": {"channel": "book.BTC-PERPETUAL.none.20.100ms", "data": {"timestamp": 1763670353042, "change_id": 128138272864, "instrument_name": "BTC-PERPETUAL", "bids": [[86595.5, 553490.0], [86586.5, 11480.0], [86586.0, 10420.0], [86585.5, 11420.0], [86585.0, 10990.0], [86584.5, 12000.0], [86581.0, 9230.0], [86580.5, 14230.0], [86580.0, 75770.0], [86579.5, 45000.0], [86578.5, 38000.0], [86575.0, 4680.0], [86574.0, 200.0], [86573.0, 440.0], [86571.0, 15050.0], [86570.5, 32010.0], [86570.0, 61580.0], [86569.5, 45520.0], [86568.0, 120.0], [86565.5, 20920.0]], "asks": [[86596.0, 52280.0], [86599.5, 5000.0], [86601.0, 43530.0], [86601.5, 100000.0], [86602.0, 38000.0], [86602.5, 23540.0], [86604.0, 24730.0], [86605.0, 37600.0], [86606.0, 500.0], [86606.5, 11000.0], [86609.5, 11000.0], [86610.5, 7460.0], [86611.0, 25000.0], [86611.5, 32690.0], [86612.0, 11420.0], [86613.5, 38000.0], [86614.0, 45000.0], [86618.5, 110.0], [86619.0, 35240.0], [86619.5, 27820.0]]}}}
{"jsonrpc": "2.0", "method": "subscription", "params": {"channel": "book.BTC-PERPETUAL.none.20.100ms", "data": {"timestamp": 1763670353360, "change_id": 128138273600, "instrument_name": "BTC-PERPETUAL", "bids": [[86595.5, 553490.0], [86587.5, 13700.0], [86587.0, 21980.0], [86586.0, 490.0], [86585.5, 11420.0], [86584.5, 12000.0], [86581.0, 9230.0], [86580.5, 14230.0], [86580.0, 75770.0], [86579.5, 45000.0], [86578.5, 38000.0], [86577.0, 120.0], [86576.5, 7480.0], [86575.0, 7390.0], [86574.0, 11280.0], [86573.0, 440.0], [86571.0, 15050.0], [86570.5, 32010.0], [86570.0, 61580.0], [86569.5, 45520.0]], "asks": [[86596.0, 42320.0], [86599.5, 5000.0], [86601.0, 43530.0], [86601.5, 100000.0], [86602.0, 38000.0], [86602.5, 23540.0], [86604.0, 24730.0], [86604.5, 500.0], [86605.0, 37600.0], [86608.0, 14030.0], [86608.5, 22000.0], [86610.5, 25000.0], [86611.5, 32690.0], [86612.0, 11420.0], [86613.5, 73240.0], [86618.5, 110.0], [86619.5, 27820.0], [86620.0, 67420.0], [86620.5, 25770.0], [86621.0, 40000.0]]}}}
{"jsonrpc": "2.0", "method": "subscription", "params": {"channel": "book.BTC-PERPETUAL.none.20.100ms", "data": {"timestamp": 1763670353716, "change_id": 128138274009, "instrument_name": "BTC-PERPETUAL", "bids": [[86595.5, 553490.0], [86587.5, 13700.0], [86587.0, 21980.0], [86586.5, 11420.0], [86585.0, 490.0], [86584.5, 12000.0], [86581.0, 9230.0], [86580.5, 14230.0], [86580.0, 75770.0], [86579.5, 45000.0], [86578.5, 38000.0], [86577.0, 120.0], [86575.0, 29050.0], [86574.0, 200.0], [86573.0, 440.0], [86571.0, 76630.0], [86570.0, 13590.0], [86569.5, 45520.0], [86565.5, 20920.0], [86565.0, 20070.0]], "asks": [[86596.0, 79920.0], [86600.5, 5000.0], [86601.0, 43530.0], [86601.5, 100000.0], [86602.0, 38000.0], [86602.5, 9590.0], [86604.0, 24730.0], [86604.5, 500.0], [86607.0, 6570.0], [86607.5, 11000.0], [86608.5, 11000.0], [86611.5, 27740.0], [86612.0, 11420.0], [86613.5, 38000.0], [86614.5, 35240.0], [86616.5, 25000.0], [86618.5, 110.0], [86619.5, 27820.0], [86620.0, 67420.0], [86620.5, 25770.0]]}}}
{"jsonrpc": "2.0", "method": "subscription", "params": {"channel": "book.BTC-PERPETUAL.none.20.100ms", "data": {"timestamp": 1763670354045, "change_id": 128138275098, "instrument_name": "BTC-PERPETUAL", "bids": [[86595.5, 585490.0], [86588.0, 490.0], [86587.5, 10120.0], [86587.0, 21980.0], [86586.5, 11420.0], [86585.0, 25990.0], [86583.0, 25000.0], [86581.0, 9230.0], [86580.0, 24780.0], [86579.5, 45000.0], [86578.5, 38000.0], [86577.0, 120.0], [86575.0, 29050.0], [86574.0, 200.0], [86573.0, 440.0], [86571.0, 76630.0], [86570.0, 13590.0], [86569.5, 45520.0], [86565.5, 20920.0], [86565.0, 15070.0]], "asks": [[86596.0, 14010.0], [86600.5, 5000.0], [86601.0, 43530.0], [86601.5, 100000.0], [86602.0, 38000.0], [86602.5, 9590.0], [86604.0, 24730.0], [86607.0, 17010.0], [86610.0, 37600.0], [86611.0, 11000.0], [86611.5, 27740.0], [86612.0, 11420.0], [86613.0, 11000.0], [86613.5, 38000.0], [86615.5, 25000.0], [86616.0, 18710.0], [86618.5, 110.0], [86619.5, 35240.0], [86620.0, 6930.0], [86620.5, 25770.0]]}}}
{"jsonrpc": "2.0", "method": "subscription", "params": {"channel": "book.BTC-PERPETUAL.none.20.100ms", "data": {"timestamp": 1763670354375, "change_id": 128138276456, "instrument_name": "BTC-PERPETUAL", "bids": [[86595.5, 553490.0], [86589.0, 12680.0], [86587.5, 12000.0], [86587.0, 10990.0], [86586.5, 11420.0], [86583.0, 3280.0], [86582.5, 10990.0], [86580.0, 34500.0], [86579.5, 70000.0], [86578.5, 38000.0], [86577.5, 8830.0], [86577.0, 120.0], [86575.5, 35220.0], [86575.0, 18830.0], [86574.0, 200.0], [86573.0, 440.0], [86571.0, 15050.0], [86569.5, 45520.0], [86565.5, 61580.0], [86565.0, 15070.0]], "asks": [[86596.0, 42790.0], [86600.5, 5000.0], [86601.0, 44030.0], [86601.5, 100000.0], [86602.0, 38000.0], [86602.5, 14360.0], [86603.0, 11000.0], [86603.5, 5000.0], [86604.0, 24730.0], [86606.5, 11000.0], [86607.0, 17550.0], [86609.0, 9240.0], [86609.5, 26000.0], [86610.0, 37600.0], [86611.5, 24970.0], [86612.0, 11420.0], [86613.5, 38000.0], [86616.0, 37550.0], [86618.5, 110.0], [86620.0, 6930.0]]}}}
{"jsonrpc": "2.0", "method": "subscription", "params": {"channel": "book.BTC-PERPETUAL.none.20.100ms", "data": {"timestamp": 1763670354705, "change_id": 128138276979, "instrument_name": "BTC-PERPETUAL", "bids": [[86595.5, 564480.0], [86590.0, 3280.0], [86589.5, 10990.0], [86589.0, 6840.0], [86587.5, 12000.0], [86587.0, 9230.0], [86586.5, 11420.0], [86584.5, 490.0], [86580.5, 25990.0], [86580.0, 34910.0], [86579.5, 45000.0], [86578.5, 63000.0], [86577.5, 8830.0], [86577.0, 120.0], [86575.5, 10300.0], [86575.0, 18830.0], [86574.0, 200.0], [86573.5, 61580.0], [86573.0, 440.0], [86571.0, 15050.0]], "asks": [[86596.0, 22780.0], [86600.5, 5000.0], [86601.0, 43530.0], [86601.5, 100000.0], [86602.0, 38000.0], [86602.5, 21550.0], [86603.5, 5000.0], [86604.0, 24730.0], [86605.0, 25000.0], [86607.0, 3580.0], [86610.5, 12000.0], [86611.5, 22890.0], [86613.5, 38000.0], [86615.0, 45000.0], [86616.0, 12550.0], [86618.5, 110.0], [86619.5, 9240.0], [86620.0, 6930.0], [86620.5, 25770.0], [86621.5, 7530.0]]}}}
{"jsonrpc": "2.0", "method": "subscription", "params": {"channel": "book.BTC-PERPETUAL.none.20.100ms", "data": {"timestamp": 1763670355031, "change_id": 128138277708, "instrument_name": "BTC-PERPETUAL", "bids": [[86595.5, 553490.0], [86589.0, 13700.0], [86588.0, 10990.0], [86587.5, 22990.0], [86587.0, 490.0], [86586.5, 11420.0], [86582.5, 10160.0], [86580.5, 35220.0], [86580.0, 24810.0], [86579.5, 45000.0], [86578.5, 38000.0], [86577.0, 120.0], [86574.0, 200.0], [86573.0, 25440.0], [86571.5, 61580.0], [86571.0, 15050.0], [86569.5, 45520.0], [86566.0, 5000.0], [86565.0, 15070.0], [86564.0, 50000.0]], "asks": [[86596.0, 14210.0], [86600.5, 5000.0], [86601.0, 43530.0], [86601.5, 100000.0], [86602.0, 38000.0], [86603.5, 5000.0], [86604.0, 24730.0], [86607.5, 500.0], [86608.0, 6150.0], [86611.0, 22000.0], [86611.5, 45790.0], [86613.5, 38000.0], [86614.5, 37600.0], [86615.0, 45000.0], [86616.0, 18710.0], [86618.5, 11530.0], [86619.5, 35240.0], [86620.0, 6930.0], [86620.5, 25770.0], [86621.5, 7530.0]]}}}
{"jsonrpc": "2.0", "method": "subscription", "params": {"channel": "book.BTC-PERPETUAL.none.20.100ms", "data": {"timestamp": 1763670355361, "change_id": 128138278419, "instrument_name": "BTC-PERPETUAL", "bids": [[86595.5, 565490.0], [86590.5, 6560.0], [86590.0, 10990.0], [86589.5, 10990.0], [86589.0, 3560.0], [86588.5, 490.0], [86586.5, 11420.0], [86584.0, 9230.0], [86583.5, 16630.0], [86583.0, 25990.0], [86581.0, 25000.0], [86580.0, 24810.0], [86579.5, 45000.0], [86578.5, 38000.0], [86577.0, 120.0], [86574.5, 61580.0], [86574.0, 200.0], [86573.0, 440.0], [86571.0, 15050.0], [86569.5, 45520.0]], "asks": [[86596.0, 14210.0], [86600.5, 5000.0], [86601.0, 43530.0], [86601.5, 100000.0], [86602.0, 38000.0], [86605.0, 22290.0], [86607.0, 500.0], [86607.5, 17790.0], [86608.0, 37600.0], [86610.5, 11000.0], [86611.0, 11000.0], [86611.5, 32370.0], [86613.5, 38000.0], [86615.0, 45000.0], [86616.0, 12550.0], [86618.0, 35240.0], [86618.5, 11530.0], [86620.0, 6930.0], [86620.5, 25770.0], [86621.5, 7530.0]]}}}
{"jsonrpc": "2.0", "method": "subscription", "params": {"channel": "book.BTC-PERPETUAL.none.20.100ms", "data": {"timestamp": 1763670355696, "change_id": 128138278909, "instrument_name": "BTC-PERPETUAL", "bids": [[86595.5, 600990.0], [86590.5, 6560.0], [86590.0, 10990.0], [86589.5, 10990.0], [86589.0, 10860.0], [86587.0, 490.0], [86585.0, 25990.0], [86584.5, 9860.0], [86584.0, 9230.0], [86583.0, 25000.0], [86580.0, 24810.0], [86579.5, 45000.0], [86578.5, 38000.0], [86577.0, 120.0], [86574.5, 61580.0], [86573.0, 440.0], [86571.0, 15050.0], [86570.0, 5000.0], [86569.5, 45520.0], [86565.0, 15070.0]], "asks": [[86596.0, 2010.0], [86600.5, 5000.0], [86601.5, 105000.0], [86605.0, 22290.0], [86607.0, 500.0], [86607.5, 9310.0], [86610.5, 11000.0], [86611.0, 23000.0], [86611.5, 32370.0], [86612.5, 25000.0], [86613.5, 38000.0], [86615.0, 45000.0], [86616.0, 22120.0], [86618.0, 35240.0], [86618.5, 110.0], [86620.0, 6930.0], [86620.5, 25770.0], [86621.5, 7530.0], [86622.5, 22570.0], [86623.0, 37600.0]]}}}
{"jsonrpc": "2.0", "method": "subscription", "params": {"channel": "book.BTC-PERPETUAL.none.20.100ms", "data": {"timestamp": 1763670356026, "change_id": 128138280233, "instrument_name": "BTC-PERPETUAL", "bids": [[86606.5, 104030.0], [86605.0, 35300.0], [86601.0, 10540.0], [86600.5, 35300.0], [86596.5, 10990.0], [86596.0, 182080.0], [86595.5, 497000.0], [86594.5, 11420.0], [86592.0, 10990.0], [86591.5, 13430.0], [86589.5, 45000.0], [86589.0, 11380.0], [86588.5, 38000.0], [86587.0, 120.0], [86584.0, 35220.0], [86583.5, 7460.0], [86581.0, 22600.0], [86579.5, 25000.0], [86578.5, 38000.0], [86578.0, 2620.0]], "asks": [[86607.0, 45780.0], [86607.5, 33430.0], [86608.0, 100000.0], [86609.0, 5000.0], [86612.5, 28910.0], [86613.0, 11000.0], [86613.5, 38000.0], [86616.0, 35350.0], [86616.5, 37600.0], [86617.5, 500.0], [86618.5, 45110.0], [86620.0, 35240.0], [86620.5, 24310.0], [86621.5, 7530.0], [86623.5, 38000.0], [86625.0, 15360.0], [86626.0, 25000.0], [86626.5, 11420.0], [86629.0, 15050.0], [86630.0, 11340.0]]}}}
{"jsonrpc": "2.0", "method": "subscription", "params": {"channel": "book.BTC-PERPETUAL.none.20.100ms", "data": {"timestamp": 1763670356353, "change_id": 128138281018, "instrument_name": "BTC-PERPETUAL", "bids": [[86606.5, 104030.0], [86605.0, 35300.0], [86601.0, 10540.0], [86600.5, 35300.0], [86596.5, 10990.0], [86596.0, 182080.0], [86595.5, 496500.0], [86595.0, 490.0], [86594.5, 11420.0], [86592.0, 10990.0], [86591.5, 13430.0], [86589.5, 45000.0], [86589.0, 20440.0], [86588.5, 38000.0], [86587.0, 120.0], [86586.0, 25000.0], [86585.0, 25990.0], [86584.5, 9230.0], [86583.5, 7460.0], [86581.0, 22600.0]], "asks": [[86607.0, 83580.0], [86607.5, 33430.0], [86608.0, 100000.0], [86609.0, 5000.0], [86612.5, 16590.0], [86613.0, 11000.0], [86613.5, 38000.0], [86615.5, 11500.0], [86616.0, 25120.0], [86618.5, 45110.0], [86619.5, 9240.0], [86620.0, 26000.0], [86620.5, 24310.0], [86621.5, 7530.0], [86623.5, 38000.0], [86625.0, 7900.0], [86626.5, 11420.0], [86629.0, 15050.0], [86630.0, 11340.0], [86633.0, 113000.0]]}}}
{"jsonrpc": "2.0", "method": "subscription", "params": {"channel": "book.BTC-PERPETUAL.none.20.100ms", "data": {"timestamp": 1763670356681, "change_id": 128138281403, "instrument_name": "BTC-PERPETUAL", "bids": [[86606.5, 104030.0], [86601.0, 10990.0], [86597.5, 10990.0], [86597.0, 490.0], [86596.0, 7290.0], [86595.5, 13000.0], [86594.5, 11420.0], [86592.5, 31410.0], [86592.0, 25990.0], [86590.0, 9230.0], [86589.5, 45000.0], [86589.0, 36380.0], [86588.5, 38000.0], [86587.0, 120.0], [86583.5, 7460.0], [86581.5, 61580.0], [86581.0, 22600.0], [86578.5, 38000.0], [86578.0, 2620.0], [86577.5, 19040.0]], "asks": [[86607.0, 65120.0], [86607.5, 31340.0], [86608.0, 100000.0], [86609.0, 5000.0], [86612.5, 11490.0], [86613.5, 38000.0], [86616.0, 9950.0], [86617.0, 500.0], [86618.5, 11110.0], [86619.5, 11000.0], [86620.5, 24310.0], [86621.5, 7530.0], [86623.5, 38000.0], [86625.0, 26960.0], [86625.5, 25000.0], [86626.0, 35240.0], [86626.5, 56420.0], [86629.0, 15050.0], [86630.0, 11340.0], [86633.0, 38000.0]]}}}
{"jsonrpc": "2.0", "method": "subscription", "params": {"channel": "book.BTC-PERPETUAL.none.20.100ms", "data": {"timestamp": 1763670357015, "change_id": 128138282113, "instrument_name": "BTC-PERPETUAL", "bids": [[86606.5, 104030.0], [86603.0, 3280.0], [86602.5, 14420.0], [86599.0, 490.0], [86598.5, 10990.0], [86596.0, 14120.0], [86595.5, 13000.0], [86595.0, 25990.0], [86594.5, 11420.0], [86592.5, 21190.0], [86591.0, 9230.0], [86589.5, 45000.0], [86589.0, 36380.0], [86588.5, 38000.0], [86587.0, 120.0], [86584.0, 61580.0], [86583.5, 7460.0], [86581.0, 22600.0], [86578.5, 38000.0], [86578.0, 2620.0]], "asks": [[86607.0, 31350.0], [86607.5, 31340.0], [86608.0, 100000.0], [86611.5, 22290.0], [86612.5, 21100.0], [86613.5, 38000.0], [86614.5, 37600.0], [86616.0, 6670.0], [86618.5, 110.0], [86619.0, 500.0], [86620.0, 22000.0], [86620.5, 24310.0], [86621.5, 7530.0], [86623.5, 38000.0], [86625.0, 39690.0], [86625.5, 26000.0], [86626.0, 9240.0], [86626.5, 11420.0], [86627.0, 45000.0], [86629.0, 49700.0]]}}}
{"jsonrpc": "2.0", "method": "subscription", "params": {"channel": "book.BTC-PERPETUAL.none.20.100ms", "data": {"timestamp": 1763670357344, "change_id": 128138282803, "instrument_name": "BTC-PERPETUAL", "bids": [[86606.5, 587730.0], [86602.5, 6270.0], [86600.0, 10990.0], [86599.5, 10990.0], [86599.0, 490.0], [86596.0, 16810.0], [86595.5, 12800.0], [86594.5, 11420.0], [86594.0, 25990.0], [86593.5, 13430.0], [86590.0, 9230.0], [86589.5, 45000.0], [86589.0, 17390.0], [86588.5, 38000.0], [86587.0, 120.0], [86584.5, 25000.0], [86584.0, 61580.0], [86583.5, 7460.0], [86581.0, 22600.0], [86578.5, 38000.0]], "asks": [[86607.0, 33170.0], [86607.5, 36340.0], [86608.0, 100000.0], [86610.5, 5000.0], [86612.5, 21100.0], [86613.5, 38000.0], [86614.5, 37600.0], [86616.0, 6670.0], [86618.5, 110.0], [86619.5, 22000.0], [86620.0, 500.0], [86620.5, 24310.0], [86621.5, 7530.0], [86623.5, 38000.0], [86625.0, 61200.0], [86625.5, 26000.0], [86626.0, 9240.0], [86626.5, 11420.0], [86627.0, 45000.0], [86627.5, 25000.0]]}}}
{"jsonrpc": "2.0", "method": "subscription", "params": {"channel": "book.BTC-PERPETUAL.none.20.100ms", "data": {"timestamp": 1763670357678, "change_id": 128138283288, "instrument_name": "BTC-PERPETUAL", "bids": [[86606.5, 564430.0], [86603.5, 3280.0], [86603.0, 11480.0], [86602.5, 6250.0], [86601.5, 11420.0], [86601.0, 10990.0], [86595.5, 15030.0], [86594.0, 50990.0], [86593.5, 13430.0], [86592.5, 9230.0], [86589.5, 45000.0], [86589.0, 11380.0], [86588.5, 38000.0], [86587.0, 120.0], [86584.0, 61580.0], [86583.5, 7460.0], [86581.0, 22600.0], [86579.5, 50000.0], [86578.5, 38000.0], [86578.0, 2620.0]], "asks": [[86607.0, 190.0], [86607.5, 5000.0], [86608.0, 100000.0], [86608.5, 10000.0], [86610.5, 5000.0], [86612.0, 18000.0], [86612.5, 22290.0], [86613.5, 38000.0], [86616.0, 6670.0], [86618.5, 110.0], [86619.5, 11000.0], [86620.5, 24310.0], [86621.0, 11000.0], [86621.5, 7530.0], [86623.0, 500.0], [86623.5, 38000.0], [86625.0, 61200.0], [86625.5, 26000.0], [86627.0, 54240.0], [86629.0, 49700.0]]}}}
{"jsonrpc": "2.0", "method": "subscription", "params": {"channel": "book.BTC-PERPETUAL.none.20.100ms", "data": {"timestamp": 1763670358005, "change_id": 128138284119, "instrument_name": "BTC-PERPETUAL", "bids": [[86607.0, 151280.0], [86606.5, 494490.0], [86605.0, 490.0], [86604.5, 3280.0], [86604.0, 10990.0], [86602.0, 3410.0], [86601.5, 11420.0], [86597.0, 30660.0], [86596.5, 45000.0], [86596.0, 25990.0], [86595.5, 800.0], [86593.5, 5750.0], [86593.0, 25000.0], [86589.0, 11380.0], [86588.5, 38000.0], [86587.0, 120.0], [86584.0, 61580.0], [86583.5, 7460.0], [86581.0, 22600.0], [86580.0, 38720.0]], "asks": [[86607.5, 10000.0], [86608.0, 117000.0], [86612.0, 11340.0], [86613.5, 43000.0], [86616.0, 3230.0], [86620.5, 29590.0], [86621.5, 7530.0], [86622.5, 11000.0], [86623.0, 500.0], [86623.5, 38000.0], [86625.0, 61200.0], [86626.0, 37600.0], [86626.5, 11000.0], [86627.0, 45000.0], [86628.5, 11420.0], [86629.0, 49700.0], [86629.5, 26000.0], [86630.0, 38920.0], [86631.0, 9240.0], [86631.5, 59650.0]]}}}
{"jsonrpc": "2.0", "method": "subscription", "params": {"channel": "book.BTC-PERPETUAL.none.20.100ms", "data": {"timestamp": 1763670358338, "change_id": 128138285004, "instrument_name": "BTC-PERPETUAL", "bids": [[86607.0, 139080.0], [86606.5, 483500.0], [86606.0, 6140.0], [86603.0, 11480.0], [86602.5, 10990.0], [86602.0, 6550.0], [86601.5, 11420.0], [86600.5, 12000.0], [86597.0, 21430.0], [86596.5, 45000.0], [86595.5, 800.0], [86595.0, 25990.0], [86590.0, 2760.0], [86589.5, 9230.0], [86589.0, 17390.0], [86588.5, 38000.0], [86587.0, 120.0], [86585.5, 25000.0], [86584.0, 61580.0], [86583.5, 7460.0]], "asks": [[86607.5, 35130.0], [86608.0, 100000.0], [86612.0, 11340.0], [86613.5, 43000.0], [86616.0, 16220.0], [86619.5, 11000.0], [86620.5, 74590.0], [86621.0, 11000.0], [86621.5, 7530.0], [86622.0, 500.0], [86623.5, 38000.0], [86625.0, 39690.0], [86625.5, 26000.0], [86626.0, 37600.0], [86627.5, 25000.0], [86628.0, 9240.0], [86628.5, 11420.0], [86629.0, 49700.0], [86630.0, 11340.0], [86631.5, 34650.0]]}}}
{"jsonrpc": "2.0", "method": "subscription", "params": {"channel": "book.BTC-PERPETUAL.none.20.100ms", "data": {"timestamp": 1763670358664, "change_id": 128138285315, "instrument_name": "BTC-PERPETUAL", "bids": [[86607.0, 151080.0], [86606.5, 483500.0], [86606.0, 6290.0], [86604.0, 10990.0], [86603.5, 490.0], [86603.0, 10990.0], [86602.5, 3410.0], [86601.5, 11420.0], [86597.5, 19680.0], [86596.5, 45000.0], [86596.0, 9230.0], [86595.5, 26790.0], [86593.0, 7460.0], [86592.5, 25000.0], [86589.0, 11380.0], [86588.5, 38000.0], [86587.0, 120.0], [86583.5, 7460.0], [86581.5, 61580.0], [86581.0, 22600.0]], "asks": [[86607.5, 32710.0], [86608.0, 100000.0], [86612.0, 11340.0], [86613.5, 43000.0], [86616.0, 29070.0], [86619.0, 22290.0], [86619.5, 37600.0], [86620.0, 11000.0], [86620.5, 74590.0], [86621.5, 7530.0], [86622.5, 11000.0], [86623.0, 500.0], [86623.5, 38000.0], [86625.0, 28760.0], [86627.0, 26000.0], [86628.0, 9240.0], [86628.5, 11420.0], [86629.0, 49700.0], [86630.0, 11340.0], [86631.5, 34650.0]]}}}
{"jsonrpc": "2.0", "method": "subscription", "params": {"channel": "book.BTC-PERPETUAL.none.20.100ms", "data": {"timestamp": 1763670358985, "change_id": 128138285836, "instrument_name": "BTC-PERPETUAL", "bids": [[86607.0, 151080.0], [86606.5, 483500.0], [86605.0, 6270.0], [86604.5, 10990.0], [86603.5, 10990.0], [86603.0, 490.0], [86602.5, 3410.0], [86601.5, 11420.0], [86597.5, 29130.0], [86596.5, 45320.0], [86596.0, 25990.0], [86595.5, 800.0], [86594.0, 9230.0], [86592.0, 7460.0], [86591.5, 25000.0], [86589.0, 28310.0], [86588.5, 38000.0], [86584.5, 61580.0], [86583.5, 7460.0], [86581.0, 22600.0]], "asks": [[86607.5, 27710.0], [86608.0, 100000.0], [86609.5, 1490.0], [86610.0, 5000.0], [86612.0, 11340.0], [86613.5, 38000.0], [86616.0, 29070.0], [86619.0, 22290.0], [86619.5, 37600.0], [86620.0, 11000.0], [86620.5, 74590.0], [86621.5, 7530.0], [86622.0, 500.0], [86622.5, 11000.0], [86623.5, 38000.0], [86625.0, 28760.0], [86625.5, 25000.0], [86627.0, 26000.0], [86628.0, 9240.0], [86628.5, 11420.0]]}}}
{"jsonrpc": "2.0", "method": "subscription", "params": {"channel": "book.BTC-PERPETUAL.none.20.100ms", "data": {"timestamp": 1763670359326, "change_id": 128138286510, "instrument_name": "BTC-PERPETUAL", "bids": [[86607.0, 116030.0], [86606.5, 483500.0], [86606.0, 6270.0], [86604.5, 21980.0], [86603.5, 490.0], [86602.5, 10730.0], [86601.5, 11420.0], [86598.0, 25990.0], [86597.5, 21520.0], [86596.5, 54550.0], [86595.5, 800.0], [86592.0, 7460.0], [86591.5, 25000.0], [86589.0, 28310.0], [86588.5, 38000.0], [86584.5, 61580.0], [86583.5, 7460.0], [86581.0, 22600.0], [86580.0, 43720.0], [86579.5, 50000.0]], "asks": [[86607.5, 22200.0], [86608.0, 100000.0], [86609.5, 1490.0], [86610.0, 5000.0], [86612.0, 11340.0], [86612.5, 5000.0], [86613.5, 38000.0], [86616.0, 29070.0], [86619.0, 22290.0], [86619.5, 37600.0], [86620.5, 74590.0], [86621.0, 11000.0], [86621.5, 7530.0], [86622.0, 500.0], [86623.5, 38000.0], [86624.5, 11000.0], [86625.0, 28760.0], [86628.0, 35240.0], [86628.5, 11420.0], [86629.0, 74700.0]]}}}
{"jsonrpc": "2.0", "method": "subscription", "params": {"channel": "book.BTC-PERPETUAL.none.20.100ms", "data": {"timestamp": 1763670359633, "change_id": 128138286778, "instrument_name": "BTC-PERPETUAL", "bids": [[86607.0, 127020.0], [86606.5, 483500.0], [86606.0, 3430.0], [86605.0, 490.0], [86603.5, 10990.0], [86602.5, 10730.0], [86601.5, 11420.0], [86598.0, 25990.0], [86597.5, 21520.0], [86596.5, 54550.0], [86595.5, 800.0], [86593.5, 7460.0], [86593.0, 25000.0], [86589.0, 28310.0], [86588.5, 38000.0], [86584.5, 61580.0], [86583.5, 7460.0], [86581.0, 22600.0], [86580.0, 43720.0], [86579.5, 50000.0]], "asks": [[86607.5, 22200.0], [86608.0, 100000.0], [86609.5, 1490.0], [86610.0, 5000.0], [86612.0, 11340.0], [86612.5, 5000.0], [86613.5, 38000.0], [86616.0, 29070.0], [86619.0, 22290.0], [86619.5, 37600.0], [86620.5, 74590.0], [86621.5, 7530.0], [86623.0, 22500.0], [86623.5, 38000.0], [86625.0, 28760.0], [86628.0, 26000.0], [86628.5, 11420.0], [86629.0, 49700.0], [86629.5, 9240.0], [86630.0, 11340.0]]}}}
{"jsonrpc": "2.0", "method": "subscription", "params": {"channel": "book.BTC-PERPETUAL.none.20.100ms", "data": {"timestamp": 1763670359990, "change_id": 128138287222, "instrument_name": "BTC-PERPETUAL", "bids": [[86607.0, 127020.0], [86606.5, 483500.0], [86606.0, 3430.0], [86603.0, 11480.0], [86602.5, 10730.0], [86601.5, 11420.0], [86598.0, 25990.0], [86597.5, 21520.0], [86596.5, 54550.0], [86595.5, 800.0], [86593.5, 7460.0], [86592.5, 25000.0], [86589.0, 28310.0], [86588.5, 38000.0], [86584.5, 61580.0], [86583.5, 7460.0], [86581.0, 22600.0], [86580.0, 64070.0], [86579.5, 50000.0], [86578.5, 38000.0]], "asks": [[86607.5, 22200.0], [86608.0, 100000.0], [86609.5, 1490.0], [86611.5, 5000.0], [86612.0, 11340.0], [86612.5, 5000.0], [86613.5, 38000.0], [86616.0, 29070.0], [86619.0, 22290.0], [86619.5, 37600.0], [86620.5, 74590.0], [86621.5, 7530.0], [86622.0, 11000.0], [86623.0, 11500.0], [86623.5, 38000.0], [86625.0, 28760.0], [86628.0, 26000.0], [86628.5, 11420.0], [86629.0, 49700.0], [86629.5, 9240.0]]}}}
{"jsonrpc": "2.0", "method": "subscription", "params": {"channel": "book.BTC-PERPETUAL.none.20.100ms", "data": {"timestamp": 1763670360318, "change_id": 128138287876, "instrument_name": "BTC-PERPETUAL", "bids": [[86607.0, 116030.0], [86606.5, 483500.0], [86606.0, 6270.0], [86604.0, 11480.0], [86603.5, 10990.0], [86602.5, 3410.0], [86601.5, 11420.0], [86597.5, 21520.0], [86596.5, 45320.0], [86596.0, 25990.0], [86595.5, 800.0], [86594.0, 9230.0], [86593.5, 7460.0], [86591.0, 25000.0], [86589.0, 28310.0], [86588.5, 38000.0], [86584.5, 61580.0], [86583.5, 7460.0], [86581.0, 22600.0], [86580.0, 43720.0]], "asks": [[86607.5, 32640.0], [86608.0, 100000.0], [86609.5, 1490.0], [86611.5, 5000.0], [86612.0, 11340.0], [86612.5, 5000.0], [86613.5, 38000.0], [86616.0, 29070.0], [86619.0, 22290.0], [86619.5, 37600.0], [86620.0, 11000.0], [86620.5, 74590.0], [86621.0, 11000.0], [86621.5, 7530.0], [86623.0, 500.0], [86623.5, 38000.0], [86625.0, 28760.0], [86627.5, 9240.0], [86628.0, 51000.0], [86628.5, 11420.0]]}}}
{"jsonrpc": "2.0", "method": "subscription", "params": {"channel": "book.BTC-PERPETUAL.none.20.100ms", "data": {"timestamp": 1763670360650, "change_id": 128138288199, "instrument_name": "BTC-PERPETUAL", "bids": [[86607.0, 116030.0], [86606.5, 483500.0], [86606.0, 3430.0], [86603.5, 490.0], [86603.0, 10990.0], [86602.5, 6250.0], [86602.0, 10990.0], [86601.5, 11420.0], [86597.5, 21520.0], [86596.5, 45320.0], [86595.5, 800.0], [86594.0, 35220.0], [86593.5, 9860.0], [86590.0, 25000.0], [86589.0, 11380.0], [86588.5, 38000.0], [86584.0, 61580.0], [86583.5, 7460.0], [86581.0, 22600.0], [86580.0, 43720.0]], "asks": [[86607.5, 29890.0], [86608.0, 100000.0], [86609.5, 1490.0], [86611.5, 5000.0], [86612.0, 11340.0], [86612.5, 5000.0], [86613.5, 38000.0], [86616.0, 29070.0], [86618.5, 11000.0], [86619.0, 22290.0], [86619.5, 48600.0], [86620.5, 69310.0], [86621.5, 7530.0], [86623.0, 500.0], [86623.5, 38000.0], [86625.0, 21000.0], [86627.0, 26000.0], [86627.5, 9240.0], [86628.5, 11420.0], [86629.0, 15050.0]]}}}
{"jsonrpc": "2.0", "method": "subscription", "params": {"channel": "book.BTC-PERPETUAL.none.20.100ms", "data": {"timestamp": 1763670360977, "change_id": 128138288743, "instrument_name": "BTC-PERPETUAL", "bids": [[86607.0, 116060.0], [86606.5, 483500.0], [86606.0, 3430.0], [86603.5, 490.0], [86603.0, 10990.0], [86602.5, 6250.0], [86601.5, 11420.0], [86598.0, 10990.0], [86597.5, 21520.0], [86596.5, 45320.0], [86595.5, 800.0], [86594.0, 25990.0], [86593.5, 9860.0], [86592.0, 25000.0], [86590.5, 9230.0], [86589.0, 11380.0], [86588.5, 38000.0], [86584.5, 26620.0], [86581.5, 61580.0], [86581.0, 22600.0]], "asks": [[86607.5, 29890.0], [86608.0, 100000.0], [86609.5, 1490.0], [86610.5, 5000.0], [86612.0, 11340.0], [86612.5, 5000.0], [86613.5, 38000.0], [86616.0, 29070.0], [86618.5, 11000.0], [86619.0, 22290.0], [86619.5, 37600.0], [86620.5, 75480.0], [86621.0, 11000.0], [86621.5, 7530.0], [86623.0, 500.0], [86623.5, 38000.0], [86625.0, 23700.0], [86627.0, 51000.0], [86627.5, 9240.0], [86628.5, 11420.0]]}}}
{"jsonrpc": "2.0", "method": "subscription", "params": {"channel": "book.BTC-PERPETUAL.none.20.100ms", "data": {"timestamp": 1763670361309, "change_id": 128138289490, "instrument_name": "BTC-PERPETUAL", "bids": [[86607.0, 104060.0], [86606.5, 483500.0], [86605.5, 6710.0], [86605.0, 21980.0], [86603.0, 490.0], [86602.5, 6860.0], [86600.5, 11420.0], [86600.0, 12000.0], [86597.5, 8090.0], [86597.0, 25990.0], [86596.5, 320.0], [86596.0, 9230.0], [86595.5, 800.0], [86593.5, 15830.0], [86590.5, 45000.0], [86589.0, 34970.0], [86588.5, 63000.0], [86585.0, 61580.0], [86581.0, 22600.0], [86580.0, 38720.0]], "asks": [[86607.5, 22200.0], [86608.0, 100000.0], [86610.0, 1490.0], [86610.5, 5000.0], [86612.0, 11340.0], [86613.5, 38000.0], [86616.0, 21080.0], [86619.0, 22290.0], [86619.5, 37600.0], [86620.5, 30480.0], [86621.5, 7530.0], [86622.5, 22000.0], [86623.5, 38000.0], [86624.5, 500.0], [86625.0, 26830.0], [86628.0, 71000.0], [86628.5, 11420.0], [86629.0, 24290.0], [86629.5, 27950.0], [86630.0, 55640.0]]}}}
{"jsonrpc": "2.0", "method": "subscription", "params": {"channel": "book.BTC-PERPETUAL.none.20.100ms", "data": {"timestamp": 1763670361643, "change_id": 128138289908, "instrument_name": "BTC-PERPETUAL", "bids": [[86607.0, 41900.0], [86606.5, 483500.0], [86603.0, 10000.0], [86601.5, 6710.0], [86601.0, 490.0], [86598.5, 21980.0], [86598.0, 3920.0], [86597.5, 12000.0], [86596.5, 320.0], [86595.5, 800.0], [86591.5, 7400.0], [86591.0, 35220.0], [86584.0, 5000.0], [86583.5, 45000.0], [86581.5, 86570.0], [86581.0, 22600.0], [86579.5, 50000.0], [86578.5, 38000.0], [86578.0, 2620.0], [86576.0, 15070.0]], "asks": [[86607.5, 46700.0], [86608.0, 100000.0], [86610.0, 1490.0], [86610.5, 5000.0], [86612.0, 11340.0], [86613.5, 38000.0], [86614.0, 5000.0], [86616.0, 35100.0], [86619.0, 33790.0], [86619.5, 37600.0], [86620.0, 11000.0], [86620.5, 75480.0], [86621.5, 7530.0], [86623.5, 38000.0], [86624.5, 35240.0], [86625.0, 16760.0], [86627.5, 25000.0], [86628.5, 11420.0], [86629.0, 15050.0], [86629.5, 27950.0]]}}}
{"jsonrpc": "2.0", "method": "subscription", "params": {"channel": "book.BTC-PERPETUAL.none.20.100ms", "data": {"timestamp": 1763670361972, "change_id": 128138290894, "instrument_name": "BTC-PERPETUAL", "bids": [[86607.0, 23100.0], [86606.5, 483500.0], [86595.5, 800.0], [86593.0, 10990.0], [86592.5, 8600.0], [86591.0, 18800.0], [86590.0, 11420.0], [86586.0, 3550.0], [86585.5, 10990.0], [86584.5, 26630.0], [86583.5, 12000.0], [86582.0, 35220.0], [86581.0, 22600.0], [86579.5, 25000.0], [86578.5, 38000.0], [86576.0, 60070.0], [86573.0, 5440.0], [86571.5, 61570.0], [86571.0, 15050.0], [86569.5, 38000.0]], "asks": [[86607.5, 86760.0], [86608.0, 100000.0], [86608.5, 1640.0], [86609.0, 5000.0], [86612.0, 19300.0], [86613.0, 26000.0], [86613.5, 49000.0], [86614.0, 5000.0], [86615.0, 9240.0], [86616.0, 21080.0], [86619.0, 22290.0], [86619.5, 25000.0], [86620.5, 80180.0], [86621.0, 11420.0], [86621.5, 7530.0], [86623.5, 38000.0], [86624.5, 40010.0], [86625.0, 14260.0], [86629.0, 15050.0], [86629.5, 84300.0]]}}}
{"jsonrpc": "2.0", "method": "subscription", "params": {"channel": "book.BTC-PERPETUAL.none.20.100ms", "data": {"timestamp": 1763670362305, "change_id": 128138291622, "instrument_name": "BTC-PERPETUAL", "bids": [[86607.0, 23100.0], [86606.5, 483500.0], [86596.5, 10000.0], [86595.5, 800.0], [86593.5, 15580.0], [86593.0, 10990.0], [86591.0, 18800.0], [86590.0, 11420.0], [86587.0, 10990.0], [86586.5, 490.0], [86586.0, 3550.0], [86584.5, 26140.0], [86583.5, 12000.0], [86582.5, 25000.0], [86581.5, 25990.0], [86581.0, 22600.0], [86579.0, 9230.0], [86578.5, 38000.0], [86576.0, 60070.0], [86573.0, 440.0]], "asks": [[86607.5, 89390.0], [86608.0, 100000.0], [86608.5, 4570.0], [86609.0, 5000.0], [86611.5, 11000.0], [86612.0, 27580.0], [86613.0, 35240.0], [86613.5, 38000.0], [86614.0, 5000.0], [86616.0, 57500.0], [86619.0, 22290.0], [86620.5, 69310.0], [86621.5, 7530.0], [86623.5, 38000.0], [86625.0, 24880.0], [86628.5, 40010.0], [86629.0, 15050.0], [86629.5, 62600.0], [86630.0, 50000.0], [86631.0, 34650.0]]}}}
{"jsonrpc": "2.0", "method": "subscription", "params": {"channel": "book.BTC-PERPETUAL.none.20.100ms", "data": {"timestamp": 1763670362629, "change_id": 128138291855, "instrument_name": "BTC-PERPETUAL", "bids": [[86607.0, 23100.0], [86606.5, 483500.0], [86595.5, 800.0], [86594.0, 10990.0], [86593.5, 15580.0], [86591.0, 18800.0], [86590.0, 11420.0], [86589.5, 12000.0], [86588.0, 490.0], [86587.5, 3460.0], [86586.0, 120.0], [86585.0, 10990.0], [86584.5, 16960.0], [86581.0, 47600.0], [86579.5, 25990.0], [86578.5, 38000.0], [86576.5, 9230.0], [86576.0, 60070.0], [86573.0, 440.0], [86572.0, 5000.0]], "asks": [[86607.5, 126870.0], [86608.0, 115300.0], [86609.0, 5000.0], [86610.5, 26000.0], [86611.0, 9240.0], [86611.5, 33210.0], [86612.0, 25000.0], [86613.5, 38000.0], [86616.0, 32500.0], [86619.0, 22290.0], [86620.5, 69310.0], [86621.5, 7530.0], [86623.5, 38000.0], [86625.0, 40210.0], [86627.0, 55640.0], [86628.5, 40010.0], [86629.0, 15050.0], [86629.5, 62600.0], [86630.0, 50000.0], [86631.0, 34650.0]]}}}
{"jsonrpc": "2.0", "method": "subscription", "params": {"channel": "book.BTC-PERPETUAL.none.20.100ms", "data": {"timestamp": 1763670362964, "change_id": 128138292613, "instrument_name": "BTC-PERPETUAL", "bids": [[86607.0, 30.0], [86606.5, 483500.0], [86595.5, 800.0], [86591.0, 18800.0], [86584.5, 11420.0], [86582.5, 12000.0], [86581.0, 22600.0], [86580.5, 25000.0], [86580.0, 490.0], [86579.5, 18600.0], [86576.0, 15190.0], [86574.0, 7900.0], [86573.5, 10990.0], [86573.0, 440.0], [86571.0, 15050.0], [86570.0, 24780.0], [86569.5, 38000.0], [86568.0, 45000.0], [86566.5, 35220.0], [86565.5, 90150.0]], "asks": [[86607.5, 223670.0], [86608.0, 100000.0], [86611.5, 14750.0], [86613.5, 38000.0], [86616.0, 21080.0], [86620.5, 69310.0], [86621.5, 7530.0], [86623.5, 38000.0], [86625.0, 40210.0], [86627.0, 55640.0], [86629.0, 15050.0], [86629.5, 62600.0], [86630.0, 50000.0], [86631.0, 34650.0], [86633.0, 38000.0], [86633.5, 6520.0], [86635.0, 57240.0], [86635.5, 192300.0], [86637.5, 15050.0], [86639.0, 30690.0]]}}}
{"jsonrpc": "2.0", "method": "subscription", "params": {"channel": "book.BTC-PERPETUAL.none.20.100ms", "data": {"timestamp": 1763670363296, "change_id": 128138293697, "instrument_name": "BTC-PERPETUAL", "bids": [[86606.5, 483500.0], [86595.5, 800.0], [86583.5, 10060.0], [86583.0, 15170.0], [86581.0, 7530.0], [86580.0, 10990.0], [86579.5, 15370.0], [86579.0, 25000.0], [86576.5, 22900.0], [86576.0, 15070.0], [86574.0, 7760.0], [86573.0, 440.0], [86572.5, 12000.0], [86571.0, 15050.0], [86570.0, 24780.0], [86569.5, 38000.0], [86568.5, 25990.0], [86568.0, 45000.0], [86566.5, 9350.0], [86566.0, 31440.0]], "asks": [[86607.0, 128780.0], [86607.5, 245750.0], [86608.0, 103410.0], [86608.5, 11420.0], [86609.0, 25000.0], [86611.5, 14750.0], [86613.5, 38000.0], [86616.0, 40810.0], [86617.5, 50000.0], [86620.0, 40010.0], [86620.5, 69310.0], [86621.5, 7530.0], [86623.5, 38000.0], [86625.0, 14840.0], [86629.0, 15050.0], [86629.5, 62600.0], [86630.5, 38200.0], [86631.0, 34650.0], [86633.0, 38000.0], [86633.5, 6520.0]]}}}
{"jsonrpc": "2.0", "method": "subscription", "params": {"channel": "book.BTC-PERPETUAL.none.20.100ms", "data": {"timestamp": 1763670363626, "change_id": 128138294037, "instrument_name": "BTC-PERPETUAL", "bids": [[86606.5, 483500.0], [86595.5, 800.0], [86593.5, 10000.0], [86583.5, 46440.0], [86583.0, 15170.0], [86581.5, 25000.0], [86581.0, 7530.0], [86580.0, 26250.0], [86578.0, 12000.0], [86576.5, 11420.0], [86576.0, 15070.0], [86574.0, 14970.0], [86573.0, 440.0], [86571.5, 25990.0], [86571.0, 15050.0], [86570.0, 34010.0], [86569.5, 38000.0], [86568.0, 45000.0], [86566.5, 120.0], [86566.0, 31440.0]], "asks": [[86607.0, 288110.0], [86607.5, 80380.0], [86608.0, 100000.0], [86608.5, 18350.0], [86609.0, 25000.0], [86611.5, 14750.0], [86613.5, 38000.0], [86616.0, 40810.0], [86617.5, 50000.0], [86620.0, 40010.0], [86620.5, 69310.0], [86621.5, 7530.0], [86623.5, 38000.0], [86625.0, 4490.0], [86629.0, 15050.0], [86629.5, 27950.0], [86630.5, 38200.0], [86633.0, 38000.0], [86633.5, 6520.0], [86635.0, 57240.0]]}}}
{"jsonrpc": "2.0", "method": "subscription", "params": {"channel": "book.BTC-PERPETUAL.none.20.100ms", "data": {"timestamp": 1763670363956, "change_id": 128138294704, "instrument_name": "BTC-PERPETUAL", "bids": [[86606.5, 483400.0], [86595.5, 800.0], [86592.0, 10000.0], [86584.0, 26560.0], [86583.5, 18800.0], [86583.0, 15170.0], [86581.5, 10990.0], [86581.0, 32530.0], [86580.5, 490.0], [86580.0, 14770.0], [86578.0, 12000.0], [86576.5, 22410.0], [86576.0, 15070.0], [86575.0, 4620.0], [86573.0, 440.0], [86571.0, 15050.0], [86570.5, 25990.0], [86570.0, 24780.0], [86569.5, 38000.0], [86568.5, 9230.0]], "asks": [[86607.0, 272980.0], [86607.5, 73470.0], [86608.0, 100000.0], [86608.5, 18350.0], [86610.5, 25000.0], [86611.5, 14750.0], [86613.5, 38000.0], [86616.0, 64780.0], [86617.5, 138770.0], [86619.0, 40010.0], [86620.5, 69310.0], [86621.5, 7530.0], [86623.5, 38000.0], [86625.0, 4490.0], [86629.0, 15050.0], [86629.5, 27950.0], [86630.5, 38200.0], [86633.0, 38000.0], [86633.5, 6520.0], [86635.0, 57240.0]]}}}
{"jsonrpc": "2.0", "method": "subscription", "params": {"channel": "book.BTC-PERPETUAL.none.20.100ms", "data": {"timestamp": 1763670364287, "change_id": 128138295356, "instrument_name": "BTC-PERPETUAL", "bids": [[86606.5, 483500.0], [86595.5, 800.0], [86584.0, 37550.0], [86583.5, 18800.0], [86583.0, 26590.0], [86582.5, 25000.0], [86582.0, 490.0], [86581.5, 10990.0], [86581.0, 7530.0], [86580.0, 14810.0], [86578.0, 12000.0], [86576.0, 41060.0], [86573.0, 440.0], [86572.0, 7250.0], [86571.5, 9230.0], [86571.0, 15050.0], [86569.5, 38000.0], [86566.5, 120.0], [86566.0, 31440.0], [86565.5, 90150.0]], "asks": [[86607.0, 249140.0], [86607.5, 73100.0], [86608.0, 100000.0], [86608.5, 18350.0], [86611.5, 25420.0], [86613.5, 63000.0], [86615.5, 28470.0], [86616.0, 43130.0], [86617.5, 88770.0], [86618.0, 50000.0], [86620.5, 84180.0], [86621.0, 40010.0], [86621.5, 7530.0], [86623.5, 38000.0], [86624.0, 55650.0], [86625.0, 4490.0], [86629.0, 15050.0], [86629.5, 27950.0], [86630.5, 38200.0], [86633.0, 38000.0]]}}}
{"jsonrpc": "2.0", "method": "subscription", "params": {"channel": "book.BTC-PERPETUAL.none.20.100ms", "data": {"timestamp": 1763670364613, "change_id": 128138295682, "instrument_name": "BTC-PERPETUAL", "bids": [[86606.5, 483500.0], [86595.5, 800.0], [86591.5, 18800.0], [86584.0, 48540.0], [86583.5, 12490.0], [86583.0, 26590.0], [86582.0, 25000.0], [86581.0, 7530.0], [86580.0, 14810.0], [86576.0, 15070.0], [86575.5, 35220.0], [86575.0, 20810.0], [86574.5, 45000.0], [86573.0, 440.0], [86571.0, 15050.0], [86569.5, 38000.0], [86566.5, 61690.0], [86566.0, 31440.0], [86565.5, 90150.0], [86565.0, 15070.0]], "asks": [[86607.0, 273550.0], [86607.5, 73100.0], [86608.0, 100000.0], [86608.5, 18350.0], [86611.5, 25420.0], [86613.5, 38000.0], [86615.5, 28470.0], [86616.0, 77770.0], [86617.5, 88770.0], [86620.5, 84180.0], [86621.5, 7530.0], [86623.0, 40010.0], [86623.5, 38000.0], [86625.0, 18840.0], [86626.5, 50000.0], [86629.0, 15050.0], [86629.5, 27950.0], [86630.5, 38200.0], [86633.0, 38000.0], [86633.5, 6520.0]]}}}
{"jsonrpc": "2.0", "method": "subscription", "params": {"channel": "book.BTC-PERPETUAL.none.20.100ms", "data": {"timestamp": 1763670364944, "change_id": 128138296274, "instrument_name": "BTC-PERPETUAL", "bids": [[86606.5, 500810.0], [86598.5, 10000.0], [86595.5, 800.0], [86591.5, 18800.0], [86584.0, 61000.0], [86583.5, 12000.0], [86583.0, 26590.0], [86581.5, 45000.0], [86581.0, 32530.0], [86580.5, 490.0], [86580.0, 13980.0], [86576.5, 25990.0], [86576.0, 15070.0], [86575.5, 9230.0], [86573.0, 440.0], [86571.5, 4490.0], [86571.0, 15050.0], [86569.5, 38000.0], [86566.5, 61690.0], [86566.0, 31440.0]], "asks": [[86607.0, 239500.0], [86607.5, 98970.0], [86608.0, 100000.0], [86608.5, 18350.0], [86611.0, 9240.0], [86611.5, 25420.0], [86613.5, 38000.0], [86615.5, 28470.0], [86616.0, 99120.0], [86617.5, 138770.0], [86620.0, 40010.0], [86620.5, 69310.0], [86621.5, 7530.0], [86623.5, 38000.0], [86625.0, 4490.0], [86629.0, 15050.0], [86629.5, 27950.0], [86630.5, 38200.0], [86633.0, 38000.0], [86633.5, 6520.0]]}}}
{"jsonrpc": "2.0", "method": "subscription", "params": {"channel": "book.BTC-PERPETUAL.none.20.100ms", "data": {"timestamp": 1763670365278, "change_id": 128138296856, "instrument_name": "BTC-PERPETUAL", "bids": [[86606.5, 500810.0], [86595.5, 800.0], [86584.5, 29970.0], [86584.0, 21980.0], [86583.0, 26590.0], [86582.5, 19290.0], [86582.0, 25000.0], [86581.0, 7530.0], [86580.0, 13980.0], [86577.0, 9230.0], [86576.5, 37990.0], [86576.0, 15070.0], [86573.0, 18360.0], [86572.5, 45000.0], [86571.0, 15050.0], [86569.5, 38000.0], [86566.5, 61690.0], [86566.0, 31440.0], [86565.5, 90150.0], [86565.0, 15070.0]], "asks": [[86607.0, 239230.0], [86607.5, 72970.0], [86608.0, 100000.0], [86608.5, 18350.0], [86610.0, 9240.0], [86610.5, 26000.0], [86611.5, 25420.0], [86613.5, 38000.0], [86615.5, 28470.0], [86616.0, 99120.0], [86617.5, 88770.0], [86619.5, 50000.0], [86620.5, 79520.0], [86621.0, 40010.0], [86621.5, 7530.0], [86623.5, 38000.0], [86625.0, 4490.0], [86629.0, 15050.0], [86629.5, 27950.0], [86630.5, 38200.0]]}}}
{"jsonrpc": "2.0", "method": "subscription", "params": {"channel": "book.BTC-PERPETUAL.none.20.100ms", "data": {"timestamp": 1763670365603, "change_id": 128138297095, "instrument_name": "BTC-PERPETUAL", "bids": [[86606.5, 500810.0], [86595.5, 800.0], [86584.5, 29970.0], [86584.0, 10990.0], [86583.5, 10990.0], [86583.0, 26590.0], [86582.5, 18800.0], [86581.5, 25490.0], [86581.0, 7530.0], [86580.0, 13980.0], [86577.0, 25990.0], [86576.5, 12000.0], [86576.0, 15070.0], [86573.5, 9230.0], [86573.0, 18360.0], [86572.5, 45000.0], [86571.0, 15050.0], [86569.5, 38000.0], [86566.5, 61690.0], [86566.0, 31440.0]], "asks": [[86607.0, 286170.0], [86607.5, 72970.0], [86608.0, 100000.0], [86608.5, 18350.0], [86611.5, 25420.0], [86613.5, 38000.0], [86615.5, 28470.0], [86616.0, 99120.0], [86617.5, 88770.0], [86619.5, 50000.0], [86620.0, 40010.0], [86620.5, 69310.0], [86621.5, 7530.0], [86623.5, 38000.0], [86625.0, 4490.0], [86629.0, 15050.0], [86629.5, 27950.0], [86630.5, 38200.0], [86633.0, 38000.0], [86633.5, 6520.0]]}}}
{"jsonrpc": "2.0", "method": "subscription", "params": {"channel": "book.BTC-PERPETUAL.none.20.100ms", "data": {"timestamp": 1763670365935, "change_id": 128138297718, "instrument_name": "BTC-PERPETUAL", "bids": [[86606.5, 500810.0], [86595.5, 800.0], [86586.0, 3280.0], [86585.5, 10990.0], [86584.5, 15810.0], [86583.0, 15170.0], [86582.5, 30220.0], [86582.0, 10990.0], [86581.5, 490.0], [86581.0, 7530.0], [86580.0, 14510.0], [86579.5, 25000.0], [86576.5, 12000.0], [86576.0, 15070.0], [86574.5, 28570.0], [86574.0, 25990.0], [86573.5, 9230.0], [86573.0, 440.0], [86572.5, 45000.0], [86571.0, 15050.0]], "asks": [[86607.0, 285990.0], [86607.5, 71910.0], [86608.0, 100000.0], [86608.5, 18350.0], [86611.5, 25420.0], [86613.5, 38000.0], [86615.5, 28470.0], [86616.0, 99120.0], [86617.5, 88770.0], [86619.5, 50000.0], [86620.0, 40010.0], [86620.5, 55720.0], [86621.5, 7530.0], [86623.0, 27950.0], [86623.5, 38000.0], [86624.0, 55650.0], [86625.0, 4490.0], [86629.0, 15050.0], [86629.5, 27950.0], [86630.5, 38200.0]]}}}
{"jsonrpc": "2.0", "method": "subscription", "params": {"channel": "book.BTC-PERPETUAL.none.20.100ms", "data": {"timestamp": 1763670366265, "change_id": 128138298282, "instrument_name": "BTC-PERPETUAL", "bids": [[86606.5, 500810.0], [86595.5, 800.0], [86585.5, 3280.0], [86585.0, 10990.0], [86584.5, 27950.0], [86583.0, 15170.0], [86582.5, 30710.0], [86582.0, 10990.0], [86581.5, 25000.0], [86581.0, 7530.0], [86580.0, 8080.0], [86576.5, 12000.0], [86576.0, 15070.0], [86575.0, 25990.0], [86574.5, 20810.0], [86573.5, 9230.0], [86573.0, 440.0], [86572.5, 45000.0], [86571.0, 15050.0], [86569.5, 38000.0]], "asks": [[86607.0, 281760.0], [86607.5, 71910.0], [86608.0, 100000.0], [86608.5, 18350.0], [86611.5, 25420.0], [86613.5, 38000.0], [86615.5, 28470.0], [86616.0, 77770.0], [86617.5, 88770.0], [86619.0, 50000.0], [86620.5, 55720.0], [86621.0, 40010.0], [86621.5, 7530.0], [86623.0, 27950.0], [86623.5, 38000.0], [86624.0, 55650.0], [86625.0, 4490.0], [86629.0, 15050.0], [86629.5, 27950.0], [86630.5, 38200.0]]}}}
{"jsonrpc": "2.0", "method": "subscription", "params": {"channel": "book.BTC-PERPETUAL.none.20.100ms", "data": {"timestamp": 1763670366601, "change_id": 128138298559, "instrument_name": "BTC-PERPETUAL", "bids": [[86606.5, 500810.0], [86595.5, 800.0], [86591.0, 18800.0], [86587.0, 6560.0], [86586.5, 10990.0], [86585.5, 10990.0], [86584.5, 27350.0], [86583.5, 490.0], [86583.0, 15170.0], [86582.5, 56420.0], [86582.0, 12000.0], [86581.0, 7530.0], [86580.0, 40710.0], [86579.5, 25000.0], [86576.5, 9230.0], [86576.0, 15070.0], [86573.0, 440.0], [86571.0, 15050.0], [86569.5, 38000.0], [86566.5, 61690.0]], "asks": [[86607.0, 237730.0], [86607.5, 71910.0], [86608.0, 100000.0], [86608.5, 18350.0], [86611.0, 35240.0], [86611.5, 25420.0], [86613.5, 38000.0], [86615.5, 28470.0], [86616.0, 77770.0], [86617.5, 88770.0], [86620.5, 55720.0], [86621.5, 57530.0], [86622.5, 39900.0], [86623.0, 40010.0], [86623.5, 38000.0], [86624.0, 55650.0], [86625.0, 4490.0], [86629.0, 15050.0], [86629.5, 27950.0], [86630.5, 38200.0]]}}}
{"jsonrpc": "2.0", "method": "subscription", "params": {"channel": "book.BTC-PERPETUAL.none.20.100ms", "data": {"timestamp": 1763670366928, "change_id": 128138299039, "instrument_name": "BTC-PERPETUAL", "bids": [[86606.5, 500810.0], [86595.5, 800.0], [86591.0, 18800.0], [86588.5, 6560.0], [86588.0, 10990.0], [86585.0, 10990.0], [86584.5, 27350.0], [86583.5, 490.0], [86583.0, 15170.0], [86582.5, 56420.0], [86582.0, 12000.0], [86581.0, 7530.0], [86580.0, 40710.0], [86579.5, 25000.0], [86576.5, 9230.0], [86576.0, 15070.0], [86573.0, 440.0], [86571.0, 15050.0], [86570.0, 29760.0], [86569.5, 38000.0]], "asks": [[86607.0, 237770.0], [86607.5, 71910.0], [86608.0, 100000.0], [86608.5, 18350.0], [86611.0, 35240.0], [86611.5, 25420.0], [86613.5, 38000.0], [86615.5, 28470.0], [86616.0, 77770.0], [86617.5, 88770.0], [86620.5, 55720.0], [86621.5, 57530.0], [86622.5, 39900.0], [86623.0, 40010.0], [86623.5, 38000.0], [86624.0, 55650.0], [86625.0, 4490.0], [86629.0, 15050.0], [86629.5, 27950.0], [86630.5, 38200.0]]}}}
{"jsonrpc": "2.0", "method": "subscription", "params": {"channel": "book.BTC-PERPETUAL.none.20.100ms", "data": {"timestamp": 1763670367260, "change_id": 128138299737, "instrument_name": "BTC-PERPETUAL", "bids": [[86606.5, 500810.0], [86595.5, 800.0], [86591.0, 18800.0], [86588.5, 6560.0], [86585.5, 10990.0], [86585.0, 10990.0], [86584.5, 38920.0], [86583.5, 490.0], [86583.0, 40170.0], [86582.5, 56420.0], [86582.0, 12000.0], [86581.0, 7530.0], [86580.0, 14080.0], [86577.0, 25990.0], [86576.5, 9230.0], [86576.0, 15070.0], [86573.0, 440.0], [86571.0, 15050.0], [86569.5, 38000.0], [86566.5, 61690.0]], "asks": [[86607.0, 215480.0], [86607.5, 71910.0], [86608.0, 100000.0], [86608.5, 18350.0], [86610.5, 9240.0], [86611.0, 26000.0], [86611.5, 37450.0], [86613.5, 38000.0], [86615.5, 28470.0], [86616.0, 51270.0], [86620.5, 55720.0], [86621.5, 7530.0], [86622.5, 27950.0], [86623.0, 40010.0], [86623.5, 38000.0], [86624.0, 55650.0], [86625.0, 18840.0], [86628.0, 50000.0], [86629.0, 15050.0], [86629.5, 27950.0]]}}}
{"jsonrpc": "2.0", "method": "subscription", "params": {"channel": "book.BTC-PERPETUAL.none.20.100ms", "data": {"timestamp": 1763670367591, "change_id": 128138299963, "instrument_name": "BTC-PERPETUAL", "bids": [[86606.5, 500780.0], [86595.5, 800.0], [86591.0, 18800.0], [86586.5, 10990.0], [86585.5, 11480.0], [86584.5, 27350.0], [86583.0, 15170.0], [86582.5, 56420.0], [86582.0, 12000.0], [86581.0, 7530.0], [86579.5, 25000.0], [86578.0, 25990.0], [86577.5, 7250.0], [86576.5, 9230.0], [86576.0, 15070.0], [86573.0, 440.0], [86571.0, 15050.0], [86569.5, 38000.0], [86566.5, 120.0], [86565.5, 61570.0]], "asks": [[86607.0, 215830.0], [86607.5, 71880.0], [86608.0, 100000.0], [86608.5, 18350.0], [86610.5, 9240.0], [86611.0, 26000.0], [86611.5, 37450.0], [86613.5, 38000.0], [86615.5, 28470.0], [86616.0, 51270.0], [86620.5, 55720.0], [86621.5, 35480.0], [86623.5, 38000.0], [86624.0, 55650.0], [86624.5, 40010.0], [86625.0, 19420.0], [86625.5, 50000.0], [86629.0, 15050.0], [86629.5, 27950.0], [86630.5, 38200.0]]}}}
{"jsonrpc": "2.0", "method": "subscription", "params": {"channel": "book.BTC-PERPETUAL.none.20.100ms", "data": {"timestamp": 1763670367916, "change_id": 128138300520, "instrument_name": "BTC-PERPETUAL", "bids": [[86606.5, 500780.0], [86604.0, 10000.0], [86595.5, 800.0], [86591.0, 18800.0], [86587.0, 10990.0], [86585.5, 10990.0], [86585.0, 490.0], [86584.5, 27350.0], [86583.0, 15170.0], [86582.5, 56420.0], [86582.0, 12000.0], [86581.0, 7530.0], [86580.0, 25990.0], [86579.5, 25000.0], [86577.5, 7250.0], [86576.5, 9230.0], [86576.0, 15070.0], [86573.0, 440.0], [86571.0, 15050.0], [86569.5, 38000.0]], "asks": [[86607.0, 216460.0], [86607.5, 71880.0], [86608.0, 100000.0], [86608.5, 18350.0], [86611.0, 35240.0], [86611.5, 37450.0], [86613.5, 38000.0], [86615.5, 28470.0], [86616.0, 51270.0], [86620.5, 55720.0], [86621.5, 35480.0], [86623.5, 38000.0], [86624.0, 55650.0], [86626.0, 31360.0], [86626.5, 40010.0], [86627.0, 50000.0], [86629.0, 15050.0], [86629.5, 27950.0], [86630.5, 38200.0], [86633.0, 38000.0]]}}}
{"jsonrpc": "2.0", "method": "subscription", "params": {"channel": "book.BTC-PERPETUAL.none.20.100ms", "data": {"timestamp": 1763670368255, "change_id": 128138301079, "instrument_name": "BTC-PERPETUAL", "bids": [[86606.5, 500810.0], [86604.0, 10000.0], [86595.5, 800.0], [86591.0, 18800.0], [86588.0, 10990.0], [86587.5, 12000.0], [86586.5, 490.0], [86585.5, 10990.0], [86584.5, 27350.0], [86583.0, 15170.0], [86582.5, 56420.0], [86581.0, 7530.0], [86580.0, 25990.0], [86579.5, 25000.0], [86578.0, 9230.0], [86577.5, 4500.0], [86576.0, 15070.0], [86573.0, 440.0], [86571.0, 15050.0], [86569.5, 38000.0]], "asks": [[86607.0, 179140.0], [86607.5, 71880.0], [86608.0, 100000.0], [86608.5, 18350.0], [86610.5, 9240.0], [86611.0, 26000.0], [86611.5, 37450.0], [86613.5, 38000.0], [86615.5, 28470.0], [86616.0, 51270.0], [86618.5, 89170.0], [86620.5, 55720.0], [86621.5, 35480.0], [86623.5, 38000.0], [86624.0, 55660.0], [86625.5, 40010.0], [86626.0, 19420.0], [86627.0, 50000.0], [86629.0, 15050.0], [86629.5, 27950.0]]}}}
