{"jsonrpc": "2.0", "id": 1, "result": ["book.BTC-PERPETUAL.none.20.100ms"], "usIn": 1759382232261829, "usOut": 1759382232262034, "usDiff": 205, "testnet": false}
{"jsonrpc": "2.0", "method": "subscription", "params": {"channel": "book.BTC-PERPETUAL.none.20.100ms", "data": {"timestamp": 1759382232256, "change_id": 119550945677, "instrument_name": "BTC-PERPETUAL", "bids": [[118598.5, 343030.0], [118598.0, 60000.0], [118595.0, 520.0], [118594.5, 100710.0], [118594.0, 45000.0], [118592.5, 30.0], [118592.0, 231250.0], [118591.5, 500.0], [118591.0, 1250.0], [118590.0, 72150.0], [118589.0, 18970.0], [118588.5, 1020.0], [118588.0, 20.0], [118587.5, 1020.0], [118587.0, 1020.0], [118586.5, 13640.0], [118586.0, 5190.0], [118585.0, 40010.0], [118584.5, 200.0], [118584.0, 96800.0]], "asks": [[118599.0, 290750.0], [118599.5, 5170.0], [118601.5, 40000.0], [118602.0, 220210.0], [118606.0, 72150.0], [118607.5, 60000.0], [118608.5, 50.0], [118609.5, 140070.0], [118610.0, 20.0], [118610.5, 9250.0], [118611.0, 13640.0], [118611.5, 20.0], [118612.0, 20.0], [118612.5, 20.0], [118614.0, 61590.0], [118614.5, 2110.0], [118616.0, 500.0], [118616.5, 6000.0], [118618.5, 250.0], [118619.5, 250.0]]}}}
{"jsonrpc": "2.0", "method": "subscription", "params": {"channel": "book.BTC-PERPETUAL.none.20.100ms", "data": {"timestamp": 1759382232366, "change_id": 119550945802, "instrument_name": "BTC-PERPETUAL", "bids": [[118598.5, 343030.0], [118598.0, 60000.0], [118595.0, 520.0], [118594.5, 101210.0], [118594.0, 45000.0], [118592.5, 30.0], [118592.0, 231250.0], [118591.0, 1270.0], [118590.0, 72150.0], [118589.5, 20.0], [118589.0, 18970.0], [118588.5, 1020.0], [118588.0, 20.0], [118587.5, 1020.0], [118587.0, 1020.0], [118586.5, 13620.0], [118586.0, 5170.0], [118585.5, 25000.0], [118585.0, 40010.0], [118584.5, 200.0]], "asks": [[118599.0, 103990.0], [118601.5, 40000.0], [118602.0, 220210.0], [118606.0, 72150.0], [118607.5, 4000.0], [118608.5, 32050.0], [118609.5, 95070.0], [118610.5, 9230.0], [118611.0, 13620.0], [118611.5, 45000.0], [118612.5, 20.0], [118613.0, 20.0], [118613.5, 20.0], [118614.0, 61590.0], [118614.5, 2110.0], [118616.5, 6000.0], [118618.5, 250.0], [118619.5, 750.0], [118620.0, 27720.0], [118622.5, 250.0]]}}}
{"jsonrpc": "2.0", "method": "subscription", "params": {"channel": "book.BTC-PERPETUAL.none.20.100ms", "data": {"timestamp": 1759382232699, "change_id": 119550946541, "instrument_name": "BTC-PERPETUAL", "bids": [[118598.5, 357300.0], [118598.0, 60000.0], [118595.0, 520.0], [118594.5, 100710.0], [118594.0, 45000.0], [118592.5, 30.0], [118592.0, 231250.0], [118591.0, 1270.0], [118590.5, 20.0], [118590.0, 72170.0], [118589.5, 20.0], [118589.0, 18970.0], [118588.5, 1020.0], [118587.5, 1000.0], [118587.0, 1000.0], [118586.5, 13620.0], [118586.0, 5170.0], [118585.5, 25000.0], [118585.0, 40010.0], [118584.0, 96800.0]], "asks": [[118599.0, 103990.0], [118599.5, 5170.0], [118602.0, 260210.0], [118606.0, 72150.0], [118607.5, 4000.0], [118608.5, 32050.0], [118609.5, 70.0], [118611.0, 13620.0], [118612.5, 9230.0], [118613.0, 45000.0], [118614.0, 20.0], [118614.5, 30.0], [118615.5, 20430.0], [118616.0, 61590.0], [118616.5, 6000.0], [118618.5, 95250.0], [118619.5, 250.0], [118620.0, 27720.0], [118622.5, 250.0], [118623.5, 250.0]]}}}
{"jsonrpc": "2.0", "method": "subscription", "params": {"channel": "book.BTC-PERPETUAL.none.20.100ms", "data": {"timestamp": 1759382233029, "change_id": 119550946952, "instrument_name": "BTC-PERPETUAL", "bids": [[118598.5, 397600.0], [118598.0, 60000.0], [118595.0, 520.0], [118594.5, 100710.0], [118594.0, 45000.0], [118592.5, 30.0], [118592.0, 231250.0], [118591.0, 1250.0], [118590.5, 20.0], [118590.0, 72170.0], [118589.5, 20.0], [118589.0, 18970.0], [118588.5, 1020.0], [118588.0, 20.0], [118587.5, 1000.0], [118587.0, 1000.0], [118586.5, 13620.0], [118586.0, 5170.0], [118585.5, 25000.0], [118585.0, 40010.0]], "asks": [[118599.0, 103990.0], [118599.5, 5170.0], [118601.5, 45000.0], [118602.0, 260210.0], [118606.0, 72150.0], [118607.5, 4000.0], [118608.5, 32050.0], [118609.5, 70.0], [118611.0, 13620.0], [118611.5, 20.0], [118612.5, 9230.0], [118613.0, 45000.0], [118614.0, 20.0], [118614.5, 30.0], [118615.5, 20430.0], [118616.0, 61590.0], [118616.5, 6000.0], [118618.5, 95250.0], [118619.5, 250.0], [118620.0, 27720.0]]}}}
{"jsonrpc": "2.0", "method": "subscription", "params": {"channel": "book.BTC-PERPETUAL.none.20.100ms", "data": {"timestamp": 1759382233331, "change_id": 119550947182, "instrument_name": "BTC-PERPETUAL", "bids": [[118598.5, 397600.0], [118598.0, 60000.0], [118595.0, 520.0], [118594.5, 100710.0], [118594.0, 45000.0], [118592.5, 30.0], [118592.0, 231250.0], [118591.5, 20.0], [118591.0, 1270.0], [118590.5, 20.0], [118590.0, 72170.0], [118589.5, 20.0], [118589.0, 18970.0], [118588.5, 1020.0], [118587.5, 1000.0], [118587.0, 1000.0], [118586.5, 13620.0], [118586.0, 5170.0], [118585.5, 25000.0], [118585.0, 40010.0]], "asks": [[118599.0, 103990.0], [118599.5, 5170.0], [118601.5, 45000.0], [118602.0, 260210.0], [118606.0, 72150.0], [118608.0, 4000.0], [118608.5, 32050.0], [118609.5, 70.0], [118610.5, 60000.0], [118611.0, 13620.0], [118612.0, 20.0], [118612.5, 9250.0], [118613.0, 45020.0], [118613.5, 20.0], [118614.0, 20.0], [118614.5, 30.0], [118615.0, 20.0], [118615.5, 20450.0], [118616.0, 61590.0], [118616.5, 6000.0]]}}}
{"jsonrpc": "2.0", "method": "subscription", "params": {"channel": "book.BTC-PERPETUAL.none.20.100ms", "data": {"timestamp": 1759382233686, "change_id": 119550947705, "instrument_name": "BTC-PERPETUAL", "bids": [[118598.5, 397100.0], [118598.0, 60000.0], [118595.5, 500.0], [118595.0, 520.0], [118594.5, 100710.0], [118594.0, 45000.0], [118592.5, 30.0], [118592.0, 231250.0], [118591.5, 20.0], [118591.0, 1270.0], [118590.5, 20.0], [118590.0, 72170.0], [118589.5, 20.0], [118589.0, 18970.0], [118588.5, 1020.0], [118587.5, 1000.0], [118587.0, 1000.0], [118586.5, 13620.0], [118586.0, 5170.0], [118585.5, 25000.0]], "asks": [[118599.0, 195550.0], [118599.5, 5170.0], [118601.5, 45000.0], [118602.0, 220210.0], [118602.5, 40000.0], [118606.0, 72150.0], [118608.0, 4000.0], [118608.5, 32050.0], [118609.0, 60000.0], [118609.5, 70.0], [118611.0, 13620.0], [118612.5, 9250.0], [118613.0, 45020.0], [118613.5, 20.0], [118614.0, 20.0], [118614.5, 30.0], [118615.0, 20.0], [118615.5, 20430.0], [118616.0, 61590.0], [118616.5, 6000.0]]}}}
{"jsonrpc": "2.0", "method": "subscription", "params": {"channel": "book.BTC-PERPETUAL.none.20.100ms", "data": {"timestamp": 1759382234005, "change_id": 119550948112, "instrument_name": "BTC-PERPETUAL", "bids": [[118598.5, 397100.0], [118598.0, 60000.0], [118595.5, 500.0], [118595.0, 520.0], [118594.5, 100710.0], [118594.0, 45000.0], [118592.5, 30.0], [118592.0, 231250.0], [118591.0, 1270.0], [118590.5, 20.0], [118590.0, 72170.0], [118589.5, 20.0], [118589.0, 18970.0], [118588.5, 1020.0], [118588.0, 20.0], [118587.5, 1000.0], [118587.0, 1000.0], [118586.5, 13620.0], [118586.0, 5170.0], [118585.5, 25000.0]], "asks": [[118599.0, 225550.0], [118599.5, 5170.0], [118601.5, 45000.0], [118602.0, 220210.0], [118602.5, 40000.0], [118606.0, 72150.0], [118608.5, 32050.0], [118609.0, 60000.0], [118609.5, 70.0], [118611.0, 13620.0], [118611.5, 20.0], [118612.0, 20.0], [118612.5, 9250.0], [118613.0, 45020.0], [118613.5, 20.0], [118614.0, 20.0], [118614.5, 30.0], [118615.0, 61610.0], [118615.5, 20430.0], [118616.5, 6000.0]]}}}
{"jsonrpc": "2.0", "method": "subscription", "params": {"channel": "book.BTC-PERPETUAL.none.20.100ms", "data": {"timestamp": 1759382234344, "change_id": 119550948339, "instrument_name": "BTC-PERPETUAL", "bids": [[118598.5, 397100.0], [118598.0, 60000.0], [118595.5, 500.0], [118595.0, 520.0], [118594.5, 100710.0], [118594.0, 45000.0], [118592.5, 30.0], [118592.0, 231250.0], [118591.0, 1250.0], [118590.5, 20.0], [118590.0, 72170.0], [118589.5, 20.0], [118589.0, 18970.0], [118588.5, 1020.0], [118588.0, 20.0], [118587.5, 1020.0], [118587.0, 1000.0], [118586.5, 13620.0], [118586.0, 5170.0], [118585.0, 65010.0]], "asks": [[118599.0, 225550.0], [118599.5, 5170.0], [118601.5, 45000.0], [118602.0, 220210.0], [118602.5, 40000.0], [118606.0, 72150.0], [118608.5, 32050.0], [118609.0, 60000.0], [118609.5, 70.0], [118611.0, 13640.0], [118611.5, 45020.0], [118612.0, 20.0], [118612.5, 9250.0], [118613.0, 20.0], [118613.5, 20.0], [118614.0, 20.0], [118614.5, 30.0], [118615.0, 61590.0], [118615.5, 20430.0], [118616.5, 6000.0]]}}}
{"jsonrpc": "2.0", "method": "subscription", "params": {"channel": "book.BTC-PERPETUAL.none.20.100ms", "data": {"timestamp": 1759382234679, "change_id": 119550948847, "instrument_name": "BTC-PERPETUAL", "bids": [[118598.5, 322060.0], [118598.0, 60000.0], [118595.5, 500.0], [118595.0, 520.0], [118594.5, 100710.0], [118594.0, 45000.0], [118592.5, 30.0], [118592.0, 231250.0], [118591.0, 1250.0], [118590.0, 72150.0], [118589.5, 20.0], [118589.0, 18970.0], [118588.5, 1020.0], [118588.0, 20.0], [118587.5, 1020.0], [118587.0, 1020.0], [118586.5, 13640.0], [118586.0, 5170.0], [118585.0, 65010.0], [118584.0, 96800.0]], "asks": [[118599.0, 225550.0], [118599.5, 5170.0], [118601.5, 45000.0], [118602.0, 220210.0], [118603.0, 40000.0], [118606.0, 72150.0], [118608.5, 32050.0], [118609.5, 60070.0], [118610.0, 20.0], [118610.5, 20.0], [118611.0, 13640.0], [118611.5, 45020.0], [118612.0, 5190.0], [118612.5, 9250.0], [118613.0, 20.0], [118613.5, 20.0], [118614.5, 10.0], [118615.0, 61590.0], [118615.5, 20430.0], [118616.5, 6000.0]]}}}
{"jsonrpc": "2.0", "method": "subscription", "params": {"channel": "book.BTC-PERPETUAL.none.20.100ms", "data": {"timestamp": 1759382234965, "change_id": 119550949309, "instrument_name": "BTC-PERPETUAL", "bids": [[118598.5, 327230.0], [118598.0, 60000.0], [118595.0, 520.0], [118594.5, 101210.0], [118594.0, 45000.0], [118592.5, 30.0], [118592.0, 231250.0], [118591.0, 1250.0], [118590.0, 72150.0], [118589.0, 18970.0], [118588.5, 1020.0], [118588.0, 20.0], [118587.5, 1020.0], [118587.0, 1020.0], [118586.5, 13640.0], [118586.0, 5190.0], [118585.0, 40010.0], [118584.0, 96800.0], [118583.0, 27560.0], [118581.5, 288600.0]], "asks": [[118599.0, 295720.0], [118599.5, 5170.0], [118601.5, 45000.0], [118602.0, 220210.0], [118603.0, 40000.0], [118603.5, 4000.0], [118606.0, 72150.0], [118608.5, 32050.0], [118609.0, 9230.0], [118609.5, 90.0], [118610.0, 20.0], [118610.5, 20.0], [118611.0, 75230.0], [118611.5, 45020.0], [118612.0, 5190.0], [118612.5, 20.0], [118613.0, 20.0], [118614.5, 30610.0], [118616.5, 6000.0], [118618.5, 95250.0]]}}}
{"jsonrpc": "2.0", "method": "subscription", "params": {"channel": "book.BTC-PERPETUAL.none.20.100ms", "data": {"timestamp": 1759382235342, "change_id": 119550949563, "instrument_name": "BTC-PERPETUAL", "bids": [[118598.5, 327230.0], [118598.0, 60000.0], [118595.0, 520.0], [118594.5, 101210.0], [118594.0, 45000.0], [118592.5, 30.0], [118592.0, 231250.0], [118591.0, 1250.0], [118590.5, 20.0], [118590.0, 72170.0], [118589.5, 20.0], [118589.0, 18970.0], [118588.5, 1020.0], [118588.0, 20.0], [118587.5, 1020.0], [118587.0, 1020.0], [118586.5, 13620.0], [118586.0, 5170.0], [118585.0, 40010.0], [118584.0, 96800.0]], "asks": [[118599.0, 282150.0], [118602.0, 220210.0], [118603.0, 40000.0], [118603.5, 4000.0], [118606.0, 72150.0], [118607.5, 60000.0], [118608.5, 32050.0], [118609.0, 54230.0], [118609.5, 70.0], [118610.5, 20.0], [118611.0, 75230.0], [118611.5, 20.0], [118612.0, 20.0], [118612.5, 20.0], [118613.0, 20.0], [118614.5, 30610.0], [118616.5, 6000.0], [118618.5, 95250.0], [118619.5, 750.0], [118620.0, 27720.0]]}}}
{"jsonrpc": "2.0", "method": "subscription", "params": {"channel": "book.BTC-PERPETUAL.none.20.100ms", "data": {"timestamp": 1759382235669, "change_id": 119550950072, "instrument_name": "BTC-PERPETUAL", "bids": [[118598.5, 327230.0], [118598.0, 60000.0], [118595.5, 500.0], [118595.0, 520.0], [118594.5, 100710.0], [118594.0, 45000.0], [118592.5, 30.0], [118592.0, 231250.0], [118591.0, 1250.0], [118590.0, 72170.0], [118589.5, 20.0], [118589.0, 18970.0], [118588.5, 1020.0], [118588.0, 20.0], [118587.5, 1020.0], [118587.0, 1000.0], [118586.5, 13620.0], [118586.0, 5170.0], [118585.0, 40010.0], [118584.0, 96800.0]], "asks": [[118599.0, 139160.0], [118602.0, 220210.0], [118603.0, 40000.0], [118603.5, 4000.0], [118606.0, 72150.0], [118608.5, 92050.0], [118609.0, 9230.0], [118609.5, 70.0], [118610.5, 106590.0], [118611.0, 13620.0], [118612.0, 5170.0], [118612.5, 20.0], [118613.0, 20.0], [118613.5, 20.0], [118614.0, 20.0], [118614.5, 30610.0], [118616.5, 6000.0], [118618.5, 95250.0], [118619.5, 250.0], [118620.0, 27720.0]]}}}
{"jsonrpc": "2.0", "method": "subscription", "params": {"channel": "book.BTC-PERPETUAL.none.20.100ms", "data": {"timestamp": 1759382235982, "change_id": 119550950538, "instrument_name": "BTC-PERPETUAL", "bids": [[118598.5, 352230.0], [118598.0, 60000.0], [118595.5, 500.0], [118595.0, 520.0], [118594.5, 100710.0], [118594.0, 45000.0], [118592.5, 30.0], [118592.0, 231250.0], [118591.0, 1250.0], [118590.0, 72170.0], [118589.5, 20.0], [118589.0, 18970.0], [118588.5, 1020.0], [118588.0, 20.0], [118587.5, 1020.0], [118587.0, 1000.0], [118586.5, 13620.0], [118586.0, 5170.0], [118585.0, 40010.0], [118584.0, 96800.0]], "asks": [[118599.0, 187560.0], [118601.5, 37200.0], [118602.0, 220210.0], [118603.0, 40000.0], [118603.5, 4000.0], [118606.0, 72150.0], [118608.5, 32050.0], [118609.0, 9230.0], [118609.5, 70.0], [118610.0, 60000.0], [118610.5, 106590.0], [118611.0, 13620.0], [118611.5, 20.0], [118612.0, 5190.0], [118612.5, 20.0], [118613.0, 20.0], [118613.5, 20.0], [118614.0, 20.0], [118614.5, 30630.0], [118616.5, 6000.0]]}}}
{"jsonrpc": "2.0", "method": "subscription", "params": {"channel": "book.BTC-PERPETUAL.none.20.100ms", "data": {"timestamp": 1759382236326, "change_id": 119550950910, "instrument_name": "BTC-PERPETUAL", "bids": [[118598.5, 269880.0], [118598.0, 60000.0], [118595.0, 520.0], [118594.5, 100710.0], [118594.0, 45000.0], [118592.5, 30.0], [118592.0, 231250.0], [118591.0, 1250.0], [118590.0, 72170.0], [118589.5, 20.0], [118589.0, 18970.0], [118588.5, 1020.0], [118588.0, 20.0], [118587.5, 1020.0], [118587.0, 1000.0], [118586.5, 13620.0], [118586.0, 5170.0], [118585.0, 40010.0], [118584.0, 96800.0], [118583.0, 27560.0]], "asks": [[118599.0, 139160.0], [118602.0, 220210.0], [118603.0, 40000.0], [118603.5, 4000.0], [118606.0, 72150.0], [118608.5, 32050.0], [118609.5, 70.0], [118610.5, 9230.0], [118611.0, 13620.0], [118612.0, 50170.0], [118614.0, 61610.0], [118614.5, 30.0], [118616.5, 6000.0], [118618.0, 28650.0], [118618.5, 95250.0], [118619.5, 250.0], [118620.0, 27720.0], [118622.5, 250.0], [118623.5, 250.0], [118624.0, 500.0]]}}}
{"jsonrpc": "2.0", "method": "subscription", "params": {"channel": "book.BTC-PERPETUAL.none.20.100ms", "data": {"timestamp": 1759382236618, "change_id": 119550951366, "instrument_name": "BTC-PERPETUAL", "bids": [[118598.5, 269880.0], [118598.0, 60000.0], [118595.0, 520.0], [118594.5, 100710.0], [118594.0, 45000.0], [118592.5, 30.0], [118592.0, 231250.0], [118591.5, 20.0], [118591.0, 1270.0], [118590.5, 20.0], [118590.0, 72170.0], [118589.5, 20.0], [118589.0, 18970.0], [118588.5, 1020.0], [118587.5, 1000.0], [118587.0, 1000.0], [118586.5, 13620.0], [118586.0, 5170.0], [118585.0, 40010.0], [118584.0, 96800.0]], "asks": [[118599.0, 139160.0], [118602.0, 220210.0], [118602.5, 40000.0], [118603.5, 4000.0], [118606.0, 72150.0], [118608.5, 32050.0], [118609.5, 70.0], [118610.5, 69230.0], [118611.0, 13620.0], [118612.0, 50170.0], [118612.5, 20.0], [118613.0, 20.0], [118613.5, 20.0], [118614.0, 20.0], [118614.5, 30.0], [118615.0, 20.0], [118616.0, 61590.0], [118616.5, 6000.0], [118618.0, 28650.0], [118618.5, 95250.0]]}}}
{"jsonrpc": "2.0", "method": "subscription", "params": {"channel": "book.BTC-PERPETUAL.none.20.100ms", "data": {"timestamp": 1759382236975, "change_id": 119550951858, "instrument_name": "BTC-PERPETUAL", "bids": [[118598.5, 280980.0], [118598.0, 60000.0], [118595.5, 500.0], [118595.0, 520.0], [118594.5, 100710.0], [118594.0, 45000.0], [118592.5, 30.0], [118592.0, 231250.0], [118591.0, 1250.0], [118590.0, 72150.0], [118589.0, 18950.0], [118588.5, 1020.0], [118588.0, 20.0], [118587.5, 1020.0], [118587.0, 1020.0], [118586.5, 13640.0], [118586.0, 5170.0], [118585.0, 40010.0], [118584.0, 96800.0], [118583.0, 27560.0]], "asks": [[118599.0, 190360.0], [118601.5, 37200.0], [118602.0, 220210.0], [118602.5, 40000.0], [118603.5, 4000.0], [118606.0, 132150.0], [118608.5, 32050.0], [118609.5, 70.0], [118610.0, 45020.0], [118610.5, 9250.0], [118611.0, 13640.0], [118611.5, 61610.0], [118612.0, 5190.0], [118612.5, 20.0], [118614.5, 10.0], [118616.5, 6000.0], [118618.0, 28650.0], [118618.5, 95250.0], [118619.5, 250.0], [118620.0, 27720.0]]}}}
{"jsonrpc": "2.0", "method": "subscription", "params": {"channel": "book.BTC-PERPETUAL.none.20.100ms", "data": {"timestamp": 1759382237324, "change_id": 119550952123, "instrument_name": "BTC-PERPETUAL", "bids": [[118598.5, 259780.0], [118598.0, 60000.0], [118595.5, 500.0], [118595.0, 520.0], [118594.5, 100710.0], [118594.0, 45000.0], [118592.5, 30.0], [118592.0, 231250.0], [118591.0, 1250.0], [118590.0, 72150.0], [118589.0, 6970.0], [118588.5, 1020.0], [118588.0, 20.0], [118587.5, 1020.0], [118587.0, 1020.0], [118586.5, 13640.0], [118586.0, 5170.0], [118585.0, 10.0], [118584.0, 96800.0], [118583.0, 27560.0]], "asks": [[118599.0, 190360.0], [118601.5, 37200.0], [118602.0, 220210.0], [118602.5, 40000.0], [118603.5, 4000.0], [118606.0, 72150.0], [118608.5, 32050.0], [118609.5, 70.0], [118610.0, 45000.0], [118610.5, 9230.0], [118611.0, 13620.0], [118611.5, 61610.0], [118612.0, 5190.0], [118612.5, 20.0], [118614.5, 10.0], [118616.5, 6000.0], [118618.0, 28650.0], [118618.5, 95250.0], [118619.5, 750.0], [118620.0, 27720.0]]}}}
{"jsonrpc": "2.0", "method": "subscription", "params": {"channel": "book.BTC-PERPETUAL.none.20.100ms", "data": {"timestamp": 1759382237652, "change_id": 119550952978, "instrument_name": "BTC-PERPETUAL", "bids": [[118598.5, 167660.0], [118598.0, 60000.0], [118595.0, 20.0], [118594.5, 81520.0], [118594.0, 45000.0], [118593.5, 231240.0], [118592.5, 30.0], [118592.0, 72150.0], [118591.0, 1250.0], [118589.0, 6970.0], [118588.5, 1000.0], [118587.5, 1500.0], [118587.0, 1000.0], [118586.5, 13620.0], [118586.0, 5170.0], [118585.0, 10.0], [118584.0, 90430.0], [118583.0, 2560.0], [118581.0, 298000.0], [118580.0, 50.0]], "asks": [[118599.0, 288060.0], [118601.5, 97200.0], [118602.0, 220210.0], [118602.5, 40000.0], [118603.5, 45000.0], [118605.0, 50.0], [118605.5, 9230.0], [118606.0, 76150.0], [118607.5, 70.0], [118608.0, 69210.0], [118610.0, 6000.0], [118611.0, 13640.0], [118611.5, 20.0], [118612.0, 5190.0], [118612.5, 20.0], [118613.0, 20.0], [118614.5, 10.0], [118617.5, 500.0], [118618.0, 28650.0], [118618.5, 95250.0]]}}}
{"jsonrpc": "2.0", "method": "subscription", "params": {"channel": "book.BTC-PERPETUAL.none.20.100ms", "data": {"timestamp": 1759382237977, "change_id": 119550953494, "instrument_name": "BTC-PERPETUAL", "bids": [[118598.5, 188080.0], [118598.0, 60000.0], [118595.0, 20.0], [118594.5, 81520.0], [118594.0, 45000.0], [118593.5, 231240.0], [118592.5, 30.0], [118592.0, 72150.0], [118591.0, 1250.0], [118589.0, 6970.0], [118588.5, 1000.0], [118587.5, 1500.0], [118587.0, 1000.0], [118586.5, 13620.0], [118586.0, 5170.0], [118585.0, 30.0], [118584.5, 20.0], [118584.0, 90450.0], [118583.5, 20.0], [118583.0, 2580.0]], "asks": [[118599.0, 288060.0], [118601.5, 37200.0], [118602.0, 293440.0], [118602.5, 40000.0], [118603.5, 45000.0], [118605.0, 50.0], [118605.5, 20.0], [118606.0, 72170.0], [118606.5, 20.0], [118607.0, 20.0], [118607.5, 70.0], [118608.0, 96600.0], [118609.5, 95000.0], [118610.0, 6000.0], [118611.0, 13640.0], [118611.5, 20.0], [118612.0, 5190.0], [118612.5, 20.0], [118614.5, 10.0], [118617.5, 500.0]]}}}
{"jsonrpc": "2.0", "method": "subscription", "params": {"channel": "book.BTC-PERPETUAL.none.20.100ms", "data": {"timestamp": 1759382238305, "change_id": 119550953773, "instrument_name": "BTC-PERPETUAL", "bids": [[118598.5, 188080.0], [118598.0, 60000.0], [118595.0, 20.0], [118594.5, 81520.0], [118594.0, 45000.0], [118593.5, 231240.0], [118592.5, 30.0], [118591.5, 72150.0], [118591.0, 1250.0], [118589.0, 6970.0], [118588.5, 1000.0], [118587.5, 1500.0], [118587.0, 1000.0], [118586.5, 13620.0], [118585.0, 30.0], [118584.5, 20.0], [118584.0, 90480.0], [118583.5, 20.0], [118583.0, 2580.0], [118582.5, 20.0]], "asks": [[118599.0, 288060.0], [118601.5, 37200.0], [118602.0, 289440.0], [118602.5, 40000.0], [118603.5, 49000.0], [118605.0, 50.0], [118605.5, 61590.0], [118606.0, 72150.0], [118606.5, 20.0], [118607.0, 20.0], [118607.5, 70.0], [118608.0, 35010.0], [118609.5, 95000.0], [118610.0, 6000.0], [118611.0, 13640.0], [118611.5, 520.0], [118612.0, 5190.0], [118612.5, 20.0], [118614.5, 10.0], [118618.0, 6450.0]]}}}
{"jsonrpc": "2.0", "method": "subscription", "params": {"channel": "book.BTC-PERPETUAL.none.20.100ms", "data": {"timestamp": 1759382238629, "change_id": 119550954329, "instrument_name": "BTC-PERPETUAL", "bids": [[118598.5, 186610.0], [118598.0, 65170.0], [118595.0, 20.0], [118594.5, 81520.0], [118594.0, 45000.0], [118593.5, 231240.0], [118592.5, 30.0], [118591.5, 72150.0], [118591.0, 1250.0], [118589.0, 6970.0], [118588.5, 1000.0], [118587.5, 1000.0], [118587.0, 1500.0], [118586.5, 13620.0], [118585.0, 10.0], [118584.0, 90480.0], [118583.5, 20.0], [118583.0, 2580.0], [118582.5, 20.0], [118581.0, 298000.0]], "asks": [[118599.0, 392290.0], [118600.5, 40000.0], [118601.5, 97200.0], [118602.0, 281800.0], [118603.5, 45000.0], [118605.0, 50.0], [118606.0, 72150.0], [118606.5, 20.0], [118607.0, 20.0], [118607.5, 90.0], [118608.0, 7640.0], [118608.5, 20.0], [118609.0, 20.0], [118609.5, 20.0], [118610.0, 6000.0], [118611.0, 13620.0], [118611.5, 500.0], [118612.0, 5170.0], [118614.5, 10.0], [118618.0, 6450.0]]}}}
{"jsonrpc": "2.0", "method": "subscription", "params": {"channel": "book.BTC-PERPETUAL.none.20.100ms", "data": {"timestamp": 1759382238962, "change_id": 119550954827, "instrument_name": "BTC-PERPETUAL", "bids": [[118598.5, 182910.0], [118598.0, 65170.0], [118595.0, 270.0], [118594.5, 81520.0], [118594.0, 45250.0], [118593.5, 231240.0], [118592.5, 30.0], [118591.5, 72150.0], [118591.0, 1250.0], [118589.0, 6970.0], [118588.5, 1000.0], [118587.5, 1000.0], [118587.0, 1500.0], [118586.5, 13620.0], [118585.5, 20.0], [118585.0, 30.0], [118584.5, 20.0], [118584.0, 90480.0], [118583.5, 20.0], [118583.0, 2580.0]], "asks": [[118599.0, 281590.0], [118600.5, 40000.0], [118601.5, 97200.0], [118602.0, 281800.0], [118603.5, 45000.0], [118605.0, 50.0], [118606.0, 72150.0], [118607.0, 20.0], [118607.5, 90.0], [118608.0, 7640.0], [118608.5, 20.0], [118609.0, 20.0], [118609.5, 20.0], [118610.0, 6020.0], [118611.0, 13620.0], [118611.5, 500.0], [118612.0, 5170.0], [118614.5, 10.0], [118618.0, 6450.0], [118618.5, 250.0]]}}}
{"jsonrpc": "2.0", "method": "subscription", "params": {"channel": "book.BTC-PERPETUAL.none.20.100ms", "data": {"timestamp": 1759382239305, "change_id": 119550955019, "instrument_name": "BTC-PERPETUAL", "bids": [[118598.5, 183810.0], [118598.0, 65170.0], [118595.0, 270.0], [118594.5, 81520.0], [118594.0, 45250.0], [118593.5, 231240.0], [118592.5, 30.0], [118591.5, 72150.0], [118591.0, 1250.0], [118589.0, 6970.0], [118588.5, 1000.0], [118588.0, 500.0], [118587.5, 1000.0], [118587.0, 1000.0], [118586.5, 13620.0], [118585.0, 10.0], [118584.0, 90460.0], [118583.0, 2580.0], [118582.5, 20.0], [118582.0, 20.0]], "asks": [[118599.0, 401790.0], [118600.5, 40000.0], [118601.5, 37200.0], [118602.0, 280210.0], [118603.5, 45000.0], [118605.0, 50.0], [118605.5, 61610.0], [118606.0, 72170.0], [118606.5, 20.0], [118607.0, 20.0], [118607.5, 90.0], [118608.0, 7640.0], [118608.5, 20.0], [118609.0, 20.0], [118610.0, 6000.0], [118611.0, 13620.0], [118612.0, 5170.0], [118614.5, 10.0], [118617.5, 500.0], [118618.0, 6450.0]]}}}
{"jsonrpc": "2.0", "method": "subscription", "params": {"channel": "book.BTC-PERPETUAL.none.20.100ms", "data": {"timestamp": 1759382239644, "change_id": 119550955609, "instrument_name": "BTC-PERPETUAL", "bids": [[118598.5, 183810.0], [118598.0, 65170.0], [118595.0, 20.0], [118594.5, 13960.0], [118594.0, 45000.0], [118592.5, 30.0], [118591.0, 1250.0], [118589.0, 1530.0], [118588.5, 1000.0], [118587.5, 1000.0], [118587.0, 1000.0], [118585.0, 10.0], [118584.0, 4300.0], [118583.0, 2560.0], [118581.5, 20.0], [118581.0, 9400.0], [118580.0, 50.0], [118578.0, 36790.0], [118577.5, 33350.0], [118577.0, 32790.0]], "asks": [[118599.0, 441790.0], [118600.5, 60000.0], [118601.5, 37200.0], [118602.0, 220210.0], [118603.5, 45050.0], [118605.0, 4020.0], [118605.5, 61610.0], [118606.0, 72170.0], [118606.5, 20.0], [118607.0, 20.0], [118607.5, 90.0], [118608.0, 7640.0], [118608.5, 20.0], [118610.0, 6000.0], [118611.0, 13620.0], [118611.5, 500.0], [118612.0, 5170.0], [118614.5, 10.0], [118618.0, 6450.0], [118618.5, 250.0]]}}}
{"jsonrpc": "2.0", "method": "subscription", "params": {"channel": "book.BTC-PERPETUAL.none.20.100ms", "data": {"timestamp": 1759382239967, "change_id": 119550956146, "instrument_name": "BTC-PERPETUAL", "bids": [[118598.5, 183810.0], [118598.0, 65170.0], [118595.0, 20.0], [118594.5, 81510.0], [118594.0, 45000.0], [118593.5, 231240.0], [118592.5, 30.0], [118591.5, 72150.0], [118591.0, 1250.0], [118589.0, 5420.0], [118588.5, 1000.0], [118587.5, 1000.0], [118587.0, 1000.0], [118586.5, 13570.0], [118585.0, 30.0], [118584.5, 520.0], [118584.0, 90460.0], [118583.5, 20.0], [118583.0, 2580.0], [118582.5, 20.0]], "asks": [[118599.0, 441800.0], [118601.5, 61590.0], [118602.0, 220210.0], [118603.5, 45050.0], [118605.5, 4000.0], [118606.0, 72170.0], [118606.5, 20.0], [118607.0, 20.0], [118607.5, 90.0], [118608.0, 7640.0], [118608.5, 20.0], [118610.0, 6000.0], [118610.5, 500.0], [118611.0, 13620.0], [118612.0, 5170.0], [118614.5, 10.0], [118617.5, 6450.0], [118618.0, 21000.0], [118618.5, 250.0], [118619.5, 250.0]]}}}
{"jsonrpc": "2.0", "method": "subscription", "params": {"channel": "book.BTC-PERPETUAL.none.20.100ms", "data": {"timestamp": 1759382240305, "change_id": 119550956336, "instrument_name": "BTC-PERPETUAL", "bids": [[118598.5, 183810.0], [118598.0, 65170.0], [118595.0, 270.0], [118594.5, 81510.0], [118594.0, 45250.0], [118593.5, 231240.0], [118592.5, 30.0], [118591.5, 72150.0], [118591.0, 1250.0], [118589.0, 5420.0], [118588.5, 1000.0], [118587.5, 1000.0], [118587.0, 1000.0], [118586.5, 13570.0], [118585.0, 10.0], [118584.5, 520.0], [118584.0, 90460.0], [118583.5, 20.0], [118583.0, 2580.0], [118582.5, 20.0]], "asks": [[118599.0, 441800.0], [118601.5, 61590.0], [118602.0, 220210.0], [118602.5, 60000.0], [118603.5, 50.0], [118605.0, 20.0], [118605.5, 20.0], [118606.0, 72170.0], [118606.5, 20.0], [118607.0, 20.0], [118607.5, 90.0], [118608.0, 12960.0], [118608.5, 20.0], [118610.0, 6000.0], [118611.0, 14120.0], [118611.5, 21000.0], [118612.0, 5170.0], [118614.5, 10.0], [118618.5, 250.0], [118619.5, 250.0]]}}}
{"jsonrpc": "2.0", "method": "subscription", "params": {"channel": "book.BTC-PERPETUAL.none.20.100ms", "data": {"timestamp": 1759382240632, "change_id": 119550956842, "instrument_name": "BTC-PERPETUAL", "bids": [[118598.5, 215810.0], [118598.0, 65170.0], [118597.5, 6900.0], [118595.0, 270.0], [118594.5, 81510.0], [118594.0, 45250.0], [118593.5, 231240.0], [118592.5, 30.0], [118591.5, 72150.0], [118591.0, 250.0], [118589.0, 5420.0], [118588.5, 1000.0], [118587.5, 1000.0], [118587.0, 1000.0], [118586.5, 13570.0], [118585.0, 30.0], [118584.5, 520.0], [118584.0, 90460.0], [118583.5, 20.0], [118583.0, 2580.0]], "asks": [[118599.0, 441800.0], [118600.0, 231240.0], [118601.5, 121590.0], [118603.5, 50.0], [118605.0, 45000.0], [118606.0, 72170.0], [118606.5, 20.0], [118607.0, 20.0], [118607.5, 90.0], [118608.0, 7640.0], [118608.5, 20.0], [118609.0, 20.0], [118610.0, 6000.0], [118611.0, 13620.0], [118611.5, 500.0], [118612.0, 5170.0], [118614.5, 10.0], [118615.5, 6450.0], [118616.0, 21000.0], [118618.5, 250.0]]}}}
{"jsonrpc": "2.0", "method": "subscription", "params": {"channel": "book.BTC-PERPETUAL.none.20.100ms", "data": {"timestamp": 1759382240967, "change_id": 119550957324, "instrument_name": "BTC-PERPETUAL", "bids": [[118598.5, 191220.0], [118598.0, 65170.0], [118597.5, 6900.0], [118595.0, 270.0], [118594.5, 81510.0], [118594.0, 45250.0], [118593.5, 231240.0], [118592.5, 30.0], [118591.5, 72150.0], [118591.0, 250.0], [118589.0, 5420.0], [118588.5, 1000.0], [118587.5, 1000.0], [118587.0, 1000.0], [118586.5, 13570.0], [118585.0, 30.0], [118584.5, 520.0], [118584.0, 90460.0], [118583.5, 20.0], [118583.0, 2580.0]], "asks": [[118599.0, 441800.0], [118600.0, 231240.0], [118601.5, 61590.0], [118602.5, 45000.0], [118603.5, 50.0], [118606.0, 72170.0], [118606.5, 20.0], [118607.0, 20.0], [118607.5, 90.0], [118608.0, 7620.0], [118610.0, 6000.0], [118611.0, 13620.0], [118611.5, 500.0], [118612.0, 5170.0], [118614.5, 6460.0], [118615.0, 21000.0], [118618.5, 250.0], [118619.5, 250.0], [118620.0, 27720.0], [118622.5, 250.0]]}}}
{"jsonrpc": "2.0", "method": "subscription", "params": {"channel": "book.BTC-PERPETUAL.none.20.100ms", "data": {"timestamp": 1759382241256, "change_id": 119550957480, "instrument_name": "BTC-PERPETUAL", "bids": [[118598.5, 194920.0], [118598.0, 65170.0], [118597.5, 6900.0], [118595.0, 270.0], [118594.5, 81510.0], [118594.0, 45250.0], [118593.5, 231240.0], [118592.5, 30.0], [118591.5, 72150.0], [118591.0, 250.0], [118589.0, 5420.0], [118588.5, 1000.0], [118587.5, 1000.0], [118587.0, 1000.0], [118586.5, 13570.0], [118585.0, 10.0], [118584.5, 520.0], [118584.0, 90460.0], [118583.5, 20.0], [118583.0, 2580.0]], "asks": [[118599.0, 441800.0], [118600.0, 231240.0], [118601.0, 60000.0], [118601.5, 61590.0], [118602.5, 45000.0], [118603.5, 50.0], [118606.0, 72150.0], [118606.5, 20.0], [118607.0, 20.0], [118607.5, 90.0], [118608.0, 7640.0], [118608.5, 20.0], [118610.0, 6000.0], [118611.0, 13620.0], [118611.5, 500.0], [118612.0, 5170.0], [118614.5, 6460.0], [118615.0, 21000.0], [118618.5, 250.0], [118619.5, 250.0]]}}}
{"jsonrpc": "2.0", "method": "subscription", "params": {"channel": "book.BTC-PERPETUAL.none.20.100ms", "data": {"timestamp": 1759382241615, "change_id": 119550958150, "instrument_name": "BTC-PERPETUAL", "bids": [[118598.5, 150820.0], [118598.0, 65170.0], [118595.0, 20.0], [118594.5, 81210.0], [118594.0, 45000.0], [118592.5, 231260.0], [118591.0, 250.0], [118590.5, 72150.0], [118589.0, 27780.0], [118588.5, 1000.0], [118587.5, 1000.0], [118587.0, 1000.0], [118586.5, 13950.0], [118585.0, 10.0], [118584.5, 500.0], [118584.0, 166240.0], [118583.0, 2560.0], [118582.0, 20.0], [118581.0, 9400.0], [118580.0, 288650.0]], "asks": [[118599.0, 441800.0], [118600.0, 231240.0], [118600.5, 60000.0], [118601.5, 61590.0], [118602.0, 50.0], [118602.5, 45000.0], [118605.0, 70.0], [118606.0, 72150.0], [118606.5, 20.0], [118607.0, 4020.0], [118607.5, 20.0], [118608.0, 7640.0], [118608.5, 20.0], [118610.0, 6000.0], [118610.5, 500.0], [118611.0, 13620.0], [118612.0, 5170.0], [118614.5, 6460.0], [118615.0, 21000.0], [118618.5, 250.0]]}}}
{"jsonrpc": "2.0", "method": "subscription", "params": {"channel": "book.BTC-PERPETUAL.none.20.100ms", "data": {"timestamp": 1759382241960, "change_id": 119550958754, "instrument_name": "BTC-PERPETUAL", "bids": [[118598.5, 130400.0], [118598.0, 65170.0], [118595.0, 20.0], [118594.5, 81280.0], [118594.0, 45000.0], [118593.0, 250.0], [118592.5, 30.0], [118592.0, 231230.0], [118591.0, 250.0], [118590.0, 72150.0], [118589.0, 27780.0], [118588.5, 1000.0], [118587.5, 1000.0], [118587.0, 1000.0], [118585.0, 10.0], [118584.5, 520.0], [118584.0, 166260.0], [118583.5, 20.0], [118583.0, 2580.0], [118582.5, 20.0]], "asks": [[118599.0, 441800.0], [118599.5, 60000.0], [118600.0, 231240.0], [118601.5, 61590.0], [118602.0, 50.0], [118602.5, 45000.0], [118605.0, 70.0], [118606.0, 72150.0], [118606.5, 20.0], [118607.0, 20.0], [118607.5, 20.0], [118608.0, 7640.0], [118608.5, 20.0], [118609.0, 20.0], [118610.0, 6000.0], [118610.5, 500.0], [118611.0, 13620.0], [118612.0, 5170.0], [118614.5, 6460.0], [118615.0, 21000.0]]}}}
{"jsonrpc": "2.0", "method": "subscription", "params": {"channel": "book.BTC-PERPETUAL.none.20.100ms", "data": {"timestamp": 1759382242281, "change_id": 119550958918, "instrument_name": "BTC-PERPETUAL", "bids": [[118598.5, 206400.0], [118598.0, 65170.0], [118595.0, 20.0], [118594.5, 81280.0], [118594.0, 45000.0], [118593.0, 250.0], [118592.5, 30.0], [118592.0, 231230.0], [118591.0, 250.0], [118590.0, 72150.0], [118589.0, 1460.0], [118588.5, 1000.0], [118587.5, 1000.0], [118587.0, 1000.0], [118585.0, 30.0], [118584.5, 520.0], [118584.0, 90260.0], [118583.5, 20.0], [118583.0, 2580.0], [118582.5, 20.0]], "asks": [[118599.0, 501800.0], [118600.0, 231240.0], [118601.5, 61590.0], [118602.0, 50.0], [118602.5, 45000.0], [118605.0, 70.0], [118606.0, 72150.0], [118606.5, 20.0], [118607.0, 20.0], [118607.5, 20.0], [118608.0, 7640.0], [118608.5, 20.0], [118609.0, 20.0], [118609.5, 20.0], [118610.0, 6000.0], [118611.0, 13620.0], [118611.5, 500.0], [118612.0, 5170.0], [118614.5, 6460.0], [118615.0, 21000.0]]}}}
{"jsonrpc": "2.0", "method": "subscription", "params": {"channel": "book.BTC-PERPETUAL.none.20.100ms", "data": {"timestamp": 1759382242588, "change_id": 119550959349, "instrument_name": "BTC-PERPETUAL", "bids": [[118598.5, 226820.0], [118598.0, 65170.0], [118595.0, 270.0], [118594.5, 81280.0], [118594.0, 45000.0], [118593.0, 250.0], [118592.5, 30.0], [118592.0, 231230.0], [118591.0, 250.0], [118590.0, 72150.0], [118589.0, 5510.0], [118588.5, 1000.0], [118587.5, 1000.0], [118587.0, 1500.0], [118586.5, 13950.0], [118585.0, 10.0], [118584.5, 20.0], [118584.0, 90260.0], [118583.5, 20.0], [118583.0, 2580.0]], "asks": [[118599.0, 501800.0], [118600.0, 231240.0], [118601.5, 61590.0], [118602.0, 50.0], [118602.5, 45000.0], [118605.0, 70.0], [118606.0, 72150.0], [118607.0, 20.0], [118607.5, 20.0], [118608.0, 7640.0], [118608.5, 20.0], [118609.0, 20.0], [118609.5, 20.0], [118610.0, 6020.0], [118611.0, 13620.0], [118611.5, 500.0], [118612.0, 5170.0], [118614.5, 6460.0], [118615.0, 21000.0], [118618.5, 250.0]]}}}
{"jsonrpc": "2.0", "method": "subscription", "params": {"channel": "book.BTC-PERPETUAL.none.20.100ms", "data": {"timestamp": 1759382242937, "change_id": 119550959817, "instrument_name": "BTC-PERPETUAL", "bids": [[118598.5, 233720.0], [118598.0, 65170.0], [118595.0, 270.0], [118594.5, 81280.0], [118594.0, 45000.0], [118593.0, 250.0], [118592.5, 30.0], [118592.0, 231230.0], [118591.0, 250.0], [118590.0, 72150.0], [118589.0, 5510.0], [118588.5, 1000.0], [118587.5, 1000.0], [118587.0, 1500.0], [118586.5, 13950.0], [118585.5, 20.0], [118585.0, 30.0], [118584.5, 20.0], [118584.0, 90260.0], [118583.5, 20.0]], "asks": [[118599.0, 441800.0], [118600.0, 231240.0], [118601.5, 61590.0], [118602.0, 50.0], [118602.5, 45000.0], [118605.0, 70.0], [118606.0, 72150.0], [118607.0, 20.0], [118607.5, 20.0], [118608.0, 7640.0], [118608.5, 20.0], [118609.0, 20.0], [118609.5, 20.0], [118610.0, 6020.0], [118611.0, 13620.0], [118611.5, 500.0], [118612.0, 5170.0], [118614.5, 6460.0], [118615.0, 21000.0], [118618.5, 250.0]]}}}
{"jsonrpc": "2.0", "method": "subscription", "params": {"channel": "book.BTC-PERPETUAL.none.20.100ms", "data": {"timestamp": 1759382243257, "change_id": 119550960046, "instrument_name": "BTC-PERPETUAL", "bids": [[118598.5, 233720.0], [118598.0, 65170.0], [118595.0, 270.0], [118594.5, 81280.0], [118594.0, 45000.0], [118593.0, 250.0], [118592.5, 30.0], [118592.0, 231230.0], [118591.0, 250.0], [118590.0, 72150.0], [118589.0, 5510.0], [118588.5, 1000.0], [118587.5, 1000.0], [118587.0, 1000.0], [118586.5, 13950.0], [118586.0, 20.0], [118585.5, 20.0], [118585.0, 30.0], [118584.5, 520.0], [118584.0, 90260.0]], "asks": [[118599.0, 441800.0], [118600.0, 276240.0], [118601.5, 61590.0], [118602.0, 50.0], [118605.0, 70.0], [118606.0, 72150.0], [118607.0, 20.0], [118607.5, 20.0], [118608.0, 7640.0], [118608.5, 20.0], [118609.0, 20.0], [118609.5, 20.0], [118610.0, 6020.0], [118611.0, 13620.0], [118611.5, 500.0], [118612.0, 5170.0], [118614.5, 6460.0], [118615.0, 21000.0], [118618.5, 250.0], [118619.5, 450.0]]}}}
{"jsonrpc": "2.0", "method": "subscription", "params": {"channel": "book.BTC-PERPETUAL.none.20.100ms", "data": {"timestamp": 1759382243542, "change_id": 119550960361, "instrument_name": "BTC-PERPETUAL", "bids": [[118598.5, 233720.0], [118598.0, 65170.0], [118595.5, 1000.0], [118595.0, 270.0], [118594.5, 82280.0], [118594.0, 46000.0], [118593.0, 250.0], [118592.5, 30.0], [118592.0, 231230.0], [118591.0, 250.0], [118590.0, 72150.0], [118589.0, 5510.0], [118587.0, 520.0], [118586.5, 13970.0], [118586.0, 20.0], [118585.5, 20.0], [118585.0, 30.0], [118584.5, 20.0], [118584.0, 90260.0], [118583.0, 2560.0]], "asks": [[118599.0, 501800.0], [118600.0, 276240.0], [118604.0, 50.0], [118605.0, 70.0], [118605.5, 61590.0], [118606.0, 72150.0], [118607.5, 20.0], [118608.0, 7620.0], [118608.5, 20.0], [118609.0, 20.0], [118609.5, 20.0], [118610.0, 6020.0], [118610.5, 20.0], [118611.0, 13640.0], [118611.5, 500.0], [118612.0, 5170.0], [118614.5, 6460.0], [118615.0, 21000.0], [118618.5, 250.0], [118619.5, 450.0]]}}}
{"jsonrpc": "2.0", "method": "subscription", "params": {"channel": "book.BTC-PERPETUAL.none.20.100ms", "data": {"timestamp": 1759382243929, "change_id": 119550960952, "instrument_name": "BTC-PERPETUAL", "bids": [[118598.5, 233720.0], [118598.0, 65170.0], [118595.5, 1000.0], [118595.0, 270.0], [118594.5, 82280.0], [118594.0, 46000.0], [118593.0, 250.0], [118592.5, 30.0], [118592.0, 231230.0], [118591.0, 250.0], [118590.0, 72150.0], [118589.0, 5510.0], [118586.5, 13950.0], [118585.5, 20.0], [118585.0, 30.0], [118584.5, 520.0], [118584.0, 90260.0], [118583.5, 20.0], [118583.0, 2580.0], [118582.5, 20.0]], "asks": [[118599.0, 501800.0], [118600.0, 276240.0], [118604.0, 50.0], [118605.0, 70.0], [118605.5, 61590.0], [118606.0, 72150.0], [118606.5, 20.0], [118607.0, 20.0], [118607.5, 20.0], [118608.0, 7640.0], [118608.5, 20.0], [118609.0, 20.0], [118609.5, 20.0], [118610.0, 6020.0], [118611.0, 13620.0], [118611.5, 500.0], [118612.0, 5170.0], [118614.5, 18470.0], [118615.0, 21000.0], [118618.5, 42750.0]]}}}
{"jsonrpc": "2.0", "method": "subscription", "params": {"channel": "book.BTC-PERPETUAL.none.20.100ms", "data": {"timestamp": 1759382244257, "change_id": 119550961174, "instrument_name": "BTC-PERPETUAL", "bids": [[118598.5, 226820.0], [118598.0, 65170.0], [118595.5, 1000.0], [118595.0, 270.0], [118594.5, 82280.0], [118594.0, 46000.0], [118593.0, 250.0], [118592.5, 30.0], [118592.0, 231230.0], [118591.0, 250.0], [118590.0, 72150.0], [118589.0, 5510.0], [118587.0, 500.0], [118586.5, 13950.0], [118585.5, 20.0], [118585.0, 30.0], [118584.5, 20.0], [118584.0, 90260.0], [118583.5, 20.0], [118583.0, 2580.0]], "asks": [[118599.0, 501800.0], [118600.0, 276240.0], [118604.0, 50.0], [118605.0, 70.0], [118605.5, 61590.0], [118606.0, 72150.0], [118606.5, 20.0], [118607.0, 20.0], [118607.5, 20.0], [118608.0, 7640.0], [118608.5, 20.0], [118609.0, 20.0], [118609.5, 20.0], [118610.0, 6020.0], [118611.0, 13620.0], [118611.5, 500.0], [118612.0, 5170.0], [118614.5, 18470.0], [118615.0, 21000.0], [118618.5, 42750.0]]}}}
{"jsonrpc": "2.0", "method": "subscription", "params": {"channel": "book.BTC-PERPETUAL.none.20.100ms", "data": {"timestamp": 1759382244551, "change_id": 119550961455, "instrument_name": "BTC-PERPETUAL", "bids": [[118598.5, 226820.0], [118598.0, 65170.0], [118595.5, 1000.0], [118595.0, 270.0], [118594.5, 82280.0], [118594.0, 46000.0], [118593.0, 250.0], [118592.5, 30.0], [118592.0, 231230.0], [118591.0, 250.0], [118590.0, 72150.0], [118589.0, 5510.0], [118587.0, 500.0], [118586.5, 13950.0], [118585.5, 20.0], [118585.0, 30.0], [118584.5, 20.0], [118584.0, 90260.0], [118583.5, 20.0], [118583.0, 2580.0]], "asks": [[118599.0, 501800.0], [118600.0, 276240.0], [118604.0, 50.0], [118605.0, 70.0], [118605.5, 61590.0], [118606.0, 72150.0], [118606.5, 20.0], [118607.0, 20.0], [118607.5, 20.0], [118608.0, 7640.0], [118608.5, 20.0], [118609.0, 20.0], [118609.5, 20.0], [118610.0, 6020.0], [118611.0, 13620.0], [118611.5, 500.0], [118612.0, 5170.0], [118614.5, 18470.0], [118615.0, 21000.0], [118618.5, 42750.0]]}}}
{"jsonrpc": "2.0", "method": "subscription", "params": {"channel": "book.BTC-PERPETUAL.none.20.100ms", "data": {"timestamp": 1759382244938, "change_id": 119550962042, "instrument_name": "BTC-PERPETUAL", "bids": [[118598.5, 226820.0], [118598.0, 65170.0], [118595.5, 1000.0], [118595.0, 270.0], [118594.5, 82280.0], [118594.0, 46000.0], [118593.0, 250.0], [118592.5, 30.0], [118592.0, 231230.0], [118591.0, 250.0], [118590.0, 72150.0], [118589.0, 5510.0], [118587.0, 500.0], [118586.5, 13950.0], [118586.0, 20.0], [118585.5, 20.0], [118585.0, 30.0], [118584.5, 20.0], [118584.0, 90260.0], [118583.5, 20.0]], "asks": [[118599.0, 501800.0], [118600.0, 276240.0], [118604.0, 50.0], [118605.0, 70.0], [118605.5, 61590.0], [118606.0, 72150.0], [118606.5, 20.0], [118607.0, 20.0], [118607.5, 20.0], [118608.0, 7640.0], [118608.5, 20.0], [118609.0, 20.0], [118609.5, 20.0], [118610.0, 6020.0], [118611.0, 13620.0], [118611.5, 500.0], [118612.0, 5170.0], [118614.5, 18470.0], [118615.0, 21000.0], [118618.5, 42750.0]]}}}
{"jsonrpc": "2.0", "method": "subscription", "params": {"channel": "book.BTC-PERPETUAL.none.20.100ms", "data": {"timestamp": 1759382245216, "change_id": 119550962323, "instrument_name": "BTC-PERPETUAL", "bids": [[118598.5, 226820.0], [118598.0, 65170.0], [118595.5, 1000.0], [118595.0, 270.0], [118594.5, 82280.0], [118594.0, 46000.0], [118593.0, 250.0], [118592.5, 30.0], [118592.0, 231230.0], [118591.0, 250.0], [118590.0, 72150.0], [118589.0, 5510.0], [118587.0, 500.0], [118586.5, 13950.0], [118586.0, 20.0], [118585.5, 20.0], [118585.0, 30.0], [118584.5, 20.0], [118584.0, 90260.0], [118583.5, 20.0]], "asks": [[118599.0, 501800.0], [118600.0, 276240.0], [118604.0, 50.0], [118605.0, 70.0], [118605.5, 61590.0], [118606.0, 72150.0], [118607.0, 20.0], [118607.5, 20.0], [118608.0, 7640.0], [118608.5, 20.0], [118609.0, 20.0], [118609.5, 20.0], [118610.0, 6020.0], [118611.0, 13620.0], [118611.5, 500.0], [118612.0, 5170.0], [118614.5, 18470.0], [118615.0, 21000.0], [118618.5, 42750.0], [118619.5, 450.0]]}}}
{"jsonrpc": "2.0", "method": "subscription", "params": {"channel": "book.BTC-PERPETUAL.none.20.100ms", "data": {"timestamp": 1759382245579, "change_id": 119550962646, "instrument_name": "BTC-PERPETUAL", "bids": [[118598.5, 226820.0], [118598.0, 65170.0], [118595.5, 1000.0], [118595.0, 270.0], [118594.5, 82280.0], [118594.0, 46000.0], [118593.0, 250.0], [118592.5, 30.0], [118592.0, 231230.0], [118591.0, 250.0], [118590.0, 72150.0], [118589.0, 5510.0], [118587.0, 500.0], [118586.5, 13950.0], [118586.0, 20.0], [118585.5, 20.0], [118585.0, 30.0], [118584.5, 20.0], [118584.0, 90260.0], [118583.5, 20.0]], "asks": [[118599.0, 501800.0], [118600.0, 276240.0], [118604.0, 50.0], [118605.0, 70.0], [118605.5, 61590.0], [118606.0, 72150.0], [118606.5, 20.0], [118607.0, 20.0], [118607.5, 20.0], [118608.0, 7640.0], [118608.5, 20.0], [118609.0, 20.0], [118609.5, 20.0], [118610.0, 6020.0], [118611.0, 13620.0], [118611.5, 500.0], [118612.0, 5170.0], [118614.5, 18470.0], [118615.0, 21000.0], [118618.5, 42750.0]]}}}
{"jsonrpc": "2.0", "method": "subscription", "params": {"channel": "book.BTC-PERPETUAL.none.20.100ms", "data": {"timestamp": 1759382245845, "change_id": 119550962880, "instrument_name": "BTC-PERPETUAL", "bids": [[118598.5, 226820.0], [118598.0, 65170.0], [118595.5, 1000.0], [118595.0, 270.0], [118594.5, 82280.0], [118594.0, 46000.0], [118593.0, 250.0], [118592.5, 30.0], [118592.0, 231230.0], [118591.0, 250.0], [118590.0, 72150.0], [118589.0, 5510.0], [118586.5, 13970.0], [118586.0, 20.0], [118585.5, 20.0], [118585.0, 30.0], [118584.5, 520.0], [118584.0, 90260.0], [118583.5, 20.0], [118583.0, 2560.0]], "asks": [[118599.0, 501800.0], [118600.0, 276240.0], [118604.0, 50.0], [118605.0, 70.0], [118605.5, 61590.0], [118606.0, 72150.0], [118608.0, 7640.0], [118608.5, 20.0], [118609.0, 20.0], [118609.5, 20.0], [118610.0, 6020.0], [118610.5, 520.0], [118611.0, 13620.0], [118612.0, 5170.0], [118614.5, 18470.0], [118615.0, 21000.0], [118618.5, 42750.0], [118619.5, 450.0], [118620.0, 14820.0], [118622.5, 250.0]]}}}
{"jsonrpc": "2.0", "method": "subscription", "params": {"channel": "book.BTC-PERPETUAL.none.20.100ms", "data": {"timestamp": 1759382246239, "change_id": 119550963416, "instrument_name": "BTC-PERPETUAL", "bids": [[118598.5, 226820.0], [118598.0, 65170.0], [118595.5, 1000.0], [118595.0, 270.0], [118594.5, 82280.0], [118594.0, 46000.0], [118593.0, 250.0], [118592.5, 30.0], [118592.0, 231230.0], [118591.0, 250.0], [118590.0, 72150.0], [118589.0, 5510.0], [118586.5, 13950.0], [118586.0, 20.0], [118585.5, 20.0], [118585.0, 30.0], [118584.5, 520.0], [118584.0, 90260.0], [118583.5, 20.0], [118583.0, 2580.0]], "asks": [[118599.0, 501800.0], [118600.0, 276240.0], [118604.0, 50.0], [118605.0, 70.0], [118605.5, 61590.0], [118606.0, 72150.0], [118606.5, 20.0], [118607.0, 20.0], [118607.5, 20.0], [118608.0, 7640.0], [118608.5, 20.0], [118609.0, 20.0], [118609.5, 20.0], [118610.0, 6020.0], [118610.5, 500.0], [118611.0, 13620.0], [118612.0, 5170.0], [118614.5, 18470.0], [118615.0, 21000.0], [118618.5, 42750.0]]}}}
{"jsonrpc": "2.0", "method": "subscription", "params": {"channel": "book.BTC-PERPETUAL.none.20.100ms", "data": {"timestamp": 1759382246539, "change_id": 119550963720, "instrument_name": "BTC-PERPETUAL", "bids": [[118598.5, 226820.0], [118598.0, 65170.0], [118595.5, 1000.0], [118595.0, 270.0], [118594.5, 82280.0], [118594.0, 46000.0], [118593.0, 250.0], [118592.5, 30.0], [118592.0, 231230.0], [118591.0, 250.0], [118590.0, 72150.0], [118589.0, 5510.0], [118586.5, 13950.0], [118586.0, 20.0], [118585.5, 20.0], [118585.0, 30.0], [118584.5, 520.0], [118584.0, 90260.0], [118583.5, 20.0], [118583.0, 2580.0]], "asks": [[118599.0, 501800.0], [118600.0, 276240.0], [118604.0, 50.0], [118605.0, 70.0], [118605.5, 61590.0], [118606.0, 72150.0], [118607.5, 20.0], [118608.0, 7640.0], [118608.5, 20.0], [118609.0, 20.0], [118609.5, 20.0], [118610.0, 6020.0], [118610.5, 500.0], [118611.0, 13620.0], [118612.0, 5170.0], [118614.5, 18470.0], [118615.0, 21000.0], [118618.5, 42750.0], [118619.5, 450.0], [118620.0, 14820.0]]}}}
{"jsonrpc": "2.0", "method": "subscription", "params": {"channel": "book.BTC-PERPETUAL.none.20.100ms", "data": {"timestamp": 1759382246873, "change_id": 119550964195, "instrument_name": "BTC-PERPETUAL", "bids": [[118598.5, 266820.0], [118598.0, 65170.0], [118595.5, 1000.0], [118595.0, 270.0], [118594.5, 82280.0], [118594.0, 46000.0], [118593.0, 250.0], [118592.5, 30.0], [118592.0, 231230.0], [118591.0, 250.0], [118590.0, 72150.0], [118589.0, 5510.0], [118586.5, 13950.0], [118586.0, 20.0], [118585.5, 20.0], [118585.0, 30.0], [118584.5, 520.0], [118584.0, 90260.0], [118583.5, 20.0], [118583.0, 2560.0]], "asks": [[118599.0, 501800.0], [118600.0, 276240.0], [118604.0, 50.0], [118605.0, 70.0], [118605.5, 61590.0], [118606.0, 72150.0], [118607.5, 20.0], [118608.0, 7640.0], [118608.5, 20.0], [118609.0, 20.0], [118609.5, 20.0], [118610.0, 6020.0], [118610.5, 500.0], [118611.0, 13620.0], [118612.0, 5170.0], [118614.5, 18470.0], [118615.0, 21000.0], [118618.5, 42750.0], [118619.5, 450.0], [118620.0, 14820.0]]}}}
{"jsonrpc": "2.0", "method": "subscription", "params": {"channel": "book.BTC-PERPETUAL.none.20.100ms", "data": {"timestamp": 1759382247244, "change_id": 119550964570, "instrument_name": "BTC-PERPETUAL", "bids": [[118598.5, 273720.0], [118598.0, 60000.0], [118597.5, 5170.0], [118595.5, 1000.0], [118595.0, 270.0], [118594.5, 82280.0], [118594.0, 46000.0], [118593.0, 250.0], [118592.5, 30.0], [118592.0, 231230.0], [118591.0, 250.0], [118590.0, 72150.0], [118589.0, 250.0], [118587.0, 4540.0], [118586.5, 13970.0], [118586.0, 20.0], [118585.5, 20.0], [118585.0, 30.0], [118584.5, 520.0], [118584.0, 90260.0]], "asks": [[118599.0, 501800.0], [118600.0, 276240.0], [118604.0, 50.0], [118605.5, 61590.0], [118606.0, 72150.0], [118607.0, 70.0], [118607.5, 20.0], [118608.0, 7640.0], [118608.5, 20.0], [118609.0, 4020.0], [118609.5, 20.0], [118610.0, 6020.0], [118610.5, 520.0], [118611.0, 13640.0], [118612.0, 5170.0], [118614.5, 18470.0], [118615.0, 21000.0], [118618.5, 42750.0], [118619.5, 450.0], [118620.0, 14820.0]]}}}
{"jsonrpc": "2.0", "method": "subscription", "params": {"channel": "book.BTC-PERPETUAL.none.20.100ms", "data": {"timestamp": 1759382247576, "change_id": 119550964875, "instrument_name": "BTC-PERPETUAL", "bids": [[118598.5, 273720.0], [118598.0, 60000.0], [118597.5, 5170.0], [118595.5, 1000.0], [118595.0, 270.0], [118594.5, 82280.0], [118594.0, 46000.0], [118593.0, 250.0], [118592.5, 30.0], [118592.0, 231230.0], [118591.0, 250.0], [118590.0, 72150.0], [118589.0, 250.0], [118586.5, 20.0], [118586.0, 20.0], [118585.5, 20.0], [118585.0, 30.0], [118584.5, 520.0], [118584.0, 90260.0], [118583.0, 2560.0]], "asks": [[118599.0, 501800.0], [118600.0, 276240.0], [118604.0, 50.0], [118605.5, 61590.0], [118606.0, 72150.0], [118607.0, 70.0], [118607.5, 20.0], [118608.0, 7640.0], [118608.5, 20.0], [118609.0, 4020.0], [118609.5, 20.0], [118610.0, 6520.0], [118610.5, 20.0], [118611.0, 13640.0], [118612.0, 5170.0], [118614.5, 18470.0], [118615.0, 21000.0], [118618.5, 42750.0], [118619.5, 450.0], [118620.0, 14820.0]]}}}
{"jsonrpc": "2.0", "method": "subscription", "params": {"channel": "book.BTC-PERPETUAL.none.20.100ms", "data": {"timestamp": 1759382247899, "change_id": 119550965415, "instrument_name": "BTC-PERPETUAL", "bids": [[118598.5, 233720.0], [118598.0, 60000.0], [118597.5, 5170.0], [118595.5, 1000.0], [118595.0, 270.0], [118594.5, 82280.0], [118594.0, 46000.0], [118593.0, 250.0], [118592.5, 30.0], [118592.0, 231230.0], [118591.0, 250.0], [118590.0, 72150.0], [118589.0, 250.0], [118586.0, 20.0], [118585.5, 20.0], [118585.0, 30.0], [118584.5, 520.0], [118584.0, 90260.0], [118583.5, 20.0], [118583.0, 2580.0]], "asks": [[118599.0, 501800.0], [118600.0, 276240.0], [118604.0, 50.0], [118605.5, 61590.0], [118606.0, 72150.0], [118607.0, 70.0], [118607.5, 20.0], [118608.0, 7640.0], [118608.5, 20.0], [118609.0, 4020.0], [118609.5, 520.0], [118610.0, 6020.0], [118611.0, 13620.0], [118612.0, 5170.0], [118614.5, 18470.0], [118618.0, 21000.0], [118618.5, 42750.0], [118619.5, 450.0], [118620.0, 14820.0], [118622.5, 250.0]]}}}
{"jsonrpc": "2.0", "method": "subscription", "params": {"channel": "book.BTC-PERPETUAL.none.20.100ms", "data": {"timestamp": 1759382248238, "change_id": 119550965702, "instrument_name": "BTC-PERPETUAL", "bids": [[118598.5, 226820.0], [118598.0, 66900.0], [118597.5, 5170.0], [118595.5, 1000.0], [118595.0, 270.0], [118594.5, 82280.0], [118594.0, 46000.0], [118593.0, 250.0], [118592.5, 30.0], [118592.0, 231230.0], [118591.0, 250.0], [118590.0, 72150.0], [118589.0, 250.0], [118585.5, 20.0], [118585.0, 30.0], [118584.5, 520.0], [118584.0, 90260.0], [118583.5, 20.0], [118583.0, 2580.0], [118581.0, 9400.0]], "asks": [[118599.0, 501800.0], [118600.0, 276240.0], [118602.5, 72150.0], [118604.0, 50.0], [118605.5, 61590.0], [118606.0, 20.0], [118606.5, 20.0], [118607.0, 90.0], [118607.5, 20.0], [118608.0, 7640.0], [118608.5, 20.0], [118609.0, 4020.0], [118609.5, 520.0], [118610.0, 6000.0], [118611.0, 13620.0], [118612.0, 5170.0], [118614.5, 18470.0], [118618.0, 21000.0], [118618.5, 42750.0], [118619.5, 450.0]]}}}
{"jsonrpc": "2.0", "method": "subscription", "params": {"channel": "book.BTC-PERPETUAL.none.20.100ms", "data": {"timestamp": 1759382248539, "change_id": 119550966012, "instrument_name": "BTC-PERPETUAL", "bids": [[118598.5, 266820.0], [118598.0, 66900.0], [118597.5, 5170.0], [118595.5, 1000.0], [118595.0, 270.0], [118594.5, 82280.0], [118594.0, 46000.0], [118593.0, 250.0], [118592.5, 30.0], [118592.0, 231230.0], [118591.0, 250.0], [118590.0, 72150.0], [118589.0, 250.0], [118587.0, 4540.0], [118586.5, 13970.0], [118586.0, 20.0], [118585.5, 20.0], [118585.0, 30.0], [118584.5, 520.0], [118584.0, 90260.0]], "asks": [[118599.0, 501800.0], [118600.0, 276240.0], [118602.0, 61590.0], [118602.5, 72150.0], [118604.0, 50.0], [118607.0, 70.0], [118608.0, 7640.0], [118608.5, 20.0], [118609.0, 20.0], [118609.5, 520.0], [118610.0, 6020.0], [118610.5, 20.0], [118611.0, 13620.0], [118612.0, 5170.0], [118614.5, 18470.0], [118618.0, 21000.0], [118618.5, 42750.0], [118619.5, 450.0], [118620.0, 14820.0], [118622.5, 250.0]]}}}
{"jsonrpc": "2.0", "method": "subscription", "params": {"channel": "book.BTC-PERPETUAL.none.20.100ms", "data": {"timestamp": 1759382248908, "change_id": 119550966565, "instrument_name": "BTC-PERPETUAL", "bids": [[118598.5, 234820.0], [118598.0, 66900.0], [118597.5, 5170.0], [118595.5, 1000.0], [118595.0, 270.0], [118594.5, 82280.0], [118594.0, 46000.0], [118593.0, 250.0], [118592.5, 30.0], [118592.0, 231230.0], [118591.0, 250.0], [118590.0, 72150.0], [118589.0, 250.0], [118587.0, 4540.0], [118586.5, 13970.0], [118586.0, 20.0], [118585.5, 20.0], [118585.0, 30.0], [118584.5, 520.0], [118584.0, 90260.0]], "asks": [[118599.0, 465870.0], [118600.0, 276240.0], [118602.0, 61590.0], [118602.5, 72150.0], [118604.0, 50.0], [118607.0, 70.0], [118608.0, 7640.0], [118608.5, 20.0], [118609.0, 20.0], [118609.5, 20.0], [118610.0, 6020.0], [118610.5, 520.0], [118611.0, 13640.0], [118612.0, 5170.0], [118614.5, 18470.0], [118618.0, 21000.0], [118618.5, 42750.0], [118619.5, 450.0], [118620.0, 14820.0], [118622.5, 250.0]]}}}
{"jsonrpc": "2.0", "method": "subscription", "params": {"channel": "book.BTC-PERPETUAL.none.20.100ms", "data": {"timestamp": 1759382249209, "change_id": 119550966837, "instrument_name": "BTC-PERPETUAL", "bids": [[118598.5, 266820.0], [118598.0, 66900.0], [118597.5, 5170.0], [118595.5, 1000.0], [118595.0, 270.0], [118594.5, 82280.0], [118594.0, 46000.0], [118593.0, 250.0], [118592.5, 30.0], [118592.0, 231230.0], [118591.0, 250.0], [118590.0, 72150.0], [118589.0, 250.0], [118587.0, 4520.0], [118586.5, 13970.0], [118586.0, 20.0], [118585.5, 20.0], [118585.0, 30.0], [118584.5, 520.0], [118584.0, 90260.0]], "asks": [[118599.0, 465870.0], [118600.0, 276240.0], [118602.0, 61590.0], [118602.5, 72150.0], [118604.0, 50.0], [118607.0, 70.0], [118608.0, 7640.0], [118608.5, 20.0], [118609.0, 20.0], [118609.5, 20.0], [118610.0, 6020.0], [118610.5, 520.0], [118611.0, 13620.0], [118612.0, 5170.0], [118614.5, 18470.0], [118618.0, 21000.0], [118618.5, 42750.0], [118619.5, 450.0], [118620.0, 14820.0], [118622.5, 250.0]]}}}
{"jsonrpc": "2.0", "method": "subscription", "params": {"channel": "book.BTC-PERPETUAL.none.20.100ms", "data": {"timestamp": 1759382249547, "change_id": 119550967226, "instrument_name": "BTC-PERPETUAL", "bids": [[118598.5, 266820.0], [118598.0, 66900.0], [118597.5, 5170.0], [118595.5, 1000.0], [118595.0, 270.0], [118594.5, 82280.0], [118594.0, 46000.0], [118593.0, 250.0], [118592.5, 30.0], [118592.0, 231230.0], [118591.0, 250.0], [118590.0, 72150.0], [118589.0, 250.0], [118587.0, 4520.0], [118586.5, 13950.0], [118586.0, 20.0], [118585.5, 20.0], [118585.0, 30.0], [118584.5, 520.0], [118584.0, 90260.0]], "asks": [[118599.0, 465870.0], [118600.0, 276240.0], [118602.0, 61590.0], [118602.5, 72150.0], [118604.0, 50.0], [118607.0, 70.0], [118607.5, 20.0], [118608.0, 7640.0], [118608.5, 20.0], [118609.0, 20.0], [118609.5, 20.0], [118610.0, 6020.0], [118610.5, 500.0], [118611.0, 13620.0], [118612.0, 5170.0], [118614.5, 18470.0], [118618.0, 21000.0], [118618.5, 42750.0], [118619.5, 450.0], [118620.0, 14820.0]]}}}
{"jsonrpc": "2.0", "method": "subscription", "params": {"channel": "book.BTC-PERPETUAL.none.20.100ms", "data": {"timestamp": 1759382249899, "change_id": 119550967778, "instrument_name": "BTC-PERPETUAL", "bids": [[118598.5, 266820.0], [118598.0, 66900.0], [118597.5, 5170.0], [118595.5, 1000.0], [118595.0, 270.0], [118594.5, 82280.0], [118594.0, 46000.0], [118593.0, 250.0], [118592.5, 30.0], [118592.0, 231230.0], [118591.0, 250.0], [118590.0, 72150.0], [118589.0, 250.0], [118587.0, 4520.0], [118586.5, 13970.0], [118586.0, 20.0], [118585.5, 20.0], [118585.0, 30.0], [118584.5, 520.0], [118584.0, 90260.0]], "asks": [[118599.0, 465670.0], [118600.0, 276240.0], [118602.0, 61590.0], [118602.5, 72150.0], [118604.0, 50.0], [118607.0, 70.0], [118608.0, 7640.0], [118608.5, 20.0], [118609.0, 20.0], [118609.5, 20.0], [118610.0, 6020.0], [118610.5, 520.0], [118611.0, 13640.0], [118612.0, 5170.0], [118614.5, 18470.0], [118618.0, 21000.0], [118618.5, 42750.0], [118619.5, 450.0], [118620.0, 14820.0], [118622.5, 250.0]]}}}
{"jsonrpc": "2.0", "method": "subscription", "params": {"channel": "book.BTC-PERPETUAL.none.20.100ms", "data": {"timestamp": 1759382250204, "change_id": 119550968062, "instrument_name": "BTC-PERPETUAL", "bids": [[118598.5, 266820.0], [118598.0, 66900.0], [118597.5, 5170.0], [118595.5, 1000.0], [118595.0, 270.0], [118594.5, 82280.0], [118594.0, 46000.0], [118593.0, 250.0], [118592.5, 30.0], [118592.0, 231230.0], [118591.0, 250.0], [118590.0, 72150.0], [118589.0, 250.0], [118587.0, 4520.0], [118586.5, 13950.0], [118586.0, 20.0], [118585.5, 20.0], [118585.0, 30.0], [118584.5, 520.0], [118584.0, 90260.0]], "asks": [[118599.0, 465670.0], [118600.0, 276240.0], [118602.0, 61590.0], [118602.5, 72150.0], [118604.0, 50.0], [118607.0, 70.0], [118607.5, 20.0], [118608.0, 7640.0], [118608.5, 20.0], [118609.0, 20.0], [118609.5, 20.0], [118610.0, 6020.0], [118610.5, 520.0], [118611.0, 13640.0], [118612.0, 5170.0], [118614.5, 18470.0], [118618.0, 21000.0], [118618.5, 42750.0], [118619.5, 450.0], [118620.0, 14820.0]]}}}
{"jsonrpc": "2.0", "method": "subscription", "params": {"channel": "book.BTC-PERPETUAL.none.20.100ms", "data": {"timestamp": 1759382250557, "change_id": 119550968375, "instrument_name": "BTC-PERPETUAL", "bids": [[118598.5, 266820.0], [118598.0, 66900.0], [118597.5, 5170.0], [118595.5, 1000.0], [118595.0, 270.0], [118594.5, 82280.0], [118594.0, 46000.0], [118593.0, 250.0], [118592.5, 30.0], [118592.0, 231230.0], [118591.0, 250.0], [118590.0, 72150.0], [118589.0, 250.0], [118587.0, 4520.0], [118586.5, 13950.0], [118586.0, 20.0], [118585.5, 20.0], [118585.0, 30.0], [118584.5, 520.0], [118584.0, 90260.0]], "asks": [[118599.0, 465670.0], [118600.0, 276240.0], [118602.0, 61590.0], [118602.5, 72150.0], [118604.0, 50.0], [118606.5, 20.0], [118607.0, 90.0], [118607.5, 20.0], [118608.0, 7640.0], [118608.5, 20.0], [118609.0, 20.0], [118609.5, 20.0], [118610.0, 6020.0], [118610.5, 500.0], [118611.0, 13620.0], [118612.0, 5170.0], [118614.5, 18470.0], [118618.0, 21000.0], [118618.5, 42750.0], [118619.5, 450.0]]}}}
{"jsonrpc": "2.0", "method": "subscription", "params": {"channel": "book.BTC-PERPETUAL.none.20.100ms", "data": {"timestamp": 1759382250860, "change_id": 119550968823, "instrument_name": "BTC-PERPETUAL", "bids": [[118598.5, 266820.0], [118598.0, 66900.0], [118597.5, 5170.0], [118595.5, 1000.0], [118595.0, 270.0], [118594.5, 82280.0], [118594.0, 46000.0], [118593.0, 250.0], [118592.5, 30.0], [118592.0, 231230.0], [118591.0, 250.0], [118590.0, 72150.0], [118589.0, 250.0], [118587.0, 4520.0], [118586.5, 13950.0], [118586.0, 20.0], [118585.5, 20.0], [118585.0, 30.0], [118584.5, 520.0], [118584.0, 90260.0]], "asks": [[118599.0, 465670.0], [118600.0, 276240.0], [118602.0, 61590.0], [118602.5, 72150.0], [118604.0, 50.0], [118607.0, 90.0], [118607.5, 20.0], [118608.0, 7640.0], [118608.5, 20.0], [118609.0, 20.0], [118609.5, 20.0], [118610.0, 6020.0], [118610.5, 500.0], [118611.0, 13620.0], [118612.0, 5170.0], [118614.5, 18470.0], [118618.0, 21000.0], [118618.5, 42750.0], [118619.5, 450.0], [118620.0, 14820.0]]}}}
{"jsonrpc": "2.0", "method": "subscription", "params": {"channel": "book.BTC-PERPETUAL.none.20.100ms", "data": {"timestamp": 1759382251212, "change_id": 119550969165, "instrument_name": "BTC-PERPETUAL", "bids": [[118598.5, 266820.0], [118598.0, 66900.0], [118597.5, 5170.0], [118595.5, 1000.0], [118595.0, 270.0], [118594.5, 82280.0], [118594.0, 46000.0], [118593.0, 250.0], [118592.5, 30.0], [118592.0, 231230.0], [118591.0, 250.0], [118590.0, 72150.0], [118589.0, 250.0], [118587.5, 20.0], [118587.0, 4540.0], [118586.5, 13970.0], [118586.0, 20.0], [118585.5, 20.0], [118585.0, 30.0], [118584.5, 520.0]], "asks": [[118599.0, 465670.0], [118600.0, 276240.0], [118602.0, 61590.0], [118602.5, 72150.0], [118604.0, 50.0], [118607.0, 70.0], [118608.0, 7620.0], [118609.0, 20.0], [118609.5, 20.0], [118610.0, 6020.0], [118610.5, 520.0], [118611.0, 13640.0], [118612.0, 5170.0], [118614.5, 18470.0], [118618.0, 21000.0], [118618.5, 42750.0], [118619.5, 450.0], [118620.0, 14820.0], [118622.5, 250.0], [118623.5, 250.0]]}}}
{"jsonrpc": "2.0", "method": "subscription", "params": {"channel": "book.BTC-PERPETUAL.none.20.100ms", "data": {"timestamp": 1759382251526, "change_id": 119550969418, "instrument_name": "BTC-PERPETUAL", "bids": [[118598.5, 260890.0], [118598.0, 60000.0], [118597.5, 5170.0], [118595.5, 1000.0], [118595.0, 270.0], [118594.5, 82280.0], [118594.0, 46000.0], [118593.0, 250.0], [118592.5, 30.0], [118592.0, 231230.0], [118591.0, 250.0], [118590.0, 72150.0], [118589.0, 250.0], [118585.0, 30.0], [118584.5, 520.0], [118584.0, 90260.0], [118583.5, 20.0], [118583.0, 2580.0], [118582.5, 20.0], [118581.0, 9400.0]], "asks": [[118599.0, 465670.0], [118600.0, 276240.0], [118602.0, 61590.0], [118602.5, 72150.0], [118604.0, 50.0], [118606.5, 20.0], [118607.0, 90.0], [118608.0, 7620.0], [118609.0, 20.0], [118609.5, 520.0], [118610.0, 6020.0], [118610.5, 20.0], [118611.0, 13620.0], [118612.0, 5170.0], [118614.5, 18470.0], [118618.0, 21000.0], [118618.5, 42750.0], [118619.5, 450.0], [118620.0, 14820.0], [118622.5, 250.0]]}}}
{"jsonrpc": "2.0", "method": "subscription", "params": {"channel": "book.BTC-PERPETUAL.none.20.100ms", "data": {"timestamp": 1759382251882, "change_id": 119550970234, "instrument_name": "BTC-PERPETUAL", "bids": [[118598.5, 113690.0], [118598.0, 65170.0], [118595.5, 1000.0], [118595.0, 20.0], [118594.5, 82510.0], [118594.0, 46000.0], [118592.5, 231260.0], [118591.0, 250.0], [118589.0, 250.0], [118588.0, 22950.0], [118587.5, 76000.0], [118585.0, 10.0], [118584.0, 90530.0], [118583.0, 2560.0], [118581.0, 9400.0], [118580.0, 550.0], [118579.5, 288600.0], [118578.5, 500.0], [118578.0, 36790.0], [118577.5, 33350.0]], "asks": [[118599.0, 527260.0], [118600.0, 276240.0], [118602.5, 72150.0], [118604.0, 50.0], [118607.0, 90.0], [118607.5, 520.0], [118608.0, 14020.0], [118608.5, 4020.0], [118609.0, 20.0], [118609.5, 20.0], [118610.0, 6000.0], [118611.0, 13620.0], [118611.5, 21000.0], [118612.0, 5170.0], [118614.5, 12170.0], [118618.5, 42750.0], [118619.5, 450.0], [118620.0, 20470.0], [118622.5, 250.0], [118623.5, 250.0]]}}}
{"jsonrpc": "2.0", "method": "subscription", "params": {"channel": "book.BTC-PERPETUAL.none.20.100ms", "data": {"timestamp": 1759382252144, "change_id": 119550970558, "instrument_name": "BTC-PERPETUAL", "bids": [[118598.5, 113690.0], [118598.0, 65170.0], [118595.5, 1000.0], [118595.0, 270.0], [118594.5, 82510.0], [118594.0, 46000.0], [118593.0, 250.0], [118592.5, 231260.0], [118591.0, 250.0], [118590.5, 72150.0], [118589.0, 250.0], [118588.0, 22950.0], [118587.5, 76000.0], [118585.0, 10.0], [118584.0, 90530.0], [118583.0, 2560.0], [118581.0, 9400.0], [118580.0, 550.0], [118579.5, 288600.0], [118578.5, 500.0]], "asks": [[118599.0, 527660.0], [118600.0, 276240.0], [118602.5, 72150.0], [118604.0, 50.0], [118607.0, 90.0], [118607.5, 520.0], [118608.0, 18020.0], [118608.5, 20.0], [118609.0, 20.0], [118609.5, 20.0], [118610.0, 6000.0], [118611.0, 13620.0], [118611.5, 21000.0], [118612.0, 5170.0], [118614.5, 12170.0], [118618.5, 42750.0], [118619.5, 450.0], [118620.0, 14820.0], [118622.5, 250.0], [118623.5, 250.0]]}}}
{"jsonrpc": "2.0", "method": "subscription", "params": {"channel": "book.BTC-PERPETUAL.none.20.100ms", "data": {"timestamp": 1759382252507, "change_id": 119550970768, "instrument_name": "BTC-PERPETUAL", "bids": [[118598.5, 113690.0], [118598.0, 65170.0], [118595.5, 1000.0], [118595.0, 270.0], [118594.5, 82510.0], [118594.0, 46000.0], [118593.0, 250.0], [118592.5, 231260.0], [118591.0, 250.0], [118590.5, 72150.0], [118589.0, 250.0], [118588.0, 22950.0], [118587.5, 76000.0], [118585.0, 10.0], [118584.0, 90530.0], [118583.0, 2560.0], [118582.5, 20.0], [118582.0, 20.0], [118581.5, 20.0], [118581.0, 9420.0]], "asks": [[118599.0, 527660.0], [118600.0, 276240.0], [118602.5, 72150.0], [118603.0, 20.0], [118603.5, 20.0], [118604.0, 70.0], [118604.5, 20.0], [118605.0, 20.0], [118605.5, 20.0], [118606.0, 20.0], [118606.5, 20.0], [118607.0, 70.0], [118607.5, 500.0], [118608.0, 14000.0], [118610.0, 6000.0], [118611.0, 13620.0], [118611.5, 21000.0], [118612.0, 5170.0], [118614.5, 12170.0], [118618.5, 42750.0]]}}}
{"jsonrpc": "2.0", "method": "subscription", "params": {"channel": "book.BTC-PERPETUAL.none.20.100ms", "data": {"timestamp": 1759382252877, "change_id": 119550971341, "instrument_name": "BTC-PERPETUAL", "bids": [[118598.5, 113690.0], [118598.0, 65170.0], [118595.5, 1000.0], [118595.0, 270.0], [118594.5, 82510.0], [118594.0, 46000.0], [118593.0, 250.0], [118592.5, 231260.0], [118591.0, 250.0], [118590.5, 72150.0], [118589.0, 250.0], [118588.0, 22950.0], [118587.5, 76000.0], [118585.0, 10.0], [118584.0, 90530.0], [118583.0, 2580.0], [118582.5, 20.0], [118582.0, 20.0], [118581.5, 20.0], [118581.0, 9420.0]], "asks": [[118599.0, 527660.0], [118600.0, 276240.0], [118602.5, 72150.0], [118604.0, 50.0], [118604.5, 20.0], [118605.0, 20.0], [118605.5, 20.0], [118606.0, 20.0], [118606.5, 4020.0], [118607.0, 70.0], [118607.5, 500.0], [118608.0, 14000.0], [118610.0, 6000.0], [118611.0, 13620.0], [118611.5, 21000.0], [118612.0, 5170.0], [118614.5, 12170.0], [118618.5, 42750.0], [118619.5, 450.0], [118620.0, 20470.0]]}}}
{"jsonrpc": "2.0", "method": "subscription", "params": {"channel": "book.BTC-PERPETUAL.none.20.100ms", "data": {"timestamp": 1759382253165, "change_id": 119550971704, "instrument_name": "BTC-PERPETUAL", "bids": [[118598.5, 113690.0], [118598.0, 72070.0], [118595.5, 1000.0], [118595.0, 270.0], [118594.5, 82510.0], [118594.0, 46000.0], [118593.0, 250.0], [118592.5, 231260.0], [118591.0, 250.0], [118590.5, 72150.0], [118589.0, 250.0], [118588.0, 22950.0], [118587.5, 76000.0], [118585.0, 10.0], [118584.0, 90530.0], [118583.5, 20.0], [118583.0, 2580.0], [118582.5, 20.0], [118582.0, 20.0], [118581.5, 20.0]], "asks": [[118599.0, 527660.0], [118600.0, 276240.0], [118602.5, 72150.0], [118604.0, 50.0], [118606.0, 520.0], [118606.5, 4020.0], [118607.0, 90.0], [118607.5, 20.0], [118608.0, 14020.0], [118610.0, 6000.0], [118611.0, 13620.0], [118611.5, 21000.0], [118612.0, 5170.0], [118614.5, 12170.0], [118618.5, 42750.0], [118619.5, 450.0], [118620.0, 14820.0], [118622.5, 250.0], [118623.5, 250.0], [118625.0, 48880.0]]}}}
{"jsonrpc": "2.0", "method": "subscription", "params": {"channel": "book.BTC-PERPETUAL.none.20.100ms", "data": {"timestamp": 1759382253534, "change_id": 119550971934, "instrument_name": "BTC-PERPETUAL", "bids": [[118598.5, 113690.0], [118598.0, 65170.0], [118595.5, 1000.0], [118595.0, 270.0], [118594.5, 82510.0], [118594.0, 46000.0], [118593.0, 250.0], [118592.5, 231260.0], [118591.0, 250.0], [118590.5, 72150.0], [118589.0, 250.0], [118588.0, 22950.0], [118587.5, 76000.0], [118585.0, 10.0], [118584.0, 90530.0], [118583.0, 2580.0], [118582.5, 20.0], [118582.0, 20.0], [118581.5, 20.0], [118581.0, 9420.0]], "asks": [[118599.0, 527660.0], [118600.0, 276240.0], [118602.5, 72150.0], [118604.0, 50.0], [118604.5, 20.0], [118605.0, 20.0], [118605.5, 20.0], [118606.0, 520.0], [118606.5, 4020.0], [118607.0, 90.0], [118607.5, 20.0], [118608.0, 14020.0], [118610.0, 6000.0], [118611.0, 13620.0], [118611.5, 21000.0], [118612.0, 5170.0], [118614.5, 12170.0], [118618.5, 42750.0], [118619.5, 450.0], [118620.0, 14820.0]]}}}
{"jsonrpc": "2.0", "method": "subscription", "params": {"channel": "book.BTC-PERPETUAL.none.20.100ms", "data": {"timestamp": 1759382253866, "change_id": 119550972482, "instrument_name": "BTC-PERPETUAL", "bids": [[118598.5, 113690.0], [118598.0, 65170.0], [118595.5, 1000.0], [118595.0, 270.0], [118594.5, 82510.0], [118594.0, 46000.0], [118593.0, 250.0], [118592.5, 231260.0], [118591.0, 250.0], [118590.5, 72150.0], [118589.0, 250.0], [118588.0, 22950.0], [118587.5, 76000.0], [118585.0, 10.0], [118584.0, 90530.0], [118583.0, 2580.0], [118582.5, 20.0], [118582.0, 20.0], [118581.5, 20.0], [118581.0, 9420.0]], "asks": [[118599.0, 527660.0], [118600.0, 276240.0], [118602.5, 72150.0], [118604.0, 50.0], [118604.5, 20.0], [118605.0, 20.0], [118605.5, 20.0], [118606.0, 520.0], [118606.5, 20.0], [118607.0, 90.0], [118607.5, 20.0], [118608.0, 14020.0], [118610.0, 6000.0], [118611.0, 13620.0], [118611.5, 21000.0], [118612.0, 5170.0], [118614.5, 12170.0], [118618.5, 42750.0], [118619.5, 450.0], [118620.0, 14820.0]]}}}
{"jsonrpc": "2.0", "method": "subscription", "params": {"channel": "book.BTC-PERPETUAL.none.20.100ms", "data": {"timestamp": 1759382254197, "change_id": 119550972814, "instrument_name": "BTC-PERPETUAL", "bids": [[118598.5, 123440.0], [118598.0, 60000.0], [118595.5, 1000.0], [118595.0, 5440.0], [118594.5, 82510.0], [118594.0, 46000.0], [118593.0, 250.0], [118592.5, 231260.0], [118591.0, 250.0], [118590.5, 72150.0], [118589.0, 250.0], [118588.0, 22950.0], [118587.5, 76000.0], [118585.0, 10.0], [118584.0, 90530.0], [118583.5, 20.0], [118583.0, 2580.0], [118582.5, 20.0], [118582.0, 20.0], [118581.5, 20.0]], "asks": [[118599.0, 527660.0], [118600.0, 276240.0], [118602.5, 72150.0], [118604.0, 50.0], [118605.0, 20.0], [118605.5, 20.0], [118606.0, 20.0], [118606.5, 20.0], [118607.0, 590.0], [118607.5, 20.0], [118608.0, 14020.0], [118610.0, 6000.0], [118611.0, 13620.0], [118611.5, 21000.0], [118612.0, 5170.0], [118614.5, 12170.0], [118618.5, 42750.0], [118619.5, 450.0], [118620.0, 14820.0], [118622.5, 250.0]]}}}
{"jsonrpc": "2.0", "method": "subscription", "params": {"channel": "book.BTC-PERPETUAL.none.20.100ms", "data": {"timestamp": 1759382254516, "change_id": 119550973053, "instrument_name": "BTC-PERPETUAL", "bids": [[118598.5, 123440.0], [118598.0, 60000.0], [118595.5, 1000.0], [118595.0, 5440.0], [118594.5, 82510.0], [118594.0, 46000.0], [118593.0, 250.0], [118592.5, 231260.0], [118591.0, 250.0], [118590.5, 72150.0], [118589.0, 250.0], [118588.0, 22950.0], [118587.5, 76000.0], [118585.0, 10.0], [118584.0, 90530.0], [118583.5, 20.0], [118583.0, 2580.0], [118582.5, 20.0], [118582.0, 20.0], [118581.5, 20.0]], "asks": [[118599.0, 527660.0], [118600.0, 276240.0], [118602.5, 72150.0], [118604.0, 50.0], [118604.5, 20.0], [118605.0, 20.0], [118605.5, 20.0], [118606.0, 20.0], [118606.5, 520.0], [118607.0, 90.0], [118607.5, 20.0], [118608.0, 14020.0], [118610.0, 6000.0], [118611.0, 13620.0], [118611.5, 21000.0], [118612.0, 5170.0], [118614.5, 12170.0], [118618.5, 42750.0], [118619.5, 450.0], [118620.0, 14820.0]]}}}
{"jsonrpc": "2.0", "method": "subscription", "params": {"channel": "book.BTC-PERPETUAL.none.20.100ms", "data": {"timestamp": 1759382254852, "change_id": 119550973395, "instrument_name": "BTC-PERPETUAL", "bids": [[118598.5, 123440.0], [118598.0, 60000.0], [118595.5, 1000.0], [118595.0, 5440.0], [118594.5, 82510.0], [118594.0, 46000.0], [118593.0, 250.0], [118592.5, 231260.0], [118591.0, 250.0], [118590.5, 72150.0], [118589.0, 250.0], [118588.0, 22950.0], [118587.5, 76000.0], [118585.0, 10.0], [118584.0, 90550.0], [118583.5, 20.0], [118583.0, 2580.0], [118582.5, 20.0], [118582.0, 20.0], [118581.5, 20.0]], "asks": [[118599.0, 527660.0], [118600.0, 276240.0], [118602.5, 72150.0], [118604.0, 50.0], [118605.0, 20.0], [118605.5, 20.0], [118606.0, 20.0], [118606.5, 20.0], [118607.0, 90.0], [118607.5, 520.0], [118608.0, 14020.0], [118610.0, 6000.0], [118611.0, 13620.0], [118611.5, 21000.0], [118612.0, 5170.0], [118614.5, 12170.0], [118618.5, 42750.0], [118619.5, 450.0], [118620.0, 14820.0], [118622.5, 250.0]]}}}
{"jsonrpc": "2.0", "method": "subscription", "params": {"channel": "book.BTC-PERPETUAL.none.20.100ms", "data": {"timestamp": 1759382255199, "change_id": 119550973906, "instrument_name": "BTC-PERPETUAL", "bids": [[118598.5, 123440.0], [118598.0, 60000.0], [118595.5, 1000.0], [118595.0, 5440.0], [118594.5, 82510.0], [118594.0, 46000.0], [118593.0, 250.0], [118592.5, 231260.0], [118591.0, 250.0], [118590.5, 72150.0], [118589.0, 250.0], [118588.0, 22950.0], [118587.5, 76000.0], [118585.0, 10.0], [118584.0, 90550.0], [118583.5, 20.0], [118583.0, 2580.0], [118582.5, 20.0], [118582.0, 20.0], [118581.5, 20.0]], "asks": [[118599.0, 527660.0], [118600.0, 276240.0], [118602.5, 72150.0], [118604.0, 50.0], [118604.5, 20.0], [118605.0, 20.0], [118605.5, 20.0], [118606.0, 20.0], [118606.5, 20.0], [118607.0, 90.0], [118607.5, 520.0], [118608.0, 14020.0], [118610.0, 6000.0], [118611.0, 13620.0], [118611.5, 21000.0], [118612.0, 5170.0], [118614.5, 12170.0], [118618.5, 42750.0], [118619.5, 450.0], [118620.0, 14820.0]]}}}
{"jsonrpc": "2.0", "method": "subscription", "params": {"channel": "book.BTC-PERPETUAL.none.20.100ms", "data": {"timestamp": 1759382255526, "change_id": 119550974139, "instrument_name": "BTC-PERPETUAL", "bids": [[118598.5, 123440.0], [118598.0, 60000.0], [118595.5, 1000.0], [118595.0, 5440.0], [118594.5, 82510.0], [118594.0, 46000.0], [118593.0, 250.0], [118592.5, 231260.0], [118591.0, 250.0], [118590.5, 72150.0], [118589.0, 250.0], [118588.0, 22950.0], [118587.5, 76000.0], [118585.0, 30.0], [118584.5, 20.0], [118584.0, 90550.0], [118583.5, 20.0], [118583.0, 2580.0], [118582.5, 20.0], [118582.0, 20.0]], "asks": [[118599.0, 527660.0], [118600.0, 276240.0], [118602.5, 72150.0], [118604.0, 50.0], [118606.0, 20.0], [118606.5, 20.0], [118607.0, 90.0], [118607.5, 520.0], [118608.0, 14020.0], [118608.5, 20.0], [118610.0, 6000.0], [118611.0, 13620.0], [118611.5, 21000.0], [118612.0, 5170.0], [118614.5, 12170.0], [118618.5, 42750.0], [118619.5, 450.0], [118620.0, 14820.0], [118622.5, 250.0], [118623.5, 250.0]]}}}
{"jsonrpc": "2.0", "method": "subscription", "params": {"channel": "book.BTC-PERPETUAL.none.20.100ms", "data": {"timestamp": 1759382255855, "change_id": 119550974507, "instrument_name": "BTC-PERPETUAL", "bids": [[118598.5, 123440.0], [118598.0, 60000.0], [118595.5, 1000.0], [118595.0, 5710.0], [118594.5, 82510.0], [118594.0, 46000.0], [118593.0, 250.0], [118592.5, 231260.0], [118591.0, 250.0], [118590.5, 72150.0], [118589.0, 250.0], [118588.0, 22950.0], [118587.5, 76000.0], [118585.0, 30.0], [118584.5, 20.0], [118584.0, 90550.0], [118583.5, 20.0], [118583.0, 2580.0], [118582.5, 20.0], [118582.0, 20.0]], "asks": [[118599.0, 527660.0], [118600.0, 276240.0], [118602.5, 72150.0], [118604.0, 50.0], [118606.0, 20.0], [118606.5, 520.0], [118607.0, 90.0], [118607.5, 20.0], [118608.0, 14020.0], [118608.5, 20.0], [118609.0, 20.0], [118610.0, 6000.0], [118611.0, 13620.0], [118611.5, 21000.0], [118612.0, 5170.0], [118614.5, 12170.0], [118618.5, 42750.0], [118619.5, 450.0], [118620.0, 14820.0], [118622.5, 250.0]]}}}
{"jsonrpc": "2.0", "method": "subscription", "params": {"channel": "book.BTC-PERPETUAL.none.20.100ms", "data": {"timestamp": 1759382256157, "change_id": 119550975027, "instrument_name": "BTC-PERPETUAL", "bids": [[118598.5, 123440.0], [118598.0, 60000.0], [118595.5, 1000.0], [118595.0, 5710.0], [118594.5, 82510.0], [118594.0, 46000.0], [118593.0, 250.0], [118592.5, 231260.0], [118591.0, 250.0], [118590.5, 72150.0], [118589.0, 250.0], [118588.0, 22950.0], [118587.5, 76000.0], [118585.0, 30.0], [118584.5, 20.0], [118584.0, 90550.0], [118583.5, 20.0], [118583.0, 2580.0], [118582.5, 220.0], [118582.0, 20.0]], "asks": [[118599.0, 527660.0], [118600.0, 276240.0], [118602.5, 72150.0], [118604.0, 50.0], [118606.0, 20.0], [118606.5, 20.0], [118607.0, 90.0], [118607.5, 520.0], [118608.0, 14020.0], [118608.5, 20.0], [118610.0, 6000.0], [118611.0, 13620.0], [118611.5, 21000.0], [118612.0, 5170.0], [118614.5, 12170.0], [118617.5, 110.0], [118618.5, 42750.0], [118619.5, 450.0], [118620.0, 14820.0], [118622.5, 250.0]]}}}
{"jsonrpc": "2.0", "method": "subscription", "params": {"channel": "book.BTC-PERPETUAL.none.20.100ms", "data": {"timestamp": 1759382256516, "change_id": 119550975260, "instrument_name": "BTC-PERPETUAL", "bids": [[118598.5, 123440.0], [118598.0, 60000.0], [118595.5, 1000.0], [118595.0, 5710.0], [118594.5, 82510.0], [118594.0, 46000.0], [118593.0, 250.0], [118592.5, 231260.0], [118591.0, 250.0], [118590.5, 72150.0], [118589.0, 250.0], [118588.0, 22950.0], [118587.5, 76000.0], [118585.0, 30.0], [118584.5, 20.0], [118584.0, 90550.0], [118583.5, 20.0], [118583.0, 2580.0], [118582.5, 220.0], [118582.0, 20.0]], "asks": [[118599.0, 527660.0], [118600.0, 276240.0], [118602.5, 72150.0], [118604.0, 50.0], [118606.0, 20.0], [118606.5, 20.0], [118607.0, 90.0], [118607.5, 520.0], [118608.0, 14020.0], [118608.5, 20.0], [118610.0, 6000.0], [118611.0, 13620.0], [118611.5, 21000.0], [118612.0, 5170.0], [118614.5, 12170.0], [118617.5, 110.0], [118618.5, 42750.0], [118619.5, 450.0], [118620.0, 14820.0], [118622.5, 250.0]]}}}
{"jsonrpc": "2.0", "method": "subscription", "params": {"channel": "book.BTC-PERPETUAL.none.20.100ms", "data": {"timestamp": 1759382256820, "change_id": 119550975677, "instrument_name": "BTC-PERPETUAL", "bids": [[118598.5, 123440.0], [118598.0, 60000.0], [118595.5, 1000.0], [118595.0, 5710.0], [118594.5, 82510.0], [118594.0, 46000.0], [118593.0, 250.0], [118592.5, 231260.0], [118591.0, 250.0], [118590.5, 72150.0], [118589.0, 250.0], [118588.0, 22950.0], [118587.5, 76000.0], [118585.0, 10.0], [118584.5, 20.0], [118584.0, 90550.0], [118583.5, 20.0], [118583.0, 2580.0], [118582.5, 220.0], [118582.0, 20.0]], "asks": [[118599.0, 527660.0], [118600.0, 276240.0], [118602.5, 72150.0], [118604.0, 50.0], [118605.5, 20.0], [118606.0, 20.0], [118606.5, 20.0], [118607.0, 90.0], [118607.5, 520.0], [118608.0, 14020.0], [118608.5, 20.0], [118609.0, 20.0], [118610.0, 6000.0], [118611.0, 13620.0], [118611.5, 21000.0], [118612.0, 5170.0], [118614.5, 12170.0], [118617.5, 110.0], [118618.5, 42750.0], [118619.5, 450.0]]}}}
{"jsonrpc": "2.0", "method": "subscription", "params": {"channel": "book.BTC-PERPETUAL.none.20.100ms", "data": {"timestamp": 1759382257183, "change_id": 119550976237, "instrument_name": "BTC-PERPETUAL", "bids": [[118598.5, 99610.0], [118598.0, 60000.0], [118595.5, 1000.0], [118595.0, 5710.0], [118594.5, 14960.0], [118594.0, 46000.0], [118593.0, 250.0], [118592.5, 30.0], [118591.0, 250.0], [118589.0, 250.0], [118588.0, 22950.0], [118587.5, 76000.0], [118585.0, 10.0], [118584.0, 4100.0], [118583.0, 2560.0], [118582.5, 200.0], [118582.0, 20.0], [118581.5, 20.0], [118581.0, 9420.0], [118580.5, 20.0]], "asks": [[118599.0, 527660.0], [118599.5, 104740.0], [118600.0, 276240.0], [118602.5, 72150.0], [118603.0, 20.0], [118603.5, 20.0], [118604.0, 70.0], [118604.5, 20.0], [118605.0, 20.0], [118605.5, 20.0], [118606.0, 20.0], [118606.5, 20.0], [118607.0, 70.0], [118607.5, 500.0], [118608.0, 14000.0], [118610.0, 6000.0], [118611.0, 13620.0], [118611.5, 21000.0], [118612.0, 5170.0], [118614.5, 12170.0]]}}}
{"jsonrpc": "2.0", "method": "subscription", "params": {"channel": "book.BTC-PERPETUAL.none.20.100ms", "data": {"timestamp": 1759382257515, "change_id": 119550977764, "instrument_name": "BTC-PERPETUAL", "bids": [[118598.5, 31250.0], [118595.5, 1000.0], [118595.0, 290.0], [118594.5, 1000.0], [118594.0, 1000.0], [118592.5, 30.0], [118590.5, 20000.0], [118585.5, 60000.0], [118585.0, 10.0], [118583.0, 27740.0], [118582.5, 45200.0], [118580.0, 50.0], [118579.0, 250.0], [118578.5, 46970.0], [118578.0, 26810.0], [118577.5, 1000.0], [118575.5, 5170.0], [118575.0, 250.0], [118574.5, 88100.0], [118573.5, 250.0]], "asks": [[118599.0, 605410.0], [118599.5, 104740.0], [118600.0, 282240.0], [118601.0, 4000.0], [118602.5, 72150.0], [118603.0, 20.0], [118603.5, 20.0], [118604.0, 20.0], [118604.5, 20.0], [118605.0, 20.0], [118605.5, 20.0], [118606.0, 20.0], [118606.5, 20.0], [118608.0, 6380.0], [118611.0, 13620.0], [118611.5, 250.0], [118612.0, 5170.0], [118614.0, 7610.0], [118614.5, 25010.0], [118617.5, 360.0]]}}}
{"jsonrpc": "2.0", "method": "subscription", "params": {"channel": "book.BTC-PERPETUAL.none.20.100ms", "data": {"timestamp": 1759382257844, "change_id": 119550978764, "instrument_name": "BTC-PERPETUAL", "bids": [[118598.5, 30250.0], [118595.5, 1000.0], [118595.0, 290.0], [118594.5, 1000.0], [118594.0, 1000.0], [118592.5, 30.0], [118587.0, 20000.0], [118585.0, 10.0], [118584.0, 37840.0], [118582.5, 450.0], [118580.0, 50.0], [118579.0, 45250.0], [118578.5, 250.0], [118578.0, 80130.0], [118576.5, 23350.0], [118576.0, 72150.0], [118575.0, 250.0], [118574.5, 13950.0], [118573.5, 5420.0], [118572.5, 40.0]], "asks": [[118599.0, 657080.0], [118599.5, 104740.0], [118600.0, 284240.0], [118602.5, 72150.0], [118603.0, 20.0], [118603.5, 20.0], [118604.0, 20.0], [118604.5, 20.0], [118605.0, 20.0], [118605.5, 20.0], [118606.0, 20.0], [118606.5, 20.0], [118608.0, 13910.0], [118610.0, 25000.0], [118611.0, 13620.0], [118611.5, 250.0], [118612.0, 5170.0], [118613.5, 5000.0], [118614.5, 10.0], [118617.5, 360.0]]}}}
{"jsonrpc": "2.0", "method": "subscription", "params": {"channel": "book.BTC-PERPETUAL.none.20.100ms", "data": {"timestamp": 1759382258176, "change_id": 119550979949, "instrument_name": "BTC-PERPETUAL", "bids": [[118598.5, 30250.0], [118595.5, 1000.0], [118595.0, 290.0], [118594.5, 1000.0], [118594.0, 1000.0], [118592.5, 30.0], [118585.0, 10.0], [118582.5, 200.0], [118580.0, 45050.0], [118579.0, 250.0], [118578.5, 250.0], [118575.0, 250.0], [118573.5, 28350.0], [118572.5, 20.0], [118572.0, 22190.0], [118570.0, 450.0], [118569.5, 250.0], [118569.0, 20.0], [118568.5, 20.0], [118568.0, 20.0]], "asks": [[118599.0, 657100.0], [118599.5, 104760.0], [118600.0, 284240.0], [118602.5, 72150.0], [118603.0, 20.0], [118603.5, 20.0], [118604.0, 20.0], [118604.5, 20.0], [118605.0, 20.0], [118605.5, 20.0], [118608.0, 13910.0], [118609.0, 25000.0], [118611.0, 13620.0], [118611.5, 250.0], [118612.0, 5170.0], [118613.5, 5000.0], [118614.5, 10.0], [118617.5, 360.0], [118620.0, 24970.0], [118624.5, 40000.0]]}}}
{"jsonrpc": "2.0", "method": "subscription", "params": {"channel": "book.BTC-PERPETUAL.none.20.100ms", "data": {"timestamp": 1759382258508, "change_id": 119550980613, "instrument_name": "BTC-PERPETUAL", "bids": [[118598.5, 9310.0], [118595.5, 1000.0], [118595.0, 290.0], [118594.5, 1000.0], [118594.0, 1000.0], [118592.5, 30.0], [118586.0, 20000.0], [118585.0, 10.0], [118582.5, 200.0], [118580.5, 60000.0], [118580.0, 50.0], [118579.5, 13830.0], [118579.0, 45000.0], [118578.5, 250.0], [118577.0, 4050.0], [118575.0, 250.0], [118573.5, 250.0], [118572.5, 20.0], [118572.0, 12980.0], [118571.5, 23710.0]], "asks": [[118599.0, 659380.0], [118599.5, 104760.0], [118600.0, 282260.0], [118602.5, 72150.0], [118603.0, 20.0], [118603.5, 20.0], [118604.0, 20.0], [118604.5, 20.0], [118605.0, 20.0], [118608.0, 13840.0], [118608.5, 25000.0], [118611.0, 13620.0], [118612.0, 5170.0], [118613.5, 5000.0], [118614.5, 10.0], [118617.5, 110.0], [118620.0, 24970.0], [118624.5, 40000.0], [118625.0, 48880.0], [118626.0, 110310.0]]}}}
{"jsonrpc": "2.0", "method": "subscription", "params": {"channel": "book.BTC-PERPETUAL.none.20.100ms", "data": {"timestamp": 1759382258826, "change_id": 119550981208, "instrument_name": "BTC-PERPETUAL", "bids": [[118598.5, 9310.0], [118595.5, 1000.0], [118595.0, 290.0], [118594.5, 1000.0], [118594.0, 1000.0], [118592.5, 30.0], [118586.5, 20000.0], [118585.0, 10.0], [118582.5, 200.0], [118581.5, 60000.0], [118580.0, 50.0], [118579.5, 13830.0], [118579.0, 45000.0], [118578.5, 250.0], [118577.0, 4050.0], [118575.0, 250.0], [118573.5, 250.0], [118572.5, 20.0], [118572.0, 12980.0], [118571.5, 23710.0]], "asks": [[118599.0, 659380.0], [118599.5, 179860.0], [118600.0, 282260.0], [118602.5, 72150.0], [118603.0, 20.0], [118603.5, 20.0], [118604.0, 20.0], [118604.5, 20.0], [118605.0, 20.0], [118606.5, 288600.0], [118608.0, 13840.0], [118608.5, 25000.0], [118611.0, 13620.0], [118612.0, 5170.0], [118614.5, 10.0], [118617.5, 110.0], [118620.0, 24970.0], [118624.5, 40000.0], [118625.0, 48880.0], [118626.0, 37740.0]]}}}
{"jsonrpc": "2.0", "method": "subscription", "params": {"channel": "book.BTC-PERPETUAL.none.20.100ms", "data": {"timestamp": 1759382259168, "change_id": 119550981792, "instrument_name": "BTC-PERPETUAL", "bids": [[118598.5, 9310.0], [118595.5, 1000.0], [118595.0, 290.0], [118594.5, 1000.0], [118594.0, 1000.0], [118592.5, 30.0], [118586.5, 20000.0], [118586.0, 20420.0], [118585.0, 10.0], [118582.5, 200.0], [118581.5, 60000.0], [118580.0, 50.0], [118579.5, 13830.0], [118579.0, 45000.0], [118578.5, 250.0], [118577.0, 4050.0], [118575.0, 250.0], [118573.5, 250.0], [118572.5, 20.0], [118572.0, 12980.0]], "asks": [[118599.0, 655500.0], [118599.5, 179860.0], [118600.0, 282260.0], [118600.5, 20.0], [118601.0, 20.0], [118601.5, 20.0], [118602.0, 20.0], [118602.5, 72170.0], [118606.5, 293600.0], [118608.0, 13840.0], [118608.5, 25000.0], [118611.0, 13620.0], [118612.0, 5170.0], [118614.5, 10.0], [118617.5, 110.0], [118620.0, 24970.0], [118624.5, 40000.0], [118625.0, 48880.0], [118626.0, 37740.0], [118627.5, 48600.0]]}}}
{"jsonrpc": "2.0", "method": "subscription", "params": {"channel": "book.BTC-PERPETUAL.none.20.100ms", "data": {"timestamp": 1759382259456, "change_id": 119550982080, "instrument_name": "BTC-PERPETUAL", "bids": [[118598.5, 9310.0], [118595.5, 1000.0], [118595.0, 290.0], [118594.5, 1000.0], [118594.0, 1000.0], [118592.5, 30.0], [118590.0, 20000.0], [118586.0, 20420.0], [118585.5, 60000.0], [118585.0, 10.0], [118583.0, 250.0], [118582.5, 13870.0], [118582.0, 45000.0], [118580.0, 50.0], [118579.5, 250.0], [118578.5, 250.0], [118577.0, 17330.0], [118575.0, 250.0], [118574.5, 13950.0], [118573.5, 270.0]], "asks": [[118599.0, 655030.0], [118599.5, 179860.0], [118600.0, 282260.0], [118600.5, 20.0], [118601.0, 20.0], [118601.5, 90.0], [118602.0, 20.0], [118602.5, 72170.0], [118606.5, 293600.0], [118608.0, 13840.0], [118611.0, 13620.0], [118612.0, 5170.0], [118613.5, 25000.0], [118614.5, 10.0], [118617.5, 110.0], [118620.0, 24970.0], [118624.5, 40000.0], [118625.0, 48880.0], [118626.0, 37740.0], [118627.5, 48600.0]]}}}
{"jsonrpc": "2.0", "method": "subscription", "params": {"channel": "book.BTC-PERPETUAL.none.20.100ms", "data": {"timestamp": 1759382259809, "change_id": 119550982586, "instrument_name": "BTC-PERPETUAL", "bids": [[118598.5, 9310.0], [118595.5, 1000.0], [118595.0, 290.0], [118594.5, 1000.0], [118594.0, 1000.0], [118592.5, 30.0], [118588.5, 20000.0], [118586.0, 20420.0], [118585.0, 10.0], [118584.5, 250.0], [118584.0, 31800.0], [118583.5, 60000.0], [118583.0, 250.0], [118582.5, 200.0], [118582.0, 45000.0], [118580.0, 50.0], [118579.5, 250.0], [118578.5, 250.0], [118577.0, 17330.0], [118575.0, 250.0]], "asks": [[118599.0, 655030.0], [118599.5, 179860.0], [118600.0, 282260.0], [118600.5, 20.0], [118601.0, 20.0], [118601.5, 90.0], [118602.0, 20.0], [118602.5, 72170.0], [118606.5, 293600.0], [118608.0, 13840.0], [118611.0, 13620.0], [118612.0, 5170.0], [118613.5, 25000.0], [118614.5, 10.0], [118617.5, 110.0], [118620.0, 24970.0], [118624.5, 40000.0], [118625.0, 48880.0], [118626.0, 37740.0], [118627.5, 48600.0]]}}}
{"jsonrpc": "2.0", "method": "subscription", "params": {"channel": "book.BTC-PERPETUAL.none.20.100ms", "data": {"timestamp": 1759382260165, "change_id": 119550983172, "instrument_name": "BTC-PERPETUAL", "bids": [[118598.5, 9310.0], [118595.5, 1000.0], [118595.0, 290.0], [118594.5, 1000.0], [118594.0, 1000.0], [118592.5, 30.0], [118587.5, 20000.0], [118586.0, 20420.0], [118585.0, 10.0], [118584.5, 250.0], [118583.5, 29510.0], [118583.0, 60250.0], [118582.5, 200.0], [118580.5, 45000.0], [118580.0, 50.0], [118579.5, 250.0], [118578.5, 250.0], [118577.0, 17330.0], [118575.0, 250.0], [118574.5, 19120.0]], "asks": [[118599.0, 654850.0], [118599.5, 179860.0], [118600.0, 282260.0], [118600.5, 20.0], [118601.0, 20.0], [118601.5, 90.0], [118602.0, 20.0], [118602.5, 72170.0], [118606.5, 293600.0], [118608.0, 13840.0], [118611.0, 13620.0], [118612.0, 5170.0], [118613.5, 25000.0], [118614.5, 10.0], [118617.5, 110.0], [118620.0, 24970.0], [118624.5, 40000.0], [118625.0, 48880.0], [118626.0, 37740.0], [118627.5, 48600.0]]}}}
{"jsonrpc": "2.0", "method": "subscription", "params": {"channel": "book.BTC-PERPETUAL.none.20.100ms", "data": {"timestamp": 1759382260494, "change_id": 119550983374, "instrument_name": "BTC-PERPETUAL", "bids": [[118598.5, 9310.0], [118595.5, 1000.0], [118595.0, 290.0], [118594.5, 1000.0], [118594.0, 1000.0], [118592.5, 30.0], [118588.5, 20000.0], [118586.0, 20420.0], [118585.0, 10.0], [118584.5, 250.0], [118584.0, 73800.0], [118583.0, 250.0], [118582.5, 200.0], [118580.5, 45000.0], [118580.0, 50.0], [118579.5, 250.0], [118578.5, 250.0], [118577.0, 17330.0], [118575.0, 250.0], [118574.5, 19120.0]], "asks": [[118599.0, 654850.0], [118599.5, 179860.0], [118600.0, 282260.0], [118600.5, 20.0], [118601.0, 20.0], [118601.5, 90.0], [118602.0, 20.0], [118602.5, 72170.0], [118606.5, 293600.0], [118608.0, 13840.0], [118611.0, 13620.0], [118612.0, 5170.0], [118613.5, 25000.0], [118614.5, 10.0], [118617.5, 110.0], [118620.0, 24970.0], [118624.5, 40000.0], [118625.0, 48880.0], [118626.0, 37740.0], [118627.5, 48600.0]]}}}
{"jsonrpc": "2.0", "method": "subscription", "params": {"channel": "book.BTC-PERPETUAL.none.20.100ms", "data": {"timestamp": 1759382260751, "change_id": 119550983760, "instrument_name": "BTC-PERPETUAL", "bids": [[118598.5, 9310.0], [118595.5, 1000.0], [118595.0, 290.0], [118594.5, 1000.0], [118594.0, 1000.0], [118592.5, 30.0], [118588.5, 20000.0], [118586.0, 20420.0], [118585.0, 10.0], [118584.5, 250.0], [118584.0, 73800.0], [118583.0, 250.0], [118582.5, 200.0], [118580.5, 45000.0], [118580.0, 50.0], [118579.5, 250.0], [118578.5, 250.0], [118577.0, 17330.0], [118575.0, 250.0], [118574.5, 19120.0]], "asks": [[118599.0, 654850.0], [118599.5, 179860.0], [118600.0, 282260.0], [118600.5, 20.0], [118601.0, 20.0], [118601.5, 90.0], [118602.0, 20.0], [118602.5, 72170.0], [118606.5, 293600.0], [118608.0, 13840.0], [118611.0, 13620.0], [118612.0, 5170.0], [118613.5, 25000.0], [118614.5, 10.0], [118617.5, 110.0], [118620.0, 24970.0], [118624.5, 40000.0], [118625.0, 48880.0], [118626.0, 37740.0], [118627.5, 48600.0]]}}}
{"jsonrpc": "2.0", "method": "subscription", "params": {"channel": "book.BTC-PERPETUAL.none.20.100ms", "data": {"timestamp": 1759382261155, "change_id": 119550984333, "instrument_name": "BTC-PERPETUAL", "bids": [[118598.5, 9310.0], [118595.5, 1000.0], [118595.0, 290.0], [118594.5, 1000.0], [118594.0, 1000.0], [118592.5, 30.0], [118590.0, 20000.0], [118586.5, 23430.0], [118586.0, 20420.0], [118585.5, 60000.0], [118585.0, 10.0], [118584.5, 250.0], [118583.0, 250.0], [118582.5, 13870.0], [118582.0, 45000.0], [118580.0, 50.0], [118579.5, 250.0], [118578.5, 250.0], [118577.0, 17330.0], [118575.0, 250.0]], "asks": [[118599.0, 654850.0], [118599.5, 179860.0], [118600.0, 282260.0], [118600.5, 20.0], [118601.0, 20.0], [118601.5, 90.0], [118602.0, 20.0], [118602.5, 72170.0], [118606.5, 293600.0], [118608.0, 6380.0], [118611.0, 13620.0], [118612.0, 5170.0], [118614.0, 7540.0], [118614.5, 10.0], [118617.0, 25000.0], [118617.5, 110.0], [118620.0, 24970.0], [118624.5, 40000.0], [118625.0, 48880.0], [118626.0, 37740.0]]}}}
{"jsonrpc": "2.0", "method": "subscription", "params": {"channel": "book.BTC-PERPETUAL.none.20.100ms", "data": {"timestamp": 1759382261484, "change_id": 119550984605, "instrument_name": "BTC-PERPETUAL", "bids": [[118598.5, 9310.0], [118595.5, 1000.0], [118595.0, 270.0], [118594.5, 1000.0], [118594.0, 1000.0], [118592.5, 30.0], [118589.5, 20000.0], [118586.0, 20420.0], [118585.0, 60000.0], [118584.5, 250.0], [118583.0, 250.0], [118582.5, 13870.0], [118582.0, 45000.0], [118580.0, 50.0], [118579.5, 250.0], [118578.5, 250.0], [118577.0, 17330.0], [118575.0, 250.0], [118574.5, 19120.0], [118574.0, 20.0]], "asks": [[118599.0, 656900.0], [118599.5, 179860.0], [118600.0, 282260.0], [118600.5, 20.0], [118601.0, 20.0], [118601.5, 90.0], [118602.0, 20.0], [118602.5, 72170.0], [118606.5, 293600.0], [118608.0, 6380.0], [118611.0, 13620.0], [118612.0, 5170.0], [118614.0, 7540.0], [118614.5, 10.0], [118616.5, 25000.0], [118617.5, 110.0], [118620.0, 24960.0], [118623.0, 200.0], [118624.5, 40000.0], [118625.0, 48880.0]]}}}
{"jsonrpc": "2.0", "method": "subscription", "params": {"channel": "book.BTC-PERPETUAL.none.20.100ms", "data": {"timestamp": 1759382261788, "change_id": 119550985000, "instrument_name": "BTC-PERPETUAL", "bids": [[118598.5, 9310.0], [118595.5, 1000.0], [118595.0, 270.0], [118594.5, 1000.0], [118594.0, 1000.0], [118592.5, 30.0], [118589.5, 20000.0], [118586.0, 20420.0], [118584.5, 250.0], [118583.0, 250.0], [118582.5, 13870.0], [118582.0, 45000.0], [118580.0, 50.0], [118579.5, 250.0], [118578.5, 250.0], [118577.0, 17330.0], [118575.0, 250.0], [118574.5, 19120.0], [118573.5, 250.0], [118572.5, 20.0]], "asks": [[118599.0, 888120.0], [118599.5, 104760.0], [118600.0, 51020.0], [118600.5, 20.0], [118601.0, 20.0], [118601.5, 90.0], [118602.0, 20.0], [118602.5, 72170.0], [118606.5, 293600.0], [118608.0, 6380.0], [118611.0, 13620.0], [118612.0, 5170.0], [118614.0, 7540.0], [118614.5, 10.0], [118616.5, 25000.0], [118617.5, 110.0], [118620.0, 24960.0], [118623.0, 200.0], [118624.5, 40000.0], [118625.0, 48880.0]]}}}
{"jsonrpc": "2.0", "method": "subscription", "params": {"channel": "book.BTC-PERPETUAL.none.20.100ms", "data": {"timestamp": 1759382262148, "change_id": 119550985566, "instrument_name": "BTC-PERPETUAL", "bids": [[118598.5, 9310.0], [118595.5, 1000.0], [118595.0, 270.0], [118594.5, 1000.0], [118594.0, 1000.0], [118592.5, 30.0], [118588.5, 20000.0], [118586.0, 20420.0], [118584.5, 250.0], [118584.0, 31800.0], [118583.5, 60000.0], [118583.0, 250.0], [118582.5, 200.0], [118582.0, 45000.0], [118580.0, 50.0], [118579.5, 250.0], [118578.5, 250.0], [118577.0, 17330.0], [118576.0, 5170.0], [118575.0, 250.0]], "asks": [[118599.0, 883150.0], [118599.5, 104760.0], [118600.0, 51020.0], [118600.5, 20.0], [118601.0, 20.0], [118601.5, 90.0], [118602.0, 20.0], [118602.5, 72170.0], [118606.5, 293600.0], [118608.0, 6380.0], [118611.0, 13620.0], [118612.0, 5170.0], [118614.0, 7540.0], [118614.5, 10.0], [118616.5, 25000.0], [118617.5, 110.0], [118620.0, 24960.0], [118624.5, 40000.0], [118625.0, 48880.0], [118626.0, 37740.0]]}}}
{"jsonrpc": "2.0", "method": "subscription", "params": {"channel": "book.BTC-PERPETUAL.none.20.100ms", "data": {"timestamp": 1759382262454, "change_id": 119550985717, "instrument_name": "BTC-PERPETUAL", "bids": [[118598.5, 9310.0], [118595.5, 1000.0], [118595.0, 270.0], [118594.5, 1000.0], [118594.0, 1000.0], [118592.5, 30.0], [118589.5, 20000.0], [118586.0, 20420.0], [118584.5, 60250.0], [118584.0, 13800.0], [118583.0, 250.0], [118582.5, 200.0], [118582.0, 45000.0], [118580.0, 50.0], [118579.5, 250.0], [118578.5, 250.0], [118577.0, 17330.0], [118576.0, 5170.0], [118575.0, 250.0], [118574.5, 13950.0]], "asks": [[118599.0, 883150.0], [118599.5, 104760.0], [118600.0, 51020.0], [118600.5, 20.0], [118601.0, 20.0], [118601.5, 90.0], [118602.0, 20.0], [118602.5, 72170.0], [118606.5, 293600.0], [118608.0, 6380.0], [118611.0, 13620.0], [118612.0, 5170.0], [118614.0, 7540.0], [118614.5, 10.0], [118616.5, 25000.0], [118617.5, 110.0], [118620.0, 24960.0], [118624.5, 40000.0], [118625.0, 48880.0], [118626.0, 37740.0]]}}}
{"jsonrpc": "2.0", "method": "subscription", "params": {"channel": "book.BTC-PERPETUAL.none.20.100ms", "data": {"timestamp": 1759382262806, "change_id": 119550986193, "instrument_name": "BTC-PERPETUAL", "bids": [[118598.5, 9310.0], [118595.5, 1000.0], [118595.0, 270.0], [118594.5, 1000.0], [118594.0, 1000.0], [118592.5, 30.0], [118588.5, 20000.0], [118586.0, 20420.0], [118584.5, 250.0], [118584.0, 73800.0], [118583.0, 250.0], [118582.5, 200.0], [118582.0, 45000.0], [118580.0, 50.0], [118579.5, 250.0], [118578.5, 250.0], [118577.0, 17330.0], [118576.0, 5170.0], [118575.0, 250.0], [118574.5, 13950.0]], "asks": [[118599.0, 883150.0], [118599.5, 104760.0], [118600.0, 51020.0], [118600.5, 20.0], [118601.0, 20.0], [118601.5, 90.0], [118602.0, 20.0], [118602.5, 72170.0], [118606.5, 293600.0], [118608.0, 12340.0], [118611.0, 13620.0], [118612.0, 5170.0], [118613.5, 25000.0], [118614.5, 10.0], [118617.5, 110.0], [118620.0, 24960.0], [118624.5, 40000.0], [118625.0, 48880.0], [118626.0, 37740.0], [118627.5, 48600.0]]}}}
{"jsonrpc": "2.0", "method": "subscription", "params": {"channel": "book.BTC-PERPETUAL.none.20.100ms", "data": {"timestamp": 1759382263109, "change_id": 119550986752, "instrument_name": "BTC-PERPETUAL", "bids": [[118598.5, 9310.0], [118595.5, 1000.0], [118595.0, 270.0], [118594.5, 1000.0], [118594.0, 1000.0], [118592.5, 30.0], [118588.5, 20000.0], [118586.0, 20420.0], [118584.5, 250.0], [118584.0, 30080.0], [118583.5, 60000.0], [118583.0, 250.0], [118582.5, 200.0], [118582.0, 45000.0], [118580.0, 50.0], [118579.5, 250.0], [118578.5, 250.0], [118577.0, 17330.0], [118576.0, 5170.0], [118575.0, 250.0]], "asks": [[118599.0, 883150.0], [118599.5, 104760.0], [118600.0, 51020.0], [118600.5, 20.0], [118601.0, 20.0], [118601.5, 90.0], [118602.0, 20.0], [118602.5, 72170.0], [118606.5, 293600.0], [118608.0, 12340.0], [118611.0, 13620.0], [118612.0, 5170.0], [118613.5, 25000.0], [118614.5, 10.0], [118617.5, 110.0], [118620.0, 24960.0], [118624.5, 40000.0], [118625.0, 48880.0], [118626.0, 37740.0], [118627.5, 48600.0]]}}}
{"jsonrpc": "2.0", "method": "subscription", "params": {"channel": "book.BTC-PERPETUAL.none.20.100ms", "data": {"timestamp": 1759382263456, "change_id": 119550986877, "instrument_name": "BTC-PERPETUAL", "bids": [[118598.5, 9310.0], [118595.5, 1000.0], [118595.0, 270.0], [118594.5, 1000.0], [118594.0, 1000.0], [118592.5, 30.0], [118589.5, 20000.0], [118586.0, 20420.0], [118585.0, 60000.0], [118584.5, 250.0], [118584.0, 13800.0], [118583.0, 250.0], [118582.5, 200.0], [118582.0, 45000.0], [118580.0, 50.0], [118579.5, 250.0], [118578.5, 250.0], [118577.0, 17330.0], [118576.0, 5170.0], [118575.0, 250.0]], "asks": [[118599.0, 883150.0], [118599.5, 104760.0], [118600.0, 51020.0], [118600.5, 20.0], [118601.0, 20.0], [118601.5, 90.0], [118602.0, 20.0], [118602.5, 72170.0], [118606.5, 293600.0], [118608.0, 12340.0], [118611.0, 13620.0], [118612.0, 5170.0], [118613.5, 25000.0], [118614.5, 10.0], [118617.5, 110.0], [118620.0, 24960.0], [118624.5, 40000.0], [118625.0, 48880.0], [118626.0, 37740.0], [118627.5, 48600.0]]}}}
{"jsonrpc": "2.0", "method": "subscription", "params": {"channel": "book.BTC-PERPETUAL.none.20.100ms", "data": {"timestamp": 1759382263792, "change_id": 119550987335, "instrument_name": "BTC-PERPETUAL", "bids": [[118598.5, 3380.0], [118595.5, 1000.0], [118595.0, 270.0], [118594.5, 1000.0], [118594.0, 1000.0], [118592.5, 30.0], [118589.5, 20000.0], [118586.0, 20420.0], [118584.5, 250.0], [118584.0, 13800.0], [118583.0, 250.0], [118582.5, 200.0], [118582.0, 45000.0], [118580.0, 50.0], [118579.5, 250.0], [118578.5, 250.0], [118577.0, 17330.0], [118576.0, 5170.0], [118575.0, 250.0], [118574.5, 13950.0]], "asks": [[118599.0, 883150.0], [118599.5, 104760.0], [118600.0, 51020.0], [118600.5, 20.0], [118601.0, 20.0], [118601.5, 90.0], [118602.0, 20.0], [118602.5, 72170.0], [118606.5, 293600.0], [118608.0, 12340.0], [118611.0, 13620.0], [118612.0, 5170.0], [118613.5, 25000.0], [118614.5, 10.0], [118617.5, 110.0], [118620.0, 24960.0], [118624.5, 40000.0], [118625.0, 48880.0], [118626.0, 37740.0], [118627.5, 48600.0]]}}}
