{"jsonrpc": "2.0", "id": 1, "result": ["book.BTC-PERPETUAL.none.20.100ms"], "usIn": 1757276330770955, "usOut": 1757276330771216, "usDiff": 261, "testnet": false}
{"jsonrpc": "2.0", "method": "subscription", "params": {"channel": "book.BTC-PERPETUAL.none.20.100ms", "data": {"timestamp": 1757276330768, "change_id": 116623103833, "instrument_name": "BTC-PERPETUAL", "bids": [[111272.5, 86400.0], [111270.5, 21620.0], [111270.0, 7000.0], [111269.0, 1000.0], [111267.0, 2000.0], [111266.5, 50000.0], [111265.0, 3360.0], [111263.0, 20.0], [111262.5, 20.0], [111262.0, 20.0], [111261.5, 20.0], [111261.0, 110.0], [111260.5, 20.0], [111260.0, 11020.0], [111259.5, 20.0], [111259.0, 94930.0], [111258.5, 50000.0], [111258.0, 45000.0], [111257.5, 14120.0], [111257.0, 40000.0]], "asks": [[111273.0, 480150.0], [111273.5, 119950.0], [111274.0, 273600.0], [111275.0, 5680.0], [111276.0, 97920.0], [111276.5, 3060.0], [111278.5, 20.0], [111279.0, 2120.0], [111279.5, 30.0], [111280.0, 6350.0], [111281.0, 11000.0], [111281.5, 56110.0], [111282.5, 60.0], [111284.5, 11190.0], [111285.5, 11000.0], [111286.0, 177190.0], [111290.0, 10.0], [111292.0, 7800.0], [111292.5, 52480.0], [111293.0, 45000.0]]}}}
{"jsonrpc": "2.0", "method": "subscription", "params": {"channel": "book.BTC-PERPETUAL.none.20.100ms", "data": {"timestamp": 1757276330780, "change_id": 116623103841, "instrument_name": "BTC-PERPETUAL", "bids": [[111272.5, 86400.0], [111270.5, 21620.0], [111270.0, 7000.0], [111269.0, 1000.0], [111267.0, 2000.0], [111266.5, 50000.0], [111265.0, 3360.0], [111263.0, 20.0], [111262.5, 20.0], [111262.0, 20.0], [111261.5, 20.0], [111261.0, 110.0], [111260.5, 20.0], [111260.0, 11020.0], [111259.5, 20.0], [111259.0, 94930.0], [111258.5, 50000.0], [111258.0, 45000.0], [111257.5, 14120.0], [111257.0, 40000.0]], "asks": [[111273.0, 480150.0], [111273.5, 119950.0], [111274.0, 273600.0], [111275.0, 5680.0], [111276.0, 97920.0], [111276.5, 3060.0], [111278.5, 20.0], [111279.0, 2120.0], [111279.5, 30.0], [111280.0, 6350.0], [111281.0, 11000.0], [111281.5, 56110.0], [111282.5, 60.0], [111284.5, 11190.0], [111285.5, 11000.0], [111286.0, 177190.0], [111290.0, 10.0], [111292.0, 7800.0], [111292.5, 52480.0], [111293.0, 45000.0]]}}}
{"jsonrpc": "2.0", "method": "subscription", "params": {"channel": "book.BTC-PERPETUAL.none.20.100ms", "data": {"timestamp": 1757276331120, "change_id": 116623103980, "instrument_name": "BTC-PERPETUAL", "bids": [[111272.5, 86400.0], [111270.5, 21620.0], [111270.0, 7000.0], [111269.0, 1000.0], [111267.0, 2000.0], [111266.0, 50000.0], [111265.0, 3360.0], [111263.0, 20.0], [111262.5, 20.0], [111262.0, 20.0], [111261.5, 20.0], [111261.0, 110.0], [111260.5, 20.0], [111260.0, 11020.0], [111259.5, 20.0], [111259.0, 94930.0], [111258.5, 50000.0], [111258.0, 45000.0], [111257.5, 3120.0], [111257.0, 40000.0]], "asks": [[111273.0, 480150.0], [111273.5, 119950.0], [111274.0, 273600.0], [111275.0, 5680.0], [111276.0, 97920.0], [111276.5, 3060.0], [111278.5, 11020.0], [111279.0, 2120.0], [111279.5, 30.0], [111280.0, 6350.0], [111281.5, 56110.0], [111282.5, 60.0], [111284.5, 11190.0], [111285.5, 11000.0], [111286.0, 177190.0], [111290.0, 10.0], [111292.0, 7800.0], [111292.5, 52480.0], [111293.0, 45000.0], [111296.0, 51190.0]]}}}
{"jsonrpc": "2.0", "method": "subscription", "params": {"channel": "book.BTC-PERPETUAL.none.20.100ms", "data": {"timestamp": 1757276331408, "change_id": 116623104243, "instrument_name": "BTC-PERPETUAL", "bids": [[111272.5, 85150.0], [111270.5, 21620.0], [111270.0, 7000.0], [111269.0, 1000.0], [111267.0, 2000.0], [111266.0, 50000.0], [111265.0, 3360.0], [111261.5, 20.0], [111261.0, 110.0], [111260.5, 20.0], [111260.0, 11020.0], [111259.5, 20.0], [111259.0, 94930.0], [111258.5, 50000.0], [111258.0, 45000.0], [111257.5, 3120.0], [111257.0, 40000.0], [111254.5, 11000.0], [111254.0, 174620.0], [111253.5, 26000.0]], "asks": [[111273.0, 480150.0], [111273.5, 119950.0], [111274.0, 273600.0], [111275.0, 5680.0], [111276.0, 101180.0], [111276.5, 3060.0], [111277.0, 20.0], [111277.5, 20.0], [111278.0, 20.0], [111278.5, 11020.0], [111279.0, 2120.0], [111279.5, 10.0], [111280.0, 6350.0], [111281.5, 56110.0], [111282.5, 60.0], [111284.5, 11190.0], [111285.5, 11000.0], [111286.0, 177190.0], [111290.0, 10.0], [111292.0, 7800.0]]}}}
{"jsonrpc": "2.0", "method": "subscription", "params": {"channel": "book.BTC-PERPETUAL.none.20.100ms", "data": {"timestamp": 1757276331779, "change_id": 116623104781, "instrument_name": "BTC-PERPETUAL", "bids": [[111272.5, 85150.0], [111270.5, 21620.0], [111270.0, 7000.0], [111269.0, 1000.0], [111267.0, 2000.0], [111266.0, 50000.0], [111265.0, 3360.0], [111261.5, 20.0], [111261.0, 110.0], [111260.5, 20.0], [111260.0, 11020.0], [111259.5, 20.0], [111259.0, 94930.0], [111258.5, 50000.0], [111258.0, 45000.0], [111257.5, 3120.0], [111257.0, 40000.0], [111254.5, 11000.0], [111254.0, 174620.0], [111253.5, 26000.0]], "asks": [[111273.0, 480150.0], [111273.5, 119950.0], [111274.0, 273600.0], [111275.0, 5680.0], [111276.0, 101180.0], [111276.5, 3060.0], [111277.0, 20.0], [111277.5, 20.0], [111278.0, 20.0], [111278.5, 11020.0], [111279.0, 2120.0], [111279.5, 10.0], [111280.0, 6350.0], [111281.5, 56110.0], [111282.5, 60.0], [111284.5, 11190.0], [111285.5, 11000.0], [111286.0, 177190.0], [111290.0, 10.0], [111292.0, 7800.0]]}}}
{"jsonrpc": "2.0", "method": "subscription", "params": {"channel": "book.BTC-PERPETUAL.none.20.100ms", "data": {"timestamp": 1757276331964, "change_id": 116623104811, "instrument_name": "BTC-PERPETUAL", "bids": [[111272.5, 85150.0], [111270.5, 21620.0], [111270.0, 7000.0], [111269.0, 1000.0], [111267.0, 2000.0], [111266.0, 50000.0], [111265.0, 3360.0], [111261.5, 20.0], [111261.0, 110.0], [111260.5, 20.0], [111260.0, 11020.0], [111259.5, 20.0], [111259.0, 44940.0], [111258.5, 50000.0], [111258.0, 45000.0], [111257.5, 3120.0], [111257.0, 40000.0], [111255.0, 49990.0], [111254.5, 11000.0], [111254.0, 174620.0]], "asks": [[111273.0, 480150.0], [111273.5, 119950.0], [111274.0, 273600.0], [111275.0, 5680.0], [111276.0, 101180.0], [111276.5, 3060.0], [111277.0, 20.0], [111277.5, 20.0], [111278.0, 20.0], [111278.5, 11020.0], [111279.0, 2120.0], [111279.5, 10.0], [111280.0, 6350.0], [111281.5, 56110.0], [111282.5, 60.0], [111284.5, 11190.0], [111285.5, 11000.0], [111286.0, 177190.0], [111290.0, 10.0], [111292.0, 7800.0]]}}}
{"jsonrpc": "2.0", "method": "subscription", "params": {"channel": "book.BTC-PERPETUAL.none.20.100ms", "data": {"timestamp": 1757276332334, "change_id": 116623105018, "instrument_name": "BTC-PERPETUAL", "bids": [[111272.5, 85150.0], [111270.5, 21620.0], [111270.0, 7000.0], [111269.0, 1000.0], [111267.0, 2000.0], [111266.0, 50000.0], [111265.0, 3360.0], [111261.5, 20.0], [111261.0, 110.0], [111260.5, 20.0], [111260.0, 11020.0], [111259.5, 20.0], [111259.0, 44940.0], [111258.5, 50000.0], [111258.0, 45000.0], [111257.5, 3120.0], [111257.0, 40000.0], [111255.0, 49990.0], [111254.5, 11000.0], [111254.0, 174620.0]], "asks": [[111273.0, 480150.0], [111273.5, 119950.0], [111274.0, 273600.0], [111275.0, 5680.0], [111276.0, 101180.0], [111276.5, 3060.0], [111277.0, 20.0], [111277.5, 20.0], [111278.0, 20.0], [111278.5, 11020.0], [111279.0, 2120.0], [111279.5, 10.0], [111280.0, 6350.0], [111281.5, 56110.0], [111282.5, 60.0], [111284.5, 11190.0], [111285.5, 11000.0], [111286.0, 177190.0], [111290.0, 10.0], [111292.0, 7800.0]]}}}
{"jsonrpc": "2.0", "method": "subscription", "params": {"channel": "book.BTC-PERPETUAL.none.20.100ms", "data": {"timestamp": 1757276332519, "change_id": 116623105308, "instrument_name": "BTC-PERPETUAL", "bids": [[111272.5, 85150.0], [111270.5, 21620.0], [111270.0, 7000.0], [111269.0, 1000.0], [111267.0, 2000.0], [111266.0, 50000.0], [111265.0, 3360.0], [111261.5, 20.0], [111261.0, 110.0], [111260.5, 20.0], [111260.0, 11020.0], [111259.5, 20.0], [111259.0, 44940.0], [111258.5, 50000.0], [111258.0, 45000.0], [111257.5, 3120.0], [111257.0, 40000.0], [111255.0, 49990.0], [111254.5, 11000.0], [111254.0, 174620.0]], "asks": [[111273.0, 480150.0], [111273.5, 119950.0], [111274.0, 273600.0], [111275.0, 5680.0], [111276.0, 101180.0], [111276.5, 3060.0], [111277.0, 20.0], [111277.5, 20.0], [111278.0, 20.0], [111278.5, 11020.0], [111279.0, 2120.0], [111279.5, 10.0], [111280.0, 6350.0], [111281.5, 56110.0], [111282.5, 60.0], [111284.5, 11190.0], [111285.5, 11000.0], [111286.0, 177190.0], [111290.0, 10.0], [111292.0, 7800.0]]}}}
{"jsonrpc": "2.0", "method": "subscription", "params": {"channel": "book.BTC-PERPETUAL.none.20.100ms", "data": {"timestamp": 1757276333074, "change_id": 116623105772, "instrument_name": "BTC-PERPETUAL", "bids": [[111272.5, 85150.0], [111270.5, 21620.0], [111270.0, 7000.0], [111269.0, 1000.0], [111267.0, 2000.0], [111266.0, 50000.0], [111265.0, 3360.0], [111261.5, 20.0], [111261.0, 110.0], [111260.5, 20.0], [111260.0, 11020.0], [111259.5, 20.0], [111259.0, 62140.0], [111258.5, 50000.0], [111258.0, 45000.0], [111257.5, 3120.0], [111257.0, 40000.0], [111255.0, 49990.0], [111254.5, 11000.0], [111254.0, 174620.0]], "asks": [[111273.0, 480150.0], [111273.5, 119950.0], [111274.0, 273600.0], [111275.0, 5680.0], [111276.0, 101180.0], [111276.5, 3060.0], [111277.0, 20.0], [111277.5, 20.0], [111278.0, 20.0], [111278.5, 11020.0], [111279.0, 2120.0], [111279.5, 10.0], [111280.0, 6350.0], [111281.5, 56110.0], [111282.5, 60.0], [111284.5, 11190.0], [111285.5, 11000.0], [111286.0, 177190.0], [111290.0, 10.0], [111292.0, 7800.0]]}}}
{"jsonrpc": "2.0", "method": "subscription", "params": {"channel": "book.BTC-PERPETUAL.none.20.100ms", "data": {"timestamp": 1757276333432, "change_id": 116623106024, "instrument_name": "BTC-PERPETUAL", "bids": [[111272.5, 85150.0], [111270.0, 7000.0], [111269.0, 1000.0], [111267.0, 2000.0], [111266.5, 15000.0], [111266.0, 50000.0], [111265.0, 3360.0], [111261.5, 20.0], [111261.0, 110.0], [111260.5, 20.0], [111260.0, 11020.0], [111259.5, 20.0], [111259.0, 44940.0], [111258.5, 50000.0], [111258.0, 45000.0], [111257.5, 3120.0], [111257.0, 40000.0], [111255.0, 49990.0], [111254.5, 11000.0], [111254.0, 174620.0]], "asks": [[111273.0, 480150.0], [111273.5, 119950.0], [111274.0, 273600.0], [111275.0, 5680.0], [111276.0, 101180.0], [111276.5, 3060.0], [111277.0, 20.0], [111277.5, 20.0], [111278.0, 20.0], [111278.5, 11020.0], [111279.0, 2120.0], [111279.5, 10.0], [111280.0, 6350.0], [111281.5, 56110.0], [111282.5, 60.0], [111284.5, 11190.0], [111285.5, 11000.0], [111286.0, 177190.0], [111290.0, 10.0], [111292.0, 7800.0]]}}}
{"jsonrpc": "2.0", "method": "subscription", "params": {"channel": "book.BTC-PERPETUAL.none.20.100ms", "data": {"timestamp": 1757276333734, "change_id": 116623106563, "instrument_name": "BTC-PERPETUAL", "bids": [[111272.5, 86370.0], [111270.0, 22900.0], [111269.0, 1000.0], [111267.0, 2000.0], [111266.0, 50000.0], [111265.0, 3360.0], [111262.0, 20.0], [111261.5, 20.0], [111261.0, 110.0], [111260.5, 20.0], [111260.0, 11020.0], [111259.5, 20.0], [111259.0, 44960.0], [111258.5, 50020.0], [111258.0, 45000.0], [111257.5, 3120.0], [111257.0, 40000.0], [111256.0, 49990.0], [111254.5, 11000.0], [111254.0, 174620.0]], "asks": [[111273.0, 480150.0], [111273.5, 119950.0], [111274.0, 273600.0], [111275.0, 5680.0], [111276.0, 101180.0], [111276.5, 3060.0], [111278.0, 20.0], [111278.5, 11020.0], [111279.0, 2120.0], [111279.5, 10.0], [111280.0, 6350.0], [111281.5, 56110.0], [111282.5, 60.0], [111284.5, 11190.0], [111285.5, 11000.0], [111286.0, 177190.0], [111290.0, 10.0], [111292.0, 7800.0], [111292.5, 52480.0], [111293.0, 45000.0]]}}}
{"jsonrpc": "2.0", "method": "subscription", "params": {"channel": "book.BTC-PERPETUAL.none.20.100ms", "data": {"timestamp": 1757276334081, "change_id": 116623106778, "instrument_name": "BTC-PERPETUAL", "bids": [[111272.5, 86370.0], [111270.0, 22900.0], [111269.0, 1000.0], [111267.0, 2000.0], [111266.0, 50000.0], [111265.5, 11000.0], [111265.0, 17940.0], [111264.5, 20.0], [111264.0, 20.0], [111263.5, 20.0], [111263.0, 20.0], [111262.5, 20.0], [111262.0, 20.0], [111261.0, 90.0], [111260.5, 49990.0], [111259.0, 61840.0], [111258.5, 50000.0], [111258.0, 45000.0], [111257.5, 3120.0], [111257.0, 66000.0]], "asks": [[111273.0, 411920.0], [111273.5, 119950.0], [111274.0, 273600.0], [111275.0, 5680.0], [111276.0, 101180.0], [111276.5, 3060.0], [111279.0, 2100.0], [111279.5, 11010.0], [111280.0, 6350.0], [111281.5, 56110.0], [111282.5, 24980.0], [111284.5, 11190.0], [111286.0, 177190.0], [111290.0, 10.0], [111291.0, 3300.0], [111291.5, 11000.0], [111292.5, 13930.0], [111295.5, 26000.0], [111296.0, 11190.0], [111298.0, 9240.0]]}}}
{"jsonrpc": "2.0", "method": "subscription", "params": {"channel": "book.BTC-PERPETUAL.none.20.100ms", "data": {"timestamp": 1757276334421, "change_id": 116623107063, "instrument_name": "BTC-PERPETUAL", "bids": [[111272.5, 86370.0], [111270.0, 22900.0], [111269.0, 1000.0], [111267.0, 2000.0], [111266.5, 50000.0], [111265.5, 11000.0], [111265.0, 17940.0], [111264.0, 20.0], [111263.5, 20.0], [111263.0, 20.0], [111262.5, 20.0], [111262.0, 20.0], [111261.0, 90.0], [111259.5, 49990.0], [111259.0, 61840.0], [111258.5, 50000.0], [111258.0, 45000.0], [111257.5, 14120.0], [111257.0, 66000.0], [111255.0, 9230.0]], "asks": [[111273.0, 479460.0], [111273.5, 119950.0], [111274.0, 273600.0], [111274.5, 500.0], [111275.0, 5680.0], [111276.0, 101180.0], [111276.5, 3060.0], [111279.0, 2100.0], [111279.5, 10.0], [111280.0, 6350.0], [111281.0, 11000.0], [111281.5, 56110.0], [111282.5, 60.0], [111284.5, 11190.0], [111286.0, 177190.0], [111290.0, 10.0], [111291.0, 3300.0], [111291.5, 11000.0], [111292.5, 13930.0], [111295.5, 26000.0]]}}}
{"jsonrpc": "2.0", "method": "subscription", "params": {"channel": "book.BTC-PERPETUAL.none.20.100ms", "data": {"timestamp": 1757276334765, "change_id": 116623107650, "instrument_name": "BTC-PERPETUAL", "bids": [[111272.5, 136370.0], [111271.0, 31080.0], [111270.5, 32600.0], [111270.0, 7000.0], [111269.0, 1000.0], [111267.0, 2000.0], [111266.5, 50000.0], [111264.0, 20.0], [111263.5, 20.0], [111263.0, 20.0], [111262.5, 20.0], [111262.0, 20.0], [111261.0, 15090.0], [111260.5, 60990.0], [111259.0, 61840.0], [111258.0, 45000.0], [111257.5, 14120.0], [111257.0, 66000.0], [111255.0, 9230.0], [111254.5, 25000.0]], "asks": [[111273.0, 479460.0], [111273.5, 119950.0], [111274.0, 273600.0], [111274.5, 500.0], [111275.0, 5680.0], [111276.0, 101180.0], [111276.5, 3060.0], [111279.0, 2100.0], [111279.5, 10.0], [111280.0, 6350.0], [111281.0, 11000.0], [111281.5, 56110.0], [111282.5, 60.0], [111284.5, 11190.0], [111286.0, 177190.0], [111287.0, 3120.0], [111290.0, 10.0], [111291.0, 3300.0], [111291.5, 11000.0], [111292.5, 13930.0]]}}}
{"jsonrpc": "2.0", "method": "subscription", "params": {"channel": "book.BTC-PERPETUAL.none.20.100ms", "data": {"timestamp": 1757276335087, "change_id": 116623107861, "instrument_name": "BTC-PERPETUAL", "bids": [[111272.5, 175390.0], [111272.0, 1000.0], [111271.0, 18000.0], [111270.0, 7000.0], [111269.0, 1000.0], [111267.0, 63000.0], [111266.0, 20.0], [111265.5, 20.0], [111265.0, 20.0], [111264.5, 20.0], [111264.0, 20.0], [111263.5, 20.0], [111263.0, 14890.0], [111262.5, 49990.0], [111262.0, 3120.0], [111261.0, 90.0], [111259.0, 44940.0], [111258.5, 26000.0], [111258.0, 45000.0], [111257.5, 11000.0]], "asks": [[111273.0, 479210.0], [111273.5, 119950.0], [111274.0, 273600.0], [111274.5, 500.0], [111275.0, 5680.0], [111276.0, 101180.0], [111276.5, 3060.0], [111279.0, 2100.0], [111279.5, 10.0], [111280.0, 6350.0], [111281.0, 11000.0], [111281.5, 56110.0], [111282.0, 20.0], [111282.5, 80.0], [111283.0, 20.0], [111283.5, 20.0], [111284.0, 20.0], [111284.5, 11190.0], [111286.0, 177190.0], [111287.0, 3120.0]]}}}
{"jsonrpc": "2.0", "method": "subscription", "params": {"channel": "book.BTC-PERPETUAL.none.20.100ms", "data": {"timestamp": 1757276335422, "change_id": 116623108151, "instrument_name": "BTC-PERPETUAL", "bids": [[111272.5, 175390.0], [111272.0, 1000.0], [111271.0, 18000.0], [111270.0, 7000.0], [111269.0, 1000.0], [111267.0, 63000.0], [111265.0, 20.0], [111264.5, 26380.0], [111264.0, 40020.0], [111263.5, 20.0], [111263.0, 20.0], [111262.5, 20.0], [111262.0, 3120.0], [111261.0, 90.0], [111259.5, 49990.0], [111259.0, 44940.0], [111258.5, 26000.0], [111258.0, 45000.0], [111255.5, 11000.0], [111255.0, 9230.0]], "asks": [[111273.0, 479460.0], [111273.5, 119950.0], [111274.0, 273600.0], [111274.5, 500.0], [111275.0, 5680.0], [111276.0, 101180.0], [111276.5, 3060.0], [111279.0, 2100.0], [111279.5, 10.0], [111280.0, 6350.0], [111281.0, 11000.0], [111281.5, 56130.0], [111282.0, 20.0], [111282.5, 80.0], [111283.0, 20.0], [111283.5, 20.0], [111284.5, 11190.0], [111286.0, 177190.0], [111287.0, 3120.0], [111290.0, 10.0]]}}}
{"jsonrpc": "2.0", "method": "subscription", "params": {"channel": "book.BTC-PERPETUAL.none.20.100ms", "data": {"timestamp": 1757276335756, "change_id": 116623108783, "instrument_name": "BTC-PERPETUAL", "bids": [[111272.5, 146220.0], [111272.0, 1000.0], [111271.0, 18000.0], [111270.0, 7000.0], [111269.0, 1000.0], [111267.0, 52000.0], [111265.0, 11000.0], [111264.5, 39480.0], [111264.0, 40000.0], [111263.5, 20.0], [111263.0, 20.0], [111262.5, 20.0], [111262.0, 3120.0], [111261.0, 50080.0], [111260.5, 50000.0], [111259.0, 32300.0], [111258.0, 45000.0], [111256.0, 26000.0], [111255.5, 11000.0], [111254.5, 25000.0]], "asks": [[111273.0, 479460.0], [111273.5, 120450.0], [111274.0, 273600.0], [111275.0, 5680.0], [111276.0, 101180.0], [111276.5, 3060.0], [111279.0, 2100.0], [111279.5, 10.0], [111280.0, 6350.0], [111281.0, 11000.0], [111281.5, 7230.0], [111282.0, 20.0], [111282.5, 80.0], [111283.0, 20.0], [111283.5, 20.0], [111284.5, 11190.0], [111286.5, 11000.0], [111287.0, 3120.0], [111290.0, 10.0], [111292.5, 13930.0]]}}}
{"jsonrpc": "2.0", "method": "subscription", "params": {"channel": "book.BTC-PERPETUAL.none.20.100ms", "data": {"timestamp": 1757276336083, "change_id": 116623108921, "instrument_name": "BTC-PERPETUAL", "bids": [[111272.5, 145000.0], [111272.0, 1000.0], [111271.0, 18000.0], [111270.0, 7000.0], [111269.0, 1000.0], [111267.0, 52000.0], [111265.0, 11000.0], [111264.5, 39480.0], [111264.0, 40000.0], [111263.5, 20.0], [111263.0, 20.0], [111262.5, 20.0], [111262.0, 3140.0], [111261.5, 20.0], [111261.0, 110.0], [111260.5, 50020.0], [111260.0, 20.0], [111259.5, 49990.0], [111259.0, 32300.0], [111258.0, 45000.0]], "asks": [[111273.0, 479960.0], [111273.5, 119950.0], [111274.0, 273600.0], [111275.0, 5680.0], [111276.0, 101180.0], [111276.5, 3060.0], [111279.0, 2100.0], [111279.5, 30.0], [111280.0, 6370.0], [111280.5, 20.0], [111281.0, 11020.0], [111281.5, 7230.0], [111282.5, 60.0], [111284.5, 11190.0], [111286.5, 11000.0], [111287.0, 3120.0], [111290.0, 10.0], [111292.5, 13930.0], [111295.5, 26000.0], [111296.0, 11190.0]]}}}
{"jsonrpc": "2.0", "method": "subscription", "params": {"channel": "book.BTC-PERPETUAL.none.20.100ms", "data": {"timestamp": 1757276336404, "change_id": 116623109168, "instrument_name": "BTC-PERPETUAL", "bids": [[111272.5, 145000.0], [111272.0, 1000.0], [111271.0, 18000.0], [111270.5, 19600.0], [111270.0, 7000.0], [111269.0, 1000.0], [111267.0, 52000.0], [111265.0, 11000.0], [111264.5, 39480.0], [111264.0, 40020.0], [111263.5, 20.0], [111263.0, 20.0], [111262.5, 20.0], [111262.0, 3140.0], [111261.5, 20.0], [111261.0, 110.0], [111260.5, 50000.0], [111259.5, 49990.0], [111259.0, 32300.0], [111258.0, 45000.0]], "asks": [[111273.0, 479870.0], [111273.5, 119950.0], [111274.0, 273600.0], [111275.0, 5680.0], [111276.0, 101180.0], [111276.5, 3060.0], [111279.0, 2100.0], [111279.5, 10.0], [111280.0, 6370.0], [111280.5, 20.0], [111281.0, 11020.0], [111281.5, 7230.0], [111282.5, 60.0], [111284.5, 11190.0], [111286.5, 11000.0], [111287.0, 3120.0], [111290.0, 10.0], [111292.5, 13930.0], [111295.5, 26000.0], [111296.0, 11190.0]]}}}
{"jsonrpc": "2.0", "method": "subscription", "params": {"channel": "book.BTC-PERPETUAL.none.20.100ms", "data": {"timestamp": 1757276336734, "change_id": 116623109738, "instrument_name": "BTC-PERPETUAL", "bids": [[111272.5, 145000.0], [111272.0, 1000.0], [111271.0, 18000.0], [111270.5, 19600.0], [111270.0, 7000.0], [111269.0, 1000.0], [111267.0, 52000.0], [111265.0, 11000.0], [111264.5, 39480.0], [111264.0, 40020.0], [111263.5, 20.0], [111263.0, 20.0], [111262.5, 20.0], [111262.0, 3140.0], [111261.5, 20.0], [111261.0, 110.0], [111260.5, 50020.0], [111259.5, 49990.0], [111259.0, 32300.0], [111258.0, 45000.0]], "asks": [[111273.0, 480010.0], [111273.5, 119950.0], [111274.0, 273600.0], [111275.0, 5680.0], [111276.0, 101180.0], [111276.5, 3060.0], [111279.0, 2100.0], [111279.5, 10.0], [111280.0, 6370.0], [111280.5, 20.0], [111281.0, 11020.0], [111281.5, 61470.0], [111282.5, 60.0], [111284.5, 11190.0], [111286.0, 182470.0], [111286.5, 11000.0], [111287.0, 3120.0], [111290.0, 10.0], [111292.5, 13930.0], [111295.5, 26000.0]]}}}
{"jsonrpc": "2.0", "method": "subscription", "params": {"channel": "book.BTC-PERPETUAL.none.20.100ms", "data": {"timestamp": 1757276337050, "change_id": 116623109786, "instrument_name": "BTC-PERPETUAL", "bids": [[111272.5, 145000.0], [111272.0, 1000.0], [111271.0, 18000.0], [111270.5, 19600.0], [111270.0, 7000.0], [111269.0, 1000.0], [111267.0, 52000.0], [111265.0, 11000.0], [111264.5, 39500.0], [111264.0, 40020.0], [111263.5, 20.0], [111263.0, 20.0], [111262.5, 20.0], [111262.0, 3140.0], [111261.5, 20.0], [111261.0, 110.0], [111260.5, 50000.0], [111259.5, 49990.0], [111259.0, 32300.0], [111258.0, 45000.0]], "asks": [[111273.0, 480010.0], [111273.5, 119950.0], [111274.0, 273600.0], [111275.0, 5680.0], [111276.0, 101180.0], [111276.5, 3060.0], [111279.0, 2100.0], [111279.5, 10.0], [111280.0, 6350.0], [111280.5, 20.0], [111281.0, 11020.0], [111281.5, 61470.0], [111282.0, 20.0], [111282.5, 60.0], [111284.5, 11190.0], [111286.0, 182470.0], [111286.5, 11000.0], [111287.0, 3120.0], [111290.0, 10.0], [111292.5, 13930.0]]}}}
{"jsonrpc": "2.0", "method": "subscription", "params": {"channel": "book.BTC-PERPETUAL.none.20.100ms", "data": {"timestamp": 1757276337391, "change_id": 116623110125, "instrument_name": "BTC-PERPETUAL", "bids": [[111272.5, 145000.0], [111272.0, 1000.0], [111271.0, 18000.0], [111270.0, 7000.0], [111269.0, 1000.0], [111267.0, 52000.0], [111265.0, 11000.0], [111264.5, 39500.0], [111264.0, 40020.0], [111263.5, 20.0], [111263.0, 20.0], [111262.5, 20.0], [111262.0, 3140.0], [111261.5, 20.0], [111261.0, 110.0], [111260.5, 50000.0], [111259.5, 49990.0], [111259.0, 32300.0], [111258.0, 45000.0], [111256.0, 26000.0]], "asks": [[111273.0, 480010.0], [111273.5, 119950.0], [111274.0, 273600.0], [111275.0, 5680.0], [111276.0, 101180.0], [111276.5, 3060.0], [111279.0, 2100.0], [111279.5, 10.0], [111280.0, 6350.0], [111280.5, 20.0], [111281.0, 11020.0], [111281.5, 7640.0], [111282.0, 20.0], [111282.5, 60.0], [111284.5, 11190.0], [111286.5, 11000.0], [111287.0, 3120.0], [111290.0, 10.0], [111292.5, 10740.0], [111295.5, 26000.0]]}}}
{"jsonrpc": "2.0", "method": "subscription", "params": {"channel": "book.BTC-PERPETUAL.none.20.100ms", "data": {"timestamp": 1757276337692, "change_id": 116623110580, "instrument_name": "BTC-PERPETUAL", "bids": [[111272.5, 145000.0], [111272.0, 1000.0], [111271.0, 18000.0], [111270.5, 15000.0], [111270.0, 7000.0], [111269.0, 1000.0], [111267.0, 52000.0], [111264.5, 50500.0], [111264.0, 40020.0], [111263.5, 20.0], [111263.0, 20.0], [111262.5, 20.0], [111262.0, 3140.0], [111261.5, 20.0], [111261.0, 110.0], [111260.5, 50000.0], [111259.5, 49990.0], [111259.0, 32300.0], [111258.0, 45000.0], [111256.0, 26000.0]], "asks": [[111273.0, 480010.0], [111273.5, 119950.0], [111274.0, 273600.0], [111275.0, 5680.0], [111276.0, 101180.0], [111276.5, 3060.0], [111279.0, 2100.0], [111280.0, 6360.0], [111280.5, 20.0], [111281.0, 11020.0], [111281.5, 7640.0], [111282.0, 20.0], [111282.5, 60.0], [111284.5, 11190.0], [111286.5, 11000.0], [111287.0, 3120.0], [111290.0, 10.0], [111292.5, 10740.0], [111295.5, 26000.0], [111296.0, 11190.0]]}}}
{"jsonrpc": "2.0", "method": "subscription", "params": {"channel": "book.BTC-PERPETUAL.none.20.100ms", "data": {"timestamp": 1757276338064, "change_id": 116623110714, "instrument_name": "BTC-PERPETUAL", "bids": [[111272.5, 145000.0], [111272.0, 1000.0], [111271.0, 18000.0], [111270.5, 15000.0], [111270.0, 7000.0], [111269.0, 1000.0], [111267.0, 52000.0], [111264.5, 50500.0], [111264.0, 40020.0], [111263.5, 20.0], [111263.0, 20.0], [111262.5, 20.0], [111262.0, 3140.0], [111261.0, 90.0], [111260.5, 50000.0], [111259.5, 49990.0], [111259.0, 32300.0], [111258.0, 45000.0], [111256.0, 26000.0], [111255.5, 11000.0]], "asks": [[111273.0, 480230.0], [111273.5, 119950.0], [111274.0, 273600.0], [111275.0, 5680.0], [111276.0, 101180.0], [111276.5, 3060.0], [111279.0, 2100.0], [111280.0, 6360.0], [111280.5, 20.0], [111281.0, 11020.0], [111281.5, 7640.0], [111282.0, 20.0], [111282.5, 80.0], [111284.5, 11190.0], [111286.5, 11000.0], [111287.0, 3120.0], [111290.0, 10.0], [111292.5, 10740.0], [111295.5, 26000.0], [111296.0, 11190.0]]}}}
{"jsonrpc": "2.0", "method": "subscription", "params": {"channel": "book.BTC-PERPETUAL.none.20.100ms", "data": {"timestamp": 1757276338388, "change_id": 116623111062, "instrument_name": "BTC-PERPETUAL", "bids": [[111272.5, 146220.0], [111272.0, 1000.0], [111271.0, 18000.0], [111270.5, 15000.0], [111270.0, 7000.0], [111269.0, 1000.0], [111267.0, 52000.0], [111265.5, 20.0], [111265.0, 20.0], [111264.5, 50510.0], [111264.0, 40020.0], [111263.5, 20.0], [111263.0, 20.0], [111262.5, 20.0], [111262.0, 3140.0], [111261.0, 90.0], [111260.5, 50000.0], [111259.5, 49990.0], [111259.0, 32300.0], [111258.0, 45000.0]], "asks": [[111273.0, 480330.0], [111273.5, 119950.0], [111274.0, 273600.0], [111275.0, 5680.0], [111276.0, 101180.0], [111276.5, 3060.0], [111279.0, 2100.0], [111280.0, 6360.0], [111281.0, 11020.0], [111281.5, 60380.0], [111282.5, 60.0], [111284.5, 11190.0], [111286.0, 178950.0], [111286.5, 11000.0], [111287.0, 3120.0], [111290.0, 10.0], [111292.5, 10740.0], [111295.5, 26000.0], [111296.0, 11190.0], [111298.5, 14620.0]]}}}
{"jsonrpc": "2.0", "method": "subscription", "params": {"channel": "book.BTC-PERPETUAL.none.20.100ms", "data": {"timestamp": 1757276338692, "change_id": 116623111520, "instrument_name": "BTC-PERPETUAL", "bids": [[111272.5, 146220.0], [111272.0, 1000.0], [111271.0, 18000.0], [111270.5, 15000.0], [111270.0, 7000.0], [111269.0, 1000.0], [111267.5, 50000.0], [111267.0, 2000.0], [111264.5, 50510.0], [111264.0, 40020.0], [111263.5, 20.0], [111263.0, 20.0], [111262.5, 20.0], [111262.0, 3140.0], [111261.0, 50080.0], [111260.5, 50000.0], [111259.0, 32300.0], [111258.0, 45000.0], [111256.0, 26000.0], [111255.5, 11000.0]], "asks": [[111273.0, 480440.0], [111273.5, 119950.0], [111274.0, 273600.0], [111275.0, 5680.0], [111276.0, 101180.0], [111276.5, 3060.0], [111279.0, 2100.0], [111280.0, 6360.0], [111280.5, 20.0], [111281.0, 11020.0], [111281.5, 7640.0], [111282.0, 20.0], [111282.5, 60.0], [111284.5, 11190.0], [111286.5, 11000.0], [111287.0, 3120.0], [111290.0, 10.0], [111292.5, 10740.0], [111295.5, 26000.0], [111296.0, 11190.0]]}}}
{"jsonrpc": "2.0", "method": "subscription", "params": {"channel": "book.BTC-PERPETUAL.none.20.100ms", "data": {"timestamp": 1757276339008, "change_id": 116623111678, "instrument_name": "BTC-PERPETUAL", "bids": [[111272.5, 146220.0], [111272.0, 1000.0], [111271.0, 18000.0], [111270.5, 15000.0], [111270.0, 7000.0], [111269.0, 1000.0], [111267.5, 50000.0], [111267.0, 2000.0], [111264.5, 50510.0], [111264.0, 40020.0], [111263.5, 20.0], [111263.0, 20.0], [111262.5, 20.0], [111262.0, 3140.0], [111261.0, 50080.0], [111260.5, 50000.0], [111259.0, 32300.0], [111258.0, 45000.0], [111256.0, 26000.0], [111255.5, 11000.0]], "asks": [[111273.0, 480440.0], [111273.5, 119950.0], [111274.0, 273600.0], [111275.0, 5680.0], [111276.0, 101180.0], [111276.5, 3060.0], [111279.0, 2100.0], [111280.0, 6360.0], [111280.5, 20.0], [111281.0, 11020.0], [111281.5, 7640.0], [111282.0, 20.0], [111282.5, 60.0], [111284.5, 11190.0], [111286.5, 11000.0], [111287.0, 3120.0], [111290.0, 10.0], [111292.5, 10740.0], [111295.5, 26000.0], [111296.0, 11190.0]]}}}
{"jsonrpc": "2.0", "method": "subscription", "params": {"channel": "book.BTC-PERPETUAL.none.20.100ms", "data": {"timestamp": 1757276339338, "change_id": 116623111877, "instrument_name": "BTC-PERPETUAL", "bids": [[111272.5, 146220.0], [111272.0, 1000.0], [111271.0, 18000.0], [111270.5, 15000.0], [111270.0, 7000.0], [111269.0, 1000.0], [111267.5, 50000.0], [111267.0, 2000.0], [111264.5, 50510.0], [111264.0, 40020.0], [111263.5, 20.0], [111263.0, 20.0], [111262.5, 20.0], [111262.0, 3140.0], [111261.0, 50080.0], [111260.5, 50000.0], [111259.0, 32300.0], [111258.0, 45000.0], [111256.0, 26000.0], [111255.5, 11000.0]], "asks": [[111273.0, 480440.0], [111273.5, 119950.0], [111274.0, 273600.0], [111275.0, 5680.0], [111276.0, 101180.0], [111276.5, 3060.0], [111279.0, 2100.0], [111280.0, 6360.0], [111280.5, 20.0], [111281.0, 11020.0], [111281.5, 7640.0], [111282.0, 20.0], [111282.5, 60.0], [111284.5, 11190.0], [111286.5, 11000.0], [111287.0, 3120.0], [111290.0, 10.0], [111292.5, 10740.0], [111295.5, 26000.0], [111296.0, 11190.0]]}}}
{"jsonrpc": "2.0", "method": "subscription", "params": {"channel": "book.BTC-PERPETUAL.none.20.100ms", "data": {"timestamp": 1757276339700, "change_id": 116623112444, "instrument_name": "BTC-PERPETUAL", "bids": [[111272.5, 146220.0], [111272.0, 1000.0], [111271.0, 18000.0], [111270.0, 7000.0], [111269.0, 1000.0], [111267.5, 50000.0], [111267.0, 2000.0], [111265.0, 20.0], [111264.5, 50510.0], [111264.0, 40020.0], [111263.5, 20.0], [111263.0, 20.0], [111262.5, 20.0], [111262.0, 3140.0], [111261.5, 20.0], [111261.0, 50080.0], [111260.5, 50000.0], [111259.0, 32300.0], [111258.0, 45000.0], [111256.0, 26000.0]], "asks": [[111273.0, 480420.0], [111273.5, 119950.0], [111274.0, 273600.0], [111275.0, 5680.0], [111276.0, 101180.0], [111276.5, 3060.0], [111279.0, 2100.0], [111280.0, 6360.0], [111280.5, 20.0], [111281.0, 11020.0], [111281.5, 61500.0], [111282.0, 20.0], [111282.5, 80.0], [111284.5, 11190.0], [111286.0, 182710.0], [111286.5, 11000.0], [111287.0, 3120.0], [111290.0, 10.0], [111292.5, 10740.0], [111295.5, 26000.0]]}}}
{"jsonrpc": "2.0", "method": "subscription", "params": {"channel": "book.BTC-PERPETUAL.none.20.100ms", "data": {"timestamp": 1757276340027, "change_id": 116623112580, "instrument_name": "BTC-PERPETUAL", "bids": [[111272.5, 146220.0], [111272.0, 1000.0], [111271.0, 18000.0], [111270.0, 7000.0], [111269.0, 1000.0], [111267.5, 50000.0], [111267.0, 2000.0], [111264.5, 50490.0], [111264.0, 40020.0], [111263.5, 20.0], [111263.0, 20.0], [111262.5, 20.0], [111262.0, 3140.0], [111261.5, 20.0], [111261.0, 50100.0], [111260.5, 50000.0], [111259.0, 32300.0], [111258.0, 45000.0], [111256.0, 26000.0], [111255.5, 11000.0]], "asks": [[111273.0, 480420.0], [111273.5, 119950.0], [111274.0, 273600.0], [111275.0, 5680.0], [111276.0, 101180.0], [111276.5, 3060.0], [111279.0, 2100.0], [111280.0, 6360.0], [111280.5, 20.0], [111281.0, 11020.0], [111281.5, 7640.0], [111282.0, 20.0], [111282.5, 80.0], [111284.5, 11190.0], [111286.5, 11000.0], [111287.0, 3120.0], [111290.0, 10.0], [111292.5, 10740.0], [111295.5, 26000.0], [111296.0, 11190.0]]}}}
{"jsonrpc": "2.0", "method": "subscription", "params": {"channel": "book.BTC-PERPETUAL.none.20.100ms", "data": {"timestamp": 1757276340363, "change_id": 116623112804, "instrument_name": "BTC-PERPETUAL", "bids": [[111272.5, 146220.0], [111272.0, 1000.0], [111271.0, 18000.0], [111270.0, 7000.0], [111269.0, 1000.0], [111267.5, 50000.0], [111267.0, 2000.0], [111264.5, 39490.0], [111264.0, 40020.0], [111263.5, 20.0], [111263.0, 20.0], [111262.5, 11020.0], [111262.0, 3140.0], [111261.5, 20.0], [111261.0, 110.0], [111260.5, 50000.0], [111259.5, 49990.0], [111259.0, 32300.0], [111258.0, 45000.0], [111256.0, 26000.0]], "asks": [[111273.0, 480420.0], [111273.5, 119950.0], [111274.0, 273600.0], [111275.0, 5680.0], [111276.0, 101180.0], [111276.5, 3060.0], [111279.0, 2100.0], [111280.0, 6360.0], [111280.5, 20.0], [111281.0, 11020.0], [111281.5, 7640.0], [111282.0, 20.0], [111282.5, 80.0], [111284.5, 11190.0], [111286.5, 11000.0], [111287.0, 3120.0], [111290.0, 10.0], [111292.0, 26000.0], [111292.5, 3360.0], [111296.0, 11190.0]]}}}
{"jsonrpc": "2.0", "method": "subscription", "params": {"channel": "book.BTC-PERPETUAL.none.20.100ms", "data": {"timestamp": 1757276340662, "change_id": 116623113349, "instrument_name": "BTC-PERPETUAL", "bids": [[111272.5, 146220.0], [111272.0, 1000.0], [111271.0, 18000.0], [111270.0, 7000.0], [111269.0, 1000.0], [111267.5, 50000.0], [111267.0, 2000.0], [111264.5, 50490.0], [111264.0, 40020.0], [111263.5, 20.0], [111263.0, 20.0], [111262.5, 20.0], [111262.0, 3140.0], [111261.5, 20.0], [111261.0, 110.0], [111260.5, 50000.0], [111259.5, 49990.0], [111259.0, 32300.0], [111258.0, 45000.0], [111255.5, 11000.0]], "asks": [[111273.0, 480420.0], [111273.5, 119950.0], [111274.0, 273600.0], [111275.0, 5680.0], [111276.0, 101180.0], [111276.5, 3060.0], [111279.0, 2100.0], [111280.0, 6360.0], [111280.5, 20.0], [111281.0, 11020.0], [111281.5, 7640.0], [111282.0, 20.0], [111282.5, 80.0], [111284.5, 11190.0], [111286.5, 11000.0], [111287.0, 3120.0], [111290.0, 10.0], [111292.5, 10740.0], [111295.5, 26000.0], [111296.0, 11190.0]]}}}
{"jsonrpc": "2.0", "method": "subscription", "params": {"channel": "book.BTC-PERPETUAL.none.20.100ms", "data": {"timestamp": 1757276341034, "change_id": 116623113494, "instrument_name": "BTC-PERPETUAL", "bids": [[111272.5, 145000.0], [111272.0, 1000.0], [111271.0, 18000.0], [111270.0, 7000.0], [111269.0, 1000.0], [111267.0, 52000.0], [111265.0, 11000.0], [111264.5, 39490.0], [111264.0, 40020.0], [111263.5, 20.0], [111263.0, 20.0], [111262.5, 20.0], [111262.0, 3140.0], [111261.5, 20.0], [111261.0, 110.0], [111260.5, 50020.0], [111259.5, 49990.0], [111259.0, 32300.0], [111258.0, 45000.0], [111255.5, 11000.0]], "asks": [[111273.0, 480420.0], [111273.5, 119950.0], [111274.0, 273600.0], [111275.0, 5680.0], [111276.0, 101180.0], [111276.5, 3060.0], [111279.0, 2100.0], [111279.5, 20.0], [111280.0, 6380.0], [111280.5, 20.0], [111281.0, 11020.0], [111281.5, 7640.0], [111282.5, 60.0], [111284.5, 11190.0], [111286.0, 175230.0], [111286.5, 11000.0], [111287.0, 3120.0], [111290.0, 10.0], [111292.5, 10740.0], [111295.5, 26000.0]]}}}
{"jsonrpc": "2.0", "method": "subscription", "params": {"channel": "book.BTC-PERPETUAL.none.20.100ms", "data": {"timestamp": 1757276341216, "change_id": 116623113602, "instrument_name": "BTC-PERPETUAL", "bids": [[111272.5, 145000.0], [111272.0, 1000.0], [111271.0, 18000.0], [111270.0, 7000.0], [111269.0, 1000.0], [111267.5, 50000.0], [111267.0, 2000.0], [111265.0, 11000.0], [111264.5, 39490.0], [111264.0, 40020.0], [111263.5, 20.0], [111263.0, 20.0], [111262.5, 20.0], [111262.0, 3140.0], [111261.5, 20.0], [111261.0, 50100.0], [111260.5, 50020.0], [111259.0, 32300.0], [111258.0, 45000.0], [111255.5, 11000.0]], "asks": [[111273.0, 480420.0], [111273.5, 119950.0], [111274.0, 273600.0], [111275.0, 5680.0], [111276.0, 101180.0], [111276.5, 3060.0], [111279.0, 2100.0], [111279.5, 20.0], [111280.0, 6380.0], [111280.5, 20.0], [111281.0, 11020.0], [111281.5, 59250.0], [111282.5, 60.0], [111284.5, 11190.0], [111286.0, 175230.0], [111286.5, 11000.0], [111287.0, 3120.0], [111290.0, 10.0], [111292.5, 10740.0], [111295.5, 26000.0]]}}}
{"jsonrpc": "2.0", "method": "subscription", "params": {"channel": "book.BTC-PERPETUAL.none.20.100ms", "data": {"timestamp": 1757276341654, "change_id": 116623114213, "instrument_name": "BTC-PERPETUAL", "bids": [[111272.5, 145000.0], [111272.0, 1000.0], [111271.0, 18000.0], [111270.0, 7000.0], [111269.0, 1000.0], [111267.5, 50000.0], [111267.0, 2000.0], [111265.0, 11000.0], [111264.5, 39490.0], [111264.0, 40020.0], [111263.5, 20.0], [111263.0, 20.0], [111262.5, 20.0], [111262.0, 3140.0], [111261.5, 20.0], [111261.0, 50100.0], [111260.5, 50020.0], [111259.0, 32300.0], [111258.0, 45000.0], [111255.5, 11000.0]], "asks": [[111273.0, 480420.0], [111273.5, 119950.0], [111274.0, 273600.0], [111275.0, 5680.0], [111276.0, 101180.0], [111276.5, 3060.0], [111279.0, 2100.0], [111279.5, 20.0], [111280.0, 6380.0], [111280.5, 20.0], [111281.0, 11020.0], [111281.5, 7640.0], [111282.5, 60.0], [111284.5, 11190.0], [111286.5, 11000.0], [111287.0, 3120.0], [111290.0, 10.0], [111292.5, 10740.0], [111295.5, 26000.0], [111296.0, 11190.0]]}}}
{"jsonrpc": "2.0", "method": "subscription", "params": {"channel": "book.BTC-PERPETUAL.none.20.100ms", "data": {"timestamp": 1757276342012, "change_id": 116623114451, "instrument_name": "BTC-PERPETUAL", "bids": [[111272.5, 84970.0], [111272.0, 1000.0], [111270.0, 7000.0], [111269.0, 1000.0], [111268.0, 15600.0], [111267.5, 50000.0], [111267.0, 2000.0], [111264.5, 17850.0], [111262.5, 11000.0], [111262.0, 3140.0], [111261.5, 20.0], [111261.0, 110.0], [111260.5, 50020.0], [111259.0, 55280.0], [111258.0, 45000.0], [111256.5, 49990.0], [111256.0, 40000.0], [111255.5, 11000.0], [111254.5, 25000.0], [111254.0, 174620.0]], "asks": [[111273.0, 480420.0], [111273.5, 119950.0], [111274.0, 273600.0], [111275.0, 5680.0], [111276.0, 101180.0], [111276.5, 3060.0], [111277.5, 20.0], [111278.0, 20.0], [111278.5, 11020.0], [111279.0, 2120.0], [111279.5, 20.0], [111280.0, 6360.0], [111281.5, 7620.0], [111282.5, 60.0], [111284.0, 11000.0], [111284.5, 11190.0], [111287.0, 3120.0], [111290.0, 10.0], [111291.5, 7800.0], [111292.0, 26000.0]]}}}
{"jsonrpc": "2.0", "method": "subscription", "params": {"channel": "book.BTC-PERPETUAL.none.20.100ms", "data": {"timestamp": 1757276342334, "change_id": 116623114654, "instrument_name": "BTC-PERPETUAL", "bids": [[111272.5, 84970.0], [111272.0, 1000.0], [111270.0, 7000.0], [111269.0, 1000.0], [111268.0, 15600.0], [111267.5, 50000.0], [111267.0, 2000.0], [111264.5, 17850.0], [111263.5, 20.0], [111263.0, 20.0], [111262.5, 11020.0], [111262.0, 3140.0], [111261.5, 20.0], [111261.0, 110.0], [111260.5, 50020.0], [111260.0, 20.0], [111259.0, 55280.0], [111258.0, 45000.0], [111256.5, 49990.0], [111256.0, 40000.0]], "asks": [[111273.0, 480420.0], [111273.5, 119950.0], [111274.0, 273600.0], [111275.0, 5680.0], [111276.0, 101180.0], [111276.5, 3060.0], [111278.5, 11000.0], [111279.0, 2120.0], [111279.5, 20.0], [111280.0, 6360.0], [111281.5, 7620.0], [111282.5, 60.0], [111284.0, 11000.0], [111284.5, 11190.0], [111287.0, 3120.0], [111290.0, 10.0], [111291.5, 7800.0], [111292.0, 26000.0], [111292.5, 5710.0], [111296.0, 11190.0]]}}}
{"jsonrpc": "2.0", "method": "subscription", "params": {"channel": "book.BTC-PERPETUAL.none.20.100ms", "data": {"timestamp": 1757276342692, "change_id": 116623115217, "instrument_name": "BTC-PERPETUAL", "bids": [[111272.5, 84970.0], [111272.0, 1000.0], [111270.0, 7000.0], [111269.0, 32530.0], [111268.5, 53100.0], [111267.5, 50000.0], [111267.0, 2000.0], [111264.5, 17850.0], [111263.5, 20.0], [111263.0, 20.0], [111262.5, 11020.0], [111262.0, 3140.0], [111261.5, 20.0], [111261.0, 110.0], [111260.5, 50020.0], [111260.0, 20.0], [111259.0, 55280.0], [111258.0, 45000.0], [111256.5, 49990.0], [111256.0, 40000.0]], "asks": [[111273.0, 480420.0], [111273.5, 119950.0], [111274.0, 273600.0], [111275.0, 5680.0], [111276.0, 101180.0], [111276.5, 3060.0], [111278.5, 11000.0], [111279.0, 2120.0], [111279.5, 20.0], [111280.0, 6360.0], [111281.5, 61150.0], [111282.5, 60.0], [111284.0, 11000.0], [111284.5, 11190.0], [111286.0, 181630.0], [111287.0, 3120.0], [111290.0, 10.0], [111291.5, 7800.0], [111292.0, 26000.0], [111292.5, 5710.0]]}}}
{"jsonrpc": "2.0", "method": "subscription", "params": {"channel": "book.BTC-PERPETUAL.none.20.100ms", "data": {"timestamp": 1757276343019, "change_id": 116623115359, "instrument_name": "BTC-PERPETUAL", "bids": [[111272.5, 84970.0], [111272.0, 1000.0], [111270.0, 38830.0], [111269.5, 50000.0], [111269.0, 1000.0], [111268.5, 53100.0], [111267.0, 2000.0], [111264.5, 17850.0], [111263.5, 20.0], [111263.0, 20.0], [111262.5, 11020.0], [111262.0, 3140.0], [111261.5, 20.0], [111261.0, 110.0], [111260.5, 50020.0], [111260.0, 20.0], [111259.0, 55280.0], [111258.0, 45000.0], [111256.5, 49990.0], [111256.0, 40000.0]], "asks": [[111273.0, 480420.0], [111273.5, 119950.0], [111274.0, 273600.0], [111275.0, 5680.0], [111276.0, 101180.0], [111276.5, 3060.0], [111278.5, 11000.0], [111279.0, 2120.0], [111279.5, 20.0], [111280.0, 6360.0], [111281.5, 7620.0], [111282.5, 60.0], [111284.0, 11000.0], [111284.5, 11190.0], [111287.0, 3120.0], [111290.0, 10.0], [111291.5, 7800.0], [111292.0, 26000.0], [111292.5, 5710.0], [111296.0, 11190.0]]}}}
{"jsonrpc": "2.0", "method": "subscription", "params": {"channel": "book.BTC-PERPETUAL.none.20.100ms", "data": {"timestamp": 1757276343330, "change_id": 116623115610, "instrument_name": "BTC-PERPETUAL", "bids": [[111272.5, 86170.0], [111272.0, 1000.0], [111270.5, 50000.0], [111270.0, 23830.0], [111269.0, 1000.0], [111268.5, 53100.0], [111267.0, 2000.0], [111264.5, 17850.0], [111264.0, 20.0], [111263.5, 20.0], [111263.0, 20.0], [111262.5, 11020.0], [111262.0, 3140.0], [111261.5, 20.0], [111261.0, 110.0], [111260.5, 50020.0], [111259.0, 55280.0], [111258.5, 49990.0], [111258.0, 45000.0], [111256.0, 40000.0]], "asks": [[111273.0, 480420.0], [111273.5, 119950.0], [111274.0, 273600.0], [111275.0, 5680.0], [111276.0, 101180.0], [111276.5, 3060.0], [111278.5, 11000.0], [111279.0, 2100.0], [111279.5, 20.0], [111280.0, 6380.0], [111280.5, 20.0], [111281.0, 20.0], [111281.5, 7620.0], [111282.5, 60.0], [111284.0, 11000.0], [111284.5, 11190.0], [111287.0, 3120.0], [111290.0, 10.0], [111291.5, 7800.0], [111292.0, 26000.0]]}}}
{"jsonrpc": "2.0", "method": "subscription", "params": {"channel": "book.BTC-PERPETUAL.none.20.100ms", "data": {"timestamp": 1757276343661, "change_id": 116623116236, "instrument_name": "BTC-PERPETUAL", "bids": [[111272.5, 86170.0], [111272.0, 1000.0], [111271.5, 50000.0], [111271.0, 3000.0], [111270.0, 7000.0], [111269.0, 1000.0], [111267.0, 2000.0], [111264.5, 19310.0], [111264.0, 20.0], [111263.5, 20.0], [111263.0, 20.0], [111262.5, 11020.0], [111262.0, 3140.0], [111261.5, 20.0], [111261.0, 110.0], [111260.5, 50020.0], [111259.0, 32300.0], [111258.0, 45000.0], [111256.5, 49990.0], [111256.0, 40000.0]], "asks": [[111273.0, 480420.0], [111273.5, 119950.0], [111274.0, 273600.0], [111275.0, 5680.0], [111276.0, 101180.0], [111276.5, 3060.0], [111278.5, 11000.0], [111279.0, 2100.0], [111279.5, 20.0], [111280.0, 6380.0], [111280.5, 20.0], [111281.0, 20.0], [111281.5, 7620.0], [111282.5, 60.0], [111284.0, 11000.0], [111284.5, 11190.0], [111287.0, 3120.0], [111290.0, 10.0], [111291.5, 7800.0], [111292.0, 26000.0]]}}}
{"jsonrpc": "2.0", "method": "subscription", "params": {"channel": "book.BTC-PERPETUAL.none.20.100ms", "data": {"timestamp": 1757276344014, "change_id": 116623116385, "instrument_name": "BTC-PERPETUAL", "bids": [[111272.5, 86170.0], [111272.0, 17800.0], [111271.5, 50000.0], [111271.0, 3000.0], [111270.0, 7000.0], [111269.0, 1000.0], [111267.0, 2000.0], [111264.5, 19310.0], [111264.0, 20.0], [111263.5, 20.0], [111263.0, 20.0], [111262.5, 11020.0], [111262.0, 3140.0], [111261.5, 20.0], [111261.0, 110.0], [111260.5, 50020.0], [111259.0, 32300.0], [111258.0, 45000.0], [111256.5, 49990.0], [111256.0, 40000.0]], "asks": [[111273.0, 480420.0], [111273.5, 119950.0], [111274.0, 273600.0], [111275.0, 5680.0], [111276.0, 101180.0], [111276.5, 3060.0], [111278.5, 11000.0], [111279.0, 2100.0], [111279.5, 20.0], [111280.0, 6380.0], [111280.5, 20.0], [111281.0, 20.0], [111281.5, 59960.0], [111282.5, 60.0], [111284.0, 11000.0], [111284.5, 11190.0], [111286.0, 177680.0], [111287.0, 3120.0], [111290.0, 10.0], [111291.5, 7800.0]]}}}
{"jsonrpc": "2.0", "method": "subscription", "params": {"channel": "book.BTC-PERPETUAL.none.20.100ms", "data": {"timestamp": 1757276344345, "change_id": 116623117389, "instrument_name": "BTC-PERPETUAL", "bids": [[111272.5, 86170.0], [111271.5, 50000.0], [111270.0, 1000.0], [111269.0, 1000.0], [111267.0, 2000.0], [111261.0, 90.0], [111255.0, 20.0], [111254.5, 20.0], [111253.5, 112080.0], [111253.0, 273600.0], [111251.5, 11000.0], [111251.0, 50000.0], [111248.5, 103190.0], [111247.0, 18860.0], [111245.0, 49990.0], [111244.5, 11000.0], [111244.0, 26000.0], [111243.5, 48120.0], [111243.0, 288310.0], [111241.0, 25000.0]], "asks": [[111273.0, 502410.0], [111273.5, 119950.0], [111274.0, 273620.0], [111274.5, 20.0], [111275.0, 5700.0], [111276.0, 101180.0], [111276.5, 3060.0], [111279.0, 2100.0], [111279.5, 26000.0], [111280.0, 6360.0], [111281.5, 84880.0], [111282.5, 60.0], [111284.5, 11190.0], [111285.0, 9240.0], [111285.5, 45000.0], [111286.0, 177680.0], [111287.0, 3120.0], [111290.0, 10.0], [111292.5, 31920.0], [111295.5, 61620.0]]}}}
{"jsonrpc": "2.0", "method": "subscription", "params": {"channel": "book.BTC-PERPETUAL.none.20.100ms", "data": {"timestamp": 1757276344679, "change_id": 116623118013, "instrument_name": "BTC-PERPETUAL", "bids": [[111272.5, 86170.0], [111271.5, 50000.0], [111270.0, 1000.0], [111269.0, 1000.0], [111267.0, 2000.0], [111261.0, 90.0], [111255.0, 20.0], [111254.5, 20.0], [111253.5, 112080.0], [111253.0, 273600.0], [111251.0, 50000.0], [111249.0, 11000.0], [111248.5, 103190.0], [111247.0, 18860.0], [111245.0, 49990.0], [111244.5, 11000.0], [111244.0, 50000.0], [111243.5, 45000.0], [111243.0, 288310.0], [111241.5, 26200.0]], "asks": [[111273.0, 537710.0], [111273.5, 119950.0], [111274.0, 273620.0], [111274.5, 20.0], [111275.0, 5700.0], [111276.0, 101180.0], [111276.5, 3060.0], [111279.0, 2100.0], [111280.0, 6360.0], [111281.0, 26000.0], [111281.5, 84880.0], [111282.5, 60.0], [111284.5, 11190.0], [111285.0, 9240.0], [111285.5, 45000.0], [111286.0, 177680.0], [111287.0, 3120.0], [111290.0, 10.0], [111291.5, 18490.0], [111292.0, 61620.0]]}}}
{"jsonrpc": "2.0", "method": "subscription", "params": {"channel": "book.BTC-PERPETUAL.none.20.100ms", "data": {"timestamp": 1757276344987, "change_id": 116623118222, "instrument_name": "BTC-PERPETUAL", "bids": [[111272.5, 86170.0], [111271.5, 50000.0], [111270.0, 1000.0], [111269.0, 1000.0], [111267.0, 2000.0], [111261.0, 90.0], [111255.0, 20.0], [111254.5, 20.0], [111253.5, 112080.0], [111253.0, 273600.0], [111251.0, 50000.0], [111249.0, 11000.0], [111248.5, 103190.0], [111247.0, 21980.0], [111245.0, 49990.0], [111244.5, 11000.0], [111244.0, 50000.0], [111243.5, 70000.0], [111243.0, 288310.0], [111241.5, 26200.0]], "asks": [[111273.0, 537710.0], [111273.5, 119950.0], [111274.0, 273600.0], [111274.5, 20.0], [111275.0, 5700.0], [111276.0, 101180.0], [111276.5, 3060.0], [111279.0, 2100.0], [111279.5, 26000.0], [111280.0, 6360.0], [111281.5, 84880.0], [111282.5, 60.0], [111284.5, 11190.0], [111285.0, 9240.0], [111285.5, 45000.0], [111286.0, 177680.0], [111287.0, 3120.0], [111290.0, 10.0], [111291.5, 18490.0], [111292.0, 61620.0]]}}}
{"jsonrpc": "2.0", "method": "subscription", "params": {"channel": "book.BTC-PERPETUAL.none.20.100ms", "data": {"timestamp": 1757276345332, "change_id": 116623118633, "instrument_name": "BTC-PERPETUAL", "bids": [[111272.5, 86170.0], [111270.0, 1000.0], [111269.0, 51000.0], [111267.0, 2000.0], [111261.5, 20.0], [111261.0, 110.0], [111260.5, 20.0], [111260.0, 20.0], [111259.5, 20.0], [111259.0, 20.0], [111258.5, 5120.0], [111258.0, 6000.0], [111254.0, 11000.0], [111253.5, 112080.0], [111253.0, 273600.0], [111252.0, 50000.0], [111251.0, 50000.0], [111249.0, 45000.0], [111248.5, 103190.0], [111247.5, 37000.0]], "asks": [[111273.0, 451410.0], [111273.5, 119950.0], [111274.0, 273600.0], [111275.0, 5680.0], [111276.0, 101180.0], [111276.5, 3060.0], [111278.0, 20.0], [111278.5, 11020.0], [111279.0, 2120.0], [111279.5, 20.0], [111280.0, 6360.0], [111281.5, 84880.0], [111282.5, 60.0], [111284.0, 26000.0], [111284.5, 11190.0], [111286.0, 177680.0], [111287.0, 3120.0], [111290.0, 10.0], [111290.5, 15930.0], [111291.0, 9240.0]]}}}
{"jsonrpc": "2.0", "method": "subscription", "params": {"channel": "book.BTC-PERPETUAL.none.20.100ms", "data": {"timestamp": 1757276345673, "change_id": 116623119292, "instrument_name": "BTC-PERPETUAL", "bids": [[111272.5, 84970.0], [111270.0, 1000.0], [111269.0, 51000.0], [111267.0, 2000.0], [111262.5, 20.0], [111262.0, 20.0], [111261.5, 20.0], [111261.0, 110.0], [111259.0, 4880.0], [111258.0, 6000.0], [111254.0, 11000.0], [111253.5, 112080.0], [111253.0, 273600.0], [111252.0, 50000.0], [111251.5, 49990.0], [111251.0, 50000.0], [111250.0, 40000.0], [111249.5, 11000.0], [111249.0, 45000.0], [111248.5, 103190.0]], "asks": [[111273.0, 448740.0], [111273.5, 119950.0], [111274.0, 273600.0], [111275.0, 5680.0], [111276.0, 101180.0], [111276.5, 3060.0], [111279.0, 2100.0], [111280.0, 3690.0], [111281.0, 11000.0], [111281.5, 84880.0], [111282.5, 60.0], [111284.5, 11190.0], [111286.0, 177680.0], [111287.0, 3120.0], [111290.0, 26010.0], [111290.5, 15930.0], [111291.0, 9240.0], [111291.5, 45000.0], [111292.5, 31920.0], [111296.0, 51190.0]]}}}
{"jsonrpc": "2.0", "method": "subscription", "params": {"channel": "book.BTC-PERPETUAL.none.20.100ms", "data": {"timestamp": 1757276345993, "change_id": 116623119446, "instrument_name": "BTC-PERPETUAL", "bids": [[111272.5, 84970.0], [111270.0, 1000.0], [111269.0, 51000.0], [111267.0, 2000.0], [111262.5, 20.0], [111262.0, 20.0], [111261.5, 20.0], [111261.0, 110.0], [111259.0, 4880.0], [111258.5, 11000.0], [111258.0, 6000.0], [111253.5, 162080.0], [111253.0, 273600.0], [111252.0, 50000.0], [111251.0, 50000.0], [111250.5, 26000.0], [111250.0, 40000.0], [111249.5, 11000.0], [111249.0, 45000.0], [111248.5, 103190.0]], "asks": [[111273.0, 488740.0], [111273.5, 119950.0], [111274.0, 273600.0], [111275.0, 5680.0], [111276.0, 101180.0], [111276.5, 3060.0], [111279.0, 2100.0], [111280.0, 3690.0], [111281.0, 11000.0], [111281.5, 57620.0], [111282.5, 60.0], [111284.5, 11190.0], [111286.0, 177680.0], [111287.0, 3120.0], [111289.0, 26000.0], [111289.5, 16280.0], [111290.0, 10.0], [111291.5, 45000.0], [111292.5, 15360.0], [111295.5, 9240.0]]}}}
{"jsonrpc": "2.0", "method": "subscription", "params": {"channel": "book.BTC-PERPETUAL.none.20.100ms", "data": {"timestamp": 1757276346329, "change_id": 116623120127, "instrument_name": "BTC-PERPETUAL", "bids": [[111272.5, 84970.0], [111270.0, 1000.0], [111269.0, 1000.0], [111268.5, 11000.0], [111268.0, 14530.0], [111267.5, 50000.0], [111267.0, 2000.0], [111265.5, 20.0], [111265.0, 20.0], [111264.5, 20.0], [111264.0, 20.0], [111263.5, 20.0], [111263.0, 20.0], [111262.5, 3120.0], [111261.5, 18040.0], [111261.0, 11590.0], [111259.5, 79800.0], [111258.5, 26000.0], [111258.0, 6000.0], [111255.0, 45000.0]], "asks": [[111273.0, 412550.0], [111273.5, 119950.0], [111274.0, 273600.0], [111275.0, 5560.0], [111276.0, 101180.0], [111276.5, 3060.0], [111278.5, 11000.0], [111279.0, 2100.0], [111280.0, 3690.0], [111281.5, 57620.0], [111282.5, 60.0], [111284.5, 11190.0], [111286.0, 202600.0], [111287.0, 3120.0], [111289.5, 16280.0], [111290.0, 10.0], [111291.0, 11000.0], [111291.5, 45000.0], [111292.5, 24010.0], [111296.0, 51190.0]]}}}
{"jsonrpc": "2.0", "method": "subscription", "params": {"channel": "book.BTC-PERPETUAL.none.20.100ms", "data": {"timestamp": 1757276346664, "change_id": 116623121200, "instrument_name": "BTC-PERPETUAL", "bids": [[111272.5, 170860.0], [111271.0, 3120.0], [111270.0, 2000.0], [111269.5, 82080.0], [111269.0, 43900.0], [111268.5, 45020.0], [111268.0, 35250.0], [111267.5, 50020.0], [111267.0, 2020.0], [111266.5, 20.0], [111266.0, 20.0], [111265.5, 20.0], [111265.0, 20.0], [111263.0, 14480.0], [111261.0, 11590.0], [111259.5, 29110.0], [111259.0, 61590.0], [111258.5, 500.0], [111257.0, 40000.0], [111253.5, 112080.0]], "asks": [[111273.0, 368340.0], [111273.5, 87380.0], [111274.0, 273600.0], [111275.0, 5560.0], [111276.0, 3260.0], [111276.5, 3060.0], [111279.0, 2100.0], [111280.0, 3690.0], [111282.5, 60.0], [111284.0, 3860.0], [111284.5, 11190.0], [111288.0, 3300.0], [111288.5, 11000.0], [111290.0, 10.0], [111295.5, 10830.0], [111296.0, 11190.0], [111297.5, 24920.0], [111298.5, 4420.0], [111299.0, 11000.0], [111299.5, 4200.0]]}}}
{"jsonrpc": "2.0", "method": "subscription", "params": {"channel": "book.BTC-PERPETUAL.none.20.100ms", "data": {"timestamp": 1757276346988, "change_id": 116623121620, "instrument_name": "BTC-PERPETUAL", "bids": [[111272.5, 261460.0], [111271.0, 3120.0], [111270.0, 51990.0], [111269.0, 1000.0], [111268.5, 20.0], [111268.0, 20.0], [111267.5, 50020.0], [111267.0, 2020.0], [111266.5, 20.0], [111266.0, 20.0], [111265.5, 20.0], [111265.0, 20.0], [111263.5, 26000.0], [111263.0, 16540.0], [111262.5, 45000.0], [111262.0, 9230.0], [111261.5, 11000.0], [111261.0, 11590.0], [111260.0, 500.0], [111259.5, 86050.0]], "asks": [[111273.0, 320320.0], [111273.5, 87380.0], [111274.0, 273600.0], [111275.0, 5680.0], [111276.0, 3260.0], [111276.5, 3060.0], [111279.0, 2100.0], [111279.5, 3120.0], [111280.0, 3690.0], [111282.5, 60.0], [111283.5, 6390.0], [111284.0, 11500.0], [111284.5, 11190.0], [111288.5, 22050.0], [111289.0, 48570.0], [111290.0, 10.0], [111291.5, 24920.0], [111294.5, 59390.0], [111295.0, 11000.0], [111296.0, 11190.0]]}}}
{"jsonrpc": "2.0", "method": "subscription", "params": {"channel": "book.BTC-PERPETUAL.none.20.100ms", "data": {"timestamp": 1757276347322, "change_id": 116623122067, "instrument_name": "BTC-PERPETUAL", "bids": [[111272.5, 391460.0], [111272.0, 20.0], [111271.5, 26020.0], [111271.0, 53130.0], [111270.5, 50020.0], [111270.0, 2020.0], [111269.5, 20.0], [111269.0, 1020.0], [111268.5, 45020.0], [111267.5, 20230.0], [111267.0, 2000.0], [111263.0, 25000.0], [111261.5, 2910.0], [111261.0, 12090.0], [111260.5, 61590.0], [111259.5, 86050.0], [111257.0, 231490.0], [111255.5, 1000.0], [111253.5, 115200.0], [111253.0, 273600.0]], "asks": [[111273.0, 360320.0], [111273.5, 87380.0], [111274.0, 273600.0], [111275.0, 120.0], [111276.0, 3260.0], [111276.5, 3060.0], [111279.0, 2100.0], [111280.0, 3690.0], [111280.5, 3120.0], [111282.5, 3570.0], [111284.0, 500.0], [111284.5, 11190.0], [111288.5, 22050.0], [111289.0, 48570.0], [111290.0, 10.0], [111291.5, 11000.0], [111292.0, 24920.0], [111294.5, 59390.0], [111296.0, 11190.0], [111297.0, 178550.0]]}}}
{"jsonrpc": "2.0", "method": "subscription", "params": {"channel": "book.BTC-PERPETUAL.none.20.100ms", "data": {"timestamp": 1757276347653, "change_id": 116623122850, "instrument_name": "BTC-PERPETUAL", "bids": [[111272.5, 499930.0], [111272.0, 20.0], [111271.5, 20.0], [111271.0, 39230.0], [111270.5, 50020.0], [111270.0, 1020.0], [111269.5, 6020.0], [111269.0, 1020.0], [111268.5, 45000.0], [111268.0, 61590.0], [111267.0, 2000.0], [111263.5, 500.0], [111263.0, 4350.0], [111261.5, 2910.0], [111261.0, 11590.0], [111259.5, 86050.0], [111257.0, 231490.0], [111255.5, 1000.0], [111253.5, 115200.0], [111253.0, 273600.0]], "asks": [[111273.0, 88630.0], [111274.0, 273600.0], [111275.0, 120.0], [111276.0, 3260.0], [111276.5, 3060.0], [111279.0, 2100.0], [111280.0, 3690.0], [111280.5, 3120.0], [111282.5, 3570.0], [111284.5, 11190.0], [111285.0, 200.0], [111288.5, 14570.0], [111289.0, 48570.0], [111290.0, 10.0], [111291.0, 500.0], [111296.0, 11190.0], [111298.5, 8600.0], [111299.0, 35920.0], [111299.5, 4200.0], [111300.0, 80.0]]}}}
{"jsonrpc": "2.0", "method": "subscription", "params": {"channel": "book.BTC-PERPETUAL.none.20.100ms", "data": {"timestamp": 1757276347983, "change_id": 116623123373, "instrument_name": "BTC-PERPETUAL", "bids": [[111272.5, 610220.0], [111272.0, 20.0], [111271.5, 20.0], [111271.0, 118070.0], [111270.5, 50020.0], [111270.0, 1020.0], [111269.5, 6020.0], [111269.0, 1020.0], [111268.5, 45000.0], [111267.0, 233480.0], [111263.5, 500.0], [111263.0, 85890.0], [111262.0, 273600.0], [111261.5, 2910.0], [111261.0, 11590.0], [111260.5, 25000.0], [111259.5, 17410.0], [111257.5, 40000.0], [111254.0, 20990.0], [111253.5, 18120.0]], "asks": [[111273.0, 88630.0], [111274.0, 273600.0], [111275.0, 120.0], [111276.0, 3260.0], [111276.5, 3060.0], [111279.0, 2100.0], [111280.0, 3690.0], [111282.5, 60.0], [111285.0, 200.0], [111288.5, 17690.0], [111289.0, 48570.0], [111290.0, 10.0], [111293.0, 500.0], [111293.5, 3360.0], [111296.0, 11190.0], [111298.0, 1280.0], [111299.0, 11000.0], [111299.5, 4200.0], [111300.0, 80.0], [111307.0, 24920.0]]}}}
{"jsonrpc": "2.0", "method": "subscription", "params": {"channel": "book.BTC-PERPETUAL.none.20.100ms", "data": {"timestamp": 1757276348314, "change_id": 116623123841, "instrument_name": "BTC-PERPETUAL", "bids": [[111272.5, 672300.0], [111272.0, 20.0], [111271.5, 20.0], [111271.0, 84750.0], [111270.5, 520.0], [111270.0, 1020.0], [111269.5, 6020.0], [111269.0, 1020.0], [111268.5, 45000.0], [111267.0, 233480.0], [111263.0, 85890.0], [111262.0, 273600.0], [111261.5, 2910.0], [111261.0, 36590.0], [111259.5, 17410.0], [111257.5, 40000.0], [111254.0, 41580.0], [111253.5, 18120.0], [111251.0, 50000.0], [111248.5, 97490.0]], "asks": [[111273.0, 88630.0], [111275.0, 120.0], [111276.0, 3260.0], [111276.5, 3060.0], [111279.0, 2100.0], [111280.0, 3690.0], [111282.0, 64930.0], [111282.5, 216220.0], [111285.0, 200.0], [111288.5, 97950.0], [111290.0, 273610.0], [111293.0, 500.0], [111293.5, 14940.0], [111295.0, 40000.0], [111296.0, 11190.0], [111298.0, 11490.0], [111299.0, 11000.0], [111299.5, 4200.0], [111300.0, 80.0], [111302.5, 24920.0]]}}}
{"jsonrpc": "2.0", "method": "subscription", "params": {"channel": "book.BTC-PERPETUAL.none.20.100ms", "data": {"timestamp": 1757276348619, "change_id": 116623124425, "instrument_name": "BTC-PERPETUAL", "bids": [[111272.5, 610710.0], [111272.0, 20.0], [111271.5, 20.0], [111271.0, 84750.0], [111270.5, 61610.0], [111270.0, 1520.0], [111269.5, 6020.0], [111269.0, 1020.0], [111268.5, 45000.0], [111267.0, 233480.0], [111263.0, 85890.0], [111262.0, 273600.0], [111261.5, 2910.0], [111261.0, 36590.0], [111259.5, 17410.0], [111257.5, 40000.0], [111254.0, 20590.0], [111253.5, 18120.0], [111251.5, 20990.0], [111251.0, 50000.0]], "asks": [[111273.0, 88630.0], [111275.0, 120.0], [111276.0, 3260.0], [111276.5, 3060.0], [111279.0, 2100.0], [111280.0, 3690.0], [111282.0, 64930.0], [111282.5, 216220.0], [111285.0, 200.0], [111287.0, 40000.0], [111288.5, 97950.0], [111290.0, 273610.0], [111293.0, 500.0], [111293.5, 3360.0], [111295.5, 20.0], [111296.0, 11210.0], [111296.5, 20.0], [111297.0, 20.0], [111297.5, 20.0], [111298.0, 16970.0]]}}}
{"jsonrpc": "2.0", "method": "subscription", "params": {"channel": "book.BTC-PERPETUAL.none.20.100ms", "data": {"timestamp": 1757276348974, "change_id": 116623124997, "instrument_name": "BTC-PERPETUAL", "bids": [[111272.5, 672600.0], [111272.0, 273620.0], [111271.5, 20.0], [111271.0, 84750.0], [111270.5, 20.0], [111270.0, 1020.0], [111269.5, 6020.0], [111269.0, 1020.0], [111268.5, 45000.0], [111268.0, 25000.0], [111267.0, 233480.0], [111263.0, 36120.0], [111261.5, 2910.0], [111261.0, 11590.0], [111260.0, 107700.0], [111259.5, 17410.0], [111258.0, 20990.0], [111257.5, 40000.0], [111254.0, 20590.0], [111253.5, 18120.0]], "asks": [[111273.0, 4710.0], [111275.0, 120.0], [111276.0, 3260.0], [111276.5, 3060.0], [111279.0, 2100.0], [111280.0, 3690.0], [111282.5, 60.0], [111288.5, 94830.0], [111290.0, 273610.0], [111293.5, 3360.0], [111294.5, 3120.0], [111296.0, 11190.0], [111297.5, 200.0], [111298.0, 7640.0], [111298.5, 21140.0], [111299.5, 4200.0], [111300.0, 80.0], [111304.0, 7480.0], [111308.0, 24920.0], [111310.0, 11000.0]]}}}
{"jsonrpc": "2.0", "method": "subscription", "params": {"channel": "book.BTC-PERPETUAL.none.20.100ms", "data": {"timestamp": 1757276349307, "change_id": 116623126178, "instrument_name": "BTC-PERPETUAL", "bids": [[111275.5, 1136100.0], [111275.0, 10000.0], [111274.0, 50.0], [111273.5, 51000.0], [111273.0, 278540.0], [111272.5, 102780.0], [111272.0, 273620.0], [111271.5, 20.0], [111271.0, 3140.0], [111270.5, 20.0], [111270.0, 1020.0], [111269.5, 20.0], [111269.0, 20.0], [111263.5, 20990.0], [111263.0, 36120.0], [111261.0, 11590.0], [111260.0, 107700.0], [111259.5, 17410.0], [111257.5, 43800.0], [111254.0, 21590.0]], "asks": [[111276.0, 3270.0], [111276.5, 3060.0], [111279.0, 2100.0], [111280.0, 3690.0], [111281.5, 3450.0], [111282.5, 60.0], [111290.0, 273610.0], [111294.0, 17280.0], [111294.5, 84080.0], [111297.5, 200.0], [111298.5, 5590.0], [111299.0, 11220.0], [111299.5, 4200.0], [111300.0, 80.0], [111306.5, 3120.0], [111310.0, 500.0], [111310.5, 16040.0], [111311.0, 40000.0], [111311.5, 13450.0], [111315.5, 11000.0]]}}}
{"jsonrpc": "2.0", "method": "subscription", "params": {"channel": "book.BTC-PERPETUAL.none.20.100ms", "data": {"timestamp": 1757276349634, "change_id": 116623127026, "instrument_name": "BTC-PERPETUAL", "bids": [[111275.5, 1113740.0], [111275.0, 35020.0], [111274.5, 20.0], [111273.5, 51000.0], [111273.0, 113870.0], [111272.5, 79980.0], [111272.0, 273620.0], [111271.5, 20.0], [111271.0, 3140.0], [111270.5, 21010.0], [111270.0, 1000.0], [111263.0, 36120.0], [111261.0, 11590.0], [111260.0, 107700.0], [111259.5, 17410.0], [111257.5, 43800.0], [111254.0, 1000.0], [111253.5, 18120.0], [111251.0, 50000.0], [111248.5, 17660.0]], "asks": [[111276.0, 3270.0], [111276.5, 3060.0], [111279.0, 2100.0], [111280.0, 3690.0], [111281.5, 3450.0], [111282.5, 60.0], [111290.0, 273610.0], [111294.5, 84080.0], [111297.5, 200.0], [111298.5, 4490.0], [111299.0, 11220.0], [111299.5, 4200.0], [111300.0, 80.0], [111306.5, 3120.0], [111307.0, 7480.0], [111307.5, 24920.0], [111309.5, 16040.0], [111310.0, 40000.0], [111311.0, 500.0], [111311.5, 13450.0]]}}}
{"jsonrpc": "2.0", "method": "subscription", "params": {"channel": "book.BTC-PERPETUAL.none.20.100ms", "data": {"timestamp": 1757276349899, "change_id": 116623127241, "instrument_name": "BTC-PERPETUAL", "bids": [[111275.5, 1138740.0], [111275.0, 10020.0], [111274.5, 20.0], [111273.5, 51000.0], [111273.0, 113870.0], [111272.5, 79940.0], [111272.0, 273620.0], [111271.5, 20.0], [111271.0, 3140.0], [111270.5, 20.0], [111270.0, 1000.0], [111269.5, 18080.0], [111269.0, 60260.0], [111263.5, 20990.0], [111263.0, 36120.0], [111261.0, 11590.0], [111260.0, 107700.0], [111259.5, 17410.0], [111257.5, 43800.0], [111254.0, 1000.0]], "asks": [[111276.0, 3270.0], [111276.5, 3060.0], [111279.0, 2100.0], [111280.0, 3690.0], [111281.5, 3450.0], [111282.5, 60.0], [111290.0, 273610.0], [111294.5, 84080.0], [111297.5, 200.0], [111298.5, 16090.0], [111299.0, 11220.0], [111299.5, 4200.0], [111300.0, 80.0], [111302.0, 40000.0], [111306.5, 3120.0], [111309.5, 4190.0], [111311.0, 500.0], [111311.5, 13450.0], [111315.5, 10350.0], [111316.0, 11000.0]]}}}
{"jsonrpc": "2.0", "method": "subscription", "params": {"channel": "book.BTC-PERPETUAL.none.20.100ms", "data": {"timestamp": 1757276350294, "change_id": 116623127687, "instrument_name": "BTC-PERPETUAL", "bids": [[111275.5, 1177150.0], [111275.0, 10020.0], [111274.5, 20.0], [111274.0, 20.0], [111273.5, 51020.0], [111273.0, 113890.0], [111272.5, 78750.0], [111272.0, 273620.0], [111271.0, 3120.0], [111270.0, 1000.0], [111269.5, 39070.0], [111269.0, 60260.0], [111263.0, 36120.0], [111261.0, 11590.0], [111260.0, 107700.0], [111259.5, 65250.0], [111258.5, 179960.0], [111257.5, 43800.0], [111254.0, 1000.0], [111253.5, 18120.0]], "asks": [[111276.0, 3270.0], [111276.5, 3060.0], [111279.0, 2100.0], [111280.0, 3690.0], [111281.5, 3450.0], [111282.5, 60.0], [111290.0, 273610.0], [111294.5, 84080.0], [111297.5, 200.0], [111298.5, 16090.0], [111299.5, 4200.0], [111300.0, 80.0], [111302.0, 40000.0], [111306.5, 3120.0], [111307.5, 20.0], [111308.0, 20.0], [111308.5, 20.0], [111309.5, 4190.0], [111311.0, 500.0], [111311.5, 13450.0]]}}}
{"jsonrpc": "2.0", "method": "subscription", "params": {"channel": "book.BTC-PERPETUAL.none.20.100ms", "data": {"timestamp": 1757276350599, "change_id": 116623128376, "instrument_name": "BTC-PERPETUAL", "bids": [[111275.5, 1113740.0], [111275.0, 10020.0], [111274.5, 20.0], [111274.0, 20.0], [111273.5, 51020.0], [111273.0, 138890.0], [111272.5, 78750.0], [111272.0, 273620.0], [111271.0, 3120.0], [111270.0, 1000.0], [111269.5, 18080.0], [111269.0, 60260.0], [111263.5, 20990.0], [111263.0, 36120.0], [111261.0, 11590.0], [111260.0, 107700.0], [111259.5, 17410.0], [111257.5, 43800.0], [111254.0, 1000.0], [111253.5, 18120.0]], "asks": [[111276.0, 3270.0], [111279.0, 2100.0], [111280.0, 3690.0], [111281.5, 6770.0], [111282.5, 60.0], [111289.5, 66620.0], [111290.0, 273610.0], [111294.0, 23340.0], [111294.5, 84080.0], [111297.5, 200.0], [111298.5, 22130.0], [111299.0, 11220.0], [111299.5, 4200.0], [111300.0, 80.0], [111302.0, 40020.0], [111302.5, 20.0], [111303.0, 20.0], [111303.5, 20.0], [111304.0, 20.0], [111306.0, 1100.0]]}}}
{"jsonrpc": "2.0", "method": "subscription", "params": {"channel": "book.BTC-PERPETUAL.none.20.100ms", "data": {"timestamp": 1757276350936, "change_id": 116623128553, "instrument_name": "BTC-PERPETUAL", "bids": [[111275.5, 1148720.0], [111275.0, 20.0], [111274.5, 20.0], [111274.0, 20.0], [111273.5, 51020.0], [111273.0, 113890.0], [111272.5, 78750.0], [111272.0, 273620.0], [111271.0, 3120.0], [111270.0, 1000.0], [111269.5, 18080.0], [111269.0, 60260.0], [111263.5, 20990.0], [111263.0, 36120.0], [111261.0, 11590.0], [111260.0, 107700.0], [111259.5, 17410.0], [111257.5, 43800.0], [111254.0, 1000.0], [111253.5, 18120.0]], "asks": [[111276.0, 3270.0], [111279.0, 2100.0], [111280.0, 3690.0], [111281.5, 6770.0], [111282.5, 60.0], [111289.5, 66620.0], [111290.0, 273610.0], [111294.0, 23340.0], [111294.5, 84080.0], [111297.5, 200.0], [111298.5, 22130.0], [111299.0, 11220.0], [111299.5, 29120.0], [111300.0, 80.0], [111302.0, 40000.0], [111302.5, 20.0], [111303.0, 20.0], [111303.5, 20.0], [111304.0, 20.0], [111306.0, 1100.0]]}}}
{"jsonrpc": "2.0", "method": "subscription", "params": {"channel": "book.BTC-PERPETUAL.none.20.100ms", "data": {"timestamp": 1757276351245, "change_id": 116623128849, "instrument_name": "BTC-PERPETUAL", "bids": [[111275.5, 1148720.0], [111275.0, 20.0], [111274.5, 20.0], [111274.0, 20.0], [111273.5, 51020.0], [111273.0, 113890.0], [111272.5, 78750.0], [111272.0, 273620.0], [111271.0, 3120.0], [111270.0, 1000.0], [111269.5, 18080.0], [111269.0, 60260.0], [111263.5, 20990.0], [111263.0, 36120.0], [111261.0, 11590.0], [111260.0, 107700.0], [111259.5, 17410.0], [111257.5, 43800.0], [111254.0, 1000.0], [111253.5, 18120.0]], "asks": [[111276.0, 3270.0], [111279.0, 2100.0], [111280.0, 3690.0], [111281.5, 6770.0], [111282.5, 60.0], [111289.5, 66620.0], [111290.0, 273610.0], [111294.0, 23340.0], [111294.5, 84080.0], [111297.5, 200.0], [111298.5, 22130.0], [111299.0, 11220.0], [111299.5, 29120.0], [111300.0, 80.0], [111301.5, 20.0], [111302.0, 40020.0], [111302.5, 20.0], [111303.0, 20.0], [111303.5, 20.0], [111306.0, 1600.0]]}}}
{"jsonrpc": "2.0", "method": "subscription", "params": {"channel": "book.BTC-PERPETUAL.none.20.100ms", "data": {"timestamp": 1757276351556, "change_id": 116623129322, "instrument_name": "BTC-PERPETUAL", "bids": [[111275.5, 1148720.0], [111275.0, 20.0], [111274.5, 20.0], [111274.0, 20.0], [111273.5, 51020.0], [111273.0, 113890.0], [111272.5, 78750.0], [111272.0, 273620.0], [111271.0, 3120.0], [111270.0, 1000.0], [111269.5, 18080.0], [111269.0, 60260.0], [111263.5, 20990.0], [111263.0, 36120.0], [111261.0, 11590.0], [111260.0, 107700.0], [111259.5, 64710.0], [111257.5, 221970.0], [111254.0, 1000.0], [111253.5, 18120.0]], "asks": [[111276.0, 3270.0], [111279.0, 2100.0], [111280.0, 3690.0], [111281.5, 6770.0], [111282.5, 60.0], [111289.5, 66620.0], [111290.0, 273610.0], [111294.0, 23340.0], [111294.5, 84080.0], [111297.5, 200.0], [111298.5, 22130.0], [111299.0, 11220.0], [111299.5, 29120.0], [111300.0, 80.0], [111301.5, 20.0], [111302.0, 40020.0], [111302.5, 20.0], [111303.0, 20.0], [111303.5, 20.0], [111306.0, 1600.0]]}}}
{"jsonrpc": "2.0", "method": "subscription", "params": {"channel": "book.BTC-PERPETUAL.none.20.100ms", "data": {"timestamp": 1757276351948, "change_id": 116623129583, "instrument_name": "BTC-PERPETUAL", "bids": [[111275.5, 1148720.0], [111275.0, 20.0], [111274.5, 20.0], [111274.0, 20.0], [111273.5, 51020.0], [111273.0, 113890.0], [111272.5, 78750.0], [111272.0, 273620.0], [111271.0, 3120.0], [111270.0, 1000.0], [111269.5, 18080.0], [111269.0, 60260.0], [111263.5, 20990.0], [111263.0, 36120.0], [111261.0, 11590.0], [111260.0, 107700.0], [111259.5, 64710.0], [111257.5, 221970.0], [111254.0, 1000.0], [111253.5, 18120.0]], "asks": [[111276.0, 3270.0], [111279.0, 2100.0], [111280.0, 3690.0], [111281.5, 6770.0], [111282.5, 60.0], [111289.5, 66620.0], [111290.0, 273610.0], [111294.0, 23340.0], [111294.5, 84080.0], [111297.5, 200.0], [111298.5, 22130.0], [111299.0, 11220.0], [111299.5, 29120.0], [111300.0, 80.0], [111301.5, 20.0], [111302.0, 40020.0], [111302.5, 20.0], [111303.0, 20.0], [111303.5, 20.0], [111306.0, 1600.0]]}}}
{"jsonrpc": "2.0", "method": "subscription", "params": {"channel": "book.BTC-PERPETUAL.none.20.100ms", "data": {"timestamp": 1757276352283, "change_id": 116623129887, "instrument_name": "BTC-PERPETUAL", "bids": [[111275.5, 1148720.0], [111275.0, 20.0], [111274.5, 20.0], [111274.0, 20.0], [111273.5, 51020.0], [111273.0, 113890.0], [111272.5, 78750.0], [111272.0, 273620.0], [111271.0, 3120.0], [111270.0, 1000.0], [111269.5, 18080.0], [111269.0, 60260.0], [111263.0, 36120.0], [111261.5, 20990.0], [111261.0, 11590.0], [111260.0, 107700.0], [111259.5, 17410.0], [111257.5, 43800.0], [111254.0, 1000.0], [111253.5, 18120.0]], "asks": [[111276.0, 3270.0], [111279.0, 2100.0], [111280.0, 3690.0], [111281.5, 6770.0], [111282.5, 60.0], [111289.5, 66620.0], [111290.0, 273610.0], [111294.0, 23340.0], [111294.5, 84080.0], [111297.5, 200.0], [111298.5, 22130.0], [111299.0, 11220.0], [111299.5, 4200.0], [111300.0, 80.0], [111301.0, 3120.0], [111302.0, 40000.0], [111302.5, 20.0], [111303.0, 20.0], [111303.5, 20.0], [111304.0, 20.0]]}}}
{"jsonrpc": "2.0", "method": "subscription", "params": {"channel": "book.BTC-PERPETUAL.none.20.100ms", "data": {"timestamp": 1757276352537, "change_id": 116623130264, "instrument_name": "BTC-PERPETUAL", "bids": [[111275.5, 1150440.0], [111275.0, 20.0], [111274.5, 20.0], [111274.0, 20.0], [111273.5, 51020.0], [111273.0, 113890.0], [111272.5, 78750.0], [111272.0, 273620.0], [111271.0, 3120.0], [111270.0, 1000.0], [111269.5, 18080.0], [111269.0, 60260.0], [111263.0, 36120.0], [111261.5, 20990.0], [111261.0, 11590.0], [111260.0, 107700.0], [111259.5, 17410.0], [111257.5, 43800.0], [111254.0, 1000.0], [111253.5, 18120.0]], "asks": [[111276.0, 3270.0], [111279.0, 2100.0], [111280.0, 3690.0], [111281.5, 6770.0], [111282.5, 60.0], [111289.5, 66620.0], [111290.0, 273610.0], [111293.5, 37280.0], [111294.0, 40000.0], [111294.5, 84080.0], [111297.5, 200.0], [111298.5, 6040.0], [111299.0, 11220.0], [111299.5, 4200.0], [111300.0, 80.0], [111301.0, 3120.0], [111301.5, 20.0], [111302.0, 20.0], [111302.5, 20.0], [111303.0, 20.0]]}}}
{"jsonrpc": "2.0", "method": "subscription", "params": {"channel": "book.BTC-PERPETUAL.none.20.100ms", "data": {"timestamp": 1757276352896, "change_id": 116623130668, "instrument_name": "BTC-PERPETUAL", "bids": [[111275.5, 1150440.0], [111275.0, 20.0], [111274.5, 20.0], [111274.0, 20.0], [111273.5, 51020.0], [111273.0, 113890.0], [111272.5, 78750.0], [111272.0, 273620.0], [111271.0, 3120.0], [111270.0, 1000.0], [111269.5, 18080.0], [111269.0, 60260.0], [111263.0, 36120.0], [111261.5, 20990.0], [111261.0, 11590.0], [111260.0, 107700.0], [111259.5, 17410.0], [111257.5, 43800.0], [111254.0, 1000.0], [111253.5, 18120.0]], "asks": [[111276.0, 3270.0], [111279.0, 2100.0], [111280.0, 3690.0], [111281.5, 6770.0], [111282.5, 60.0], [111289.5, 66620.0], [111290.0, 273610.0], [111293.5, 37280.0], [111294.0, 40000.0], [111294.5, 84080.0], [111297.5, 200.0], [111298.5, 6040.0], [111299.0, 11220.0], [111299.5, 4200.0], [111300.0, 80.0], [111301.0, 3120.0], [111301.5, 20.0], [111302.0, 20.0], [111302.5, 20.0], [111303.0, 20.0]]}}}
{"jsonrpc": "2.0", "method": "subscription", "params": {"channel": "book.BTC-PERPETUAL.none.20.100ms", "data": {"timestamp": 1757276353221, "change_id": 116623130819, "instrument_name": "BTC-PERPETUAL", "bids": [[111275.5, 1150440.0], [111275.0, 20.0], [111274.5, 20.0], [111274.0, 20.0], [111273.5, 51020.0], [111273.0, 113890.0], [111272.5, 78750.0], [111272.0, 273620.0], [111271.0, 3120.0], [111270.0, 1000.0], [111269.5, 18080.0], [111269.0, 60260.0], [111263.0, 36120.0], [111261.5, 20990.0], [111261.0, 11590.0], [111260.0, 107700.0], [111259.5, 66110.0], [111257.5, 226630.0], [111254.0, 1000.0], [111253.5, 18120.0]], "asks": [[111276.0, 3270.0], [111279.0, 2100.0], [111280.0, 3690.0], [111281.5, 6770.0], [111282.5, 60.0], [111289.5, 66620.0], [111290.0, 273610.0], [111293.5, 37280.0], [111294.0, 40000.0], [111294.5, 84080.0], [111297.5, 200.0], [111298.5, 6040.0], [111299.0, 11220.0], [111299.5, 4200.0], [111300.0, 80.0], [111301.0, 3120.0], [111301.5, 20.0], [111302.0, 20.0], [111302.5, 20.0], [111303.0, 20.0]]}}}
{"jsonrpc": "2.0", "method": "subscription", "params": {"channel": "book.BTC-PERPETUAL.none.20.100ms", "data": {"timestamp": 1757276353593, "change_id": 116623131498, "instrument_name": "BTC-PERPETUAL", "bids": [[111275.5, 1150440.0], [111275.0, 20.0], [111274.5, 20.0], [111274.0, 20.0], [111273.5, 51020.0], [111273.0, 113890.0], [111272.5, 78750.0], [111272.0, 273620.0], [111271.0, 3120.0], [111270.0, 1000.0], [111269.5, 18080.0], [111269.0, 60260.0], [111261.5, 20990.0], [111261.0, 11590.0], [111260.0, 107700.0], [111259.5, 17410.0], [111257.5, 43800.0], [111254.0, 1000.0], [111253.5, 18120.0], [111251.0, 50000.0]], "asks": [[111276.0, 3270.0], [111279.0, 2100.0], [111280.0, 3690.0], [111281.5, 6770.0], [111282.5, 60.0], [111289.5, 66620.0], [111290.0, 273610.0], [111293.5, 37280.0], [111294.0, 40000.0], [111294.5, 84080.0], [111297.5, 200.0], [111298.5, 6040.0], [111299.0, 11220.0], [111299.5, 4200.0], [111300.0, 80.0], [111301.0, 3120.0], [111301.5, 20.0], [111302.0, 20.0], [111302.5, 20.0], [111303.0, 20.0]]}}}
{"jsonrpc": "2.0", "method": "subscription", "params": {"channel": "book.BTC-PERPETUAL.none.20.100ms", "data": {"timestamp": 1757276353845, "change_id": 116623131644, "instrument_name": "BTC-PERPETUAL", "bids": [[111275.5, 1150440.0], [111275.0, 20.0], [111274.5, 20.0], [111274.0, 20.0], [111273.5, 51020.0], [111273.0, 113890.0], [111272.5, 78750.0], [111272.0, 273620.0], [111271.0, 3120.0], [111270.0, 1000.0], [111269.5, 18080.0], [111269.0, 60260.0], [111261.5, 56780.0], [111261.0, 11590.0], [111260.0, 107700.0], [111259.5, 17410.0], [111257.5, 43800.0], [111254.0, 1000.0], [111253.5, 18120.0], [111251.0, 50000.0]], "asks": [[111276.0, 3250.0], [111279.0, 2100.0], [111280.0, 3690.0], [111281.5, 3450.0], [111282.5, 60.0], [111289.5, 66620.0], [111290.0, 273610.0], [111293.5, 37280.0], [111294.0, 40000.0], [111294.5, 84080.0], [111297.5, 200.0], [111298.5, 6040.0], [111299.0, 11220.0], [111299.5, 4200.0], [111300.0, 80.0], [111301.0, 3120.0], [111302.0, 20.0], [111302.5, 20.0], [111303.0, 20.0], [111303.5, 20.0]]}}}
{"jsonrpc": "2.0", "method": "subscription", "params": {"channel": "book.BTC-PERPETUAL.none.20.100ms", "data": {"timestamp": 1757276354224, "change_id": 116623131798, "instrument_name": "BTC-PERPETUAL", "bids": [[111275.5, 1150440.0], [111275.0, 20.0], [111274.5, 20.0], [111274.0, 20.0], [111273.5, 51020.0], [111273.0, 113890.0], [111272.5, 78750.0], [111272.0, 273620.0], [111271.0, 3120.0], [111270.0, 1000.0], [111269.5, 18080.0], [111269.0, 60260.0], [111261.5, 56780.0], [111261.0, 11590.0], [111260.0, 107700.0], [111259.5, 17410.0], [111257.5, 43800.0], [111254.0, 1000.0], [111253.5, 18120.0], [111251.0, 50000.0]], "asks": [[111276.0, 3250.0], [111279.0, 2100.0], [111280.0, 3690.0], [111281.5, 3450.0], [111282.5, 60.0], [111289.5, 66620.0], [111290.0, 273610.0], [111293.5, 37280.0], [111294.0, 40000.0], [111294.5, 84080.0], [111297.5, 200.0], [111298.5, 6040.0], [111299.0, 11220.0], [111299.5, 4200.0], [111300.0, 80.0], [111301.0, 3120.0], [111302.0, 20.0], [111302.5, 20.0], [111303.0, 20.0], [111303.5, 20.0]]}}}
{"jsonrpc": "2.0", "method": "subscription", "params": {"channel": "book.BTC-PERPETUAL.none.20.100ms", "data": {"timestamp": 1757276354539, "change_id": 116623132202, "instrument_name": "BTC-PERPETUAL", "bids": [[111275.5, 1150440.0], [111275.0, 20.0], [111274.5, 20.0], [111274.0, 20.0], [111273.5, 51020.0], [111273.0, 113890.0], [111272.5, 78750.0], [111272.0, 273620.0], [111271.0, 3120.0], [111270.0, 1000.0], [111269.5, 18080.0], [111269.0, 60260.0], [111261.5, 56780.0], [111261.0, 11590.0], [111260.0, 107700.0], [111259.5, 64530.0], [111257.5, 43800.0], [111257.0, 177540.0], [111254.0, 1000.0], [111253.5, 18120.0]], "asks": [[111276.0, 10.0], [111279.0, 2100.0], [111280.0, 3690.0], [111281.5, 3450.0], [111282.5, 60.0], [111289.5, 66620.0], [111290.0, 273610.0], [111293.5, 37280.0], [111294.0, 40000.0], [111294.5, 84080.0], [111297.5, 200.0], [111298.5, 6040.0], [111299.0, 11220.0], [111299.5, 4200.0], [111300.0, 80.0], [111301.0, 3120.0], [111303.5, 20.0], [111304.0, 20.0], [111309.0, 500.0], [111309.5, 11010.0]]}}}
{"jsonrpc": "2.0", "method": "subscription", "params": {"channel": "book.BTC-PERPETUAL.none.20.100ms", "data": {"timestamp": 1757276354903, "change_id": 116623132592, "instrument_name": "BTC-PERPETUAL", "bids": [[111275.5, 918960.0], [111275.0, 20.0], [111274.5, 20.0], [111274.0, 20.0], [111273.5, 51020.0], [111273.0, 113890.0], [111272.5, 78750.0], [111272.0, 273620.0], [111271.0, 3120.0], [111270.0, 1000.0], [111269.5, 18080.0], [111269.0, 60260.0], [111261.5, 56780.0], [111261.0, 11590.0], [111260.0, 107700.0], [111259.5, 64530.0], [111257.5, 43800.0], [111257.0, 177540.0], [111254.0, 1000.0], [111253.5, 18120.0]], "asks": [[111276.0, 10.0], [111279.0, 2100.0], [111280.0, 3690.0], [111281.5, 3450.0], [111282.5, 60.0], [111289.5, 66620.0], [111290.0, 273610.0], [111293.5, 37280.0], [111294.0, 40000.0], [111294.5, 84080.0], [111297.5, 200.0], [111298.5, 6040.0], [111299.0, 11220.0], [111299.5, 4200.0], [111300.0, 80.0], [111301.0, 3120.0], [111302.0, 20.0], [111302.5, 20.0], [111303.0, 20.0], [111303.5, 20.0]]}}}
{"jsonrpc": "2.0", "method": "subscription", "params": {"channel": "book.BTC-PERPETUAL.none.20.100ms", "data": {"timestamp": 1757276355229, "change_id": 116623132748, "instrument_name": "BTC-PERPETUAL", "bids": [[111275.5, 1148910.0], [111275.0, 20.0], [111274.5, 20.0], [111274.0, 20.0], [111273.5, 51020.0], [111273.0, 113890.0], [111272.5, 78750.0], [111272.0, 273620.0], [111271.0, 3120.0], [111270.0, 1000.0], [111269.5, 18080.0], [111269.0, 60260.0], [111261.5, 56780.0], [111261.0, 11590.0], [111260.0, 107700.0], [111259.5, 17410.0], [111257.5, 43800.0], [111254.0, 1000.0], [111253.5, 18120.0], [111251.0, 50000.0]], "asks": [[111276.0, 10.0], [111279.0, 2100.0], [111280.0, 3690.0], [111281.5, 3450.0], [111282.5, 60.0], [111289.5, 66620.0], [111290.0, 273610.0], [111293.5, 37280.0], [111294.0, 40000.0], [111294.5, 84080.0], [111297.5, 200.0], [111298.5, 12330.0], [111299.0, 11220.0], [111299.5, 29120.0], [111300.0, 80.0], [111301.0, 3120.0], [111302.5, 20.0], [111303.0, 20.0], [111303.5, 20.0], [111304.0, 20.0]]}}}
{"jsonrpc": "2.0", "method": "subscription", "params": {"channel": "book.BTC-PERPETUAL.none.20.100ms", "data": {"timestamp": 1757276355576, "change_id": 116623133297, "instrument_name": "BTC-PERPETUAL", "bids": [[111275.5, 1148910.0], [111275.0, 20.0], [111274.5, 20.0], [111274.0, 20.0], [111273.5, 51020.0], [111273.0, 113890.0], [111272.5, 78750.0], [111272.0, 273620.0], [111271.0, 3120.0], [111270.0, 1000.0], [111269.5, 18080.0], [111269.0, 60260.0], [111261.5, 56780.0], [111261.0, 11590.0], [111260.0, 107700.0], [111259.5, 17410.0], [111257.5, 43800.0], [111254.0, 1000.0], [111253.5, 18120.0], [111251.0, 50000.0]], "asks": [[111276.0, 10.0], [111279.0, 2100.0], [111280.0, 3690.0], [111281.5, 3450.0], [111282.5, 60.0], [111289.5, 66620.0], [111290.0, 273610.0], [111293.5, 37280.0], [111294.0, 40000.0], [111294.5, 84080.0], [111297.5, 200.0], [111298.5, 6040.0], [111299.0, 11220.0], [111299.5, 4200.0], [111300.0, 80.0], [111301.0, 3120.0], [111302.5, 20.0], [111303.0, 20.0], [111303.5, 20.0], [111304.0, 20.0]]}}}
{"jsonrpc": "2.0", "method": "subscription", "params": {"channel": "book.BTC-PERPETUAL.none.20.100ms", "data": {"timestamp": 1757276355847, "change_id": 116623133512, "instrument_name": "BTC-PERPETUAL", "bids": [[111275.5, 1148910.0], [111275.0, 20.0], [111274.5, 20.0], [111274.0, 20.0], [111273.5, 51020.0], [111273.0, 113890.0], [111272.5, 78750.0], [111272.0, 273620.0], [111271.0, 3120.0], [111270.0, 1000.0], [111269.5, 18080.0], [111269.0, 60260.0], [111261.5, 56780.0], [111261.0, 11590.0], [111260.0, 107700.0], [111259.5, 17410.0], [111257.5, 43800.0], [111254.0, 1000.0], [111253.5, 18120.0], [111251.0, 50000.0]], "asks": [[111276.0, 10.0], [111279.0, 2100.0], [111280.0, 3690.0], [111281.5, 3450.0], [111282.5, 60.0], [111289.5, 66620.0], [111290.0, 273610.0], [111293.5, 37280.0], [111294.0, 40000.0], [111294.5, 84080.0], [111297.5, 200.0], [111298.5, 6040.0], [111299.0, 11220.0], [111299.5, 4200.0], [111300.0, 80.0], [111301.0, 3120.0], [111302.5, 20.0], [111303.0, 20.0], [111303.5, 20.0], [111304.0, 20.0]]}}}
{"jsonrpc": "2.0", "method": "subscription", "params": {"channel": "book.BTC-PERPETUAL.none.20.100ms", "data": {"timestamp": 1757276356247, "change_id": 116623133654, "instrument_name": "BTC-PERPETUAL", "bids": [[111275.5, 1148910.0], [111275.0, 20.0], [111274.5, 20.0], [111274.0, 20.0], [111273.5, 51020.0], [111273.0, 113890.0], [111272.5, 78750.0], [111272.0, 273620.0], [111271.0, 3120.0], [111270.0, 1000.0], [111269.5, 18080.0], [111269.0, 60260.0], [111261.5, 56780.0], [111261.0, 11590.0], [111260.0, 107700.0], [111259.5, 64090.0], [111257.5, 219880.0], [111254.0, 1000.0], [111253.5, 18120.0], [111251.0, 50000.0]], "asks": [[111276.0, 10.0], [111279.0, 2100.0], [111280.0, 3690.0], [111281.5, 3450.0], [111282.5, 60.0], [111289.5, 66620.0], [111290.0, 273610.0], [111293.5, 37280.0], [111294.0, 40000.0], [111294.5, 84080.0], [111297.5, 200.0], [111298.5, 6040.0], [111299.0, 11220.0], [111299.5, 4200.0], [111300.0, 80.0], [111301.0, 3120.0], [111303.0, 20.0], [111303.5, 20.0], [111304.0, 20.0], [111304.5, 20.0]]}}}
{"jsonrpc": "2.0", "method": "subscription", "params": {"channel": "book.BTC-PERPETUAL.none.20.100ms", "data": {"timestamp": 1757276356548, "change_id": 116623134054, "instrument_name": "BTC-PERPETUAL", "bids": [[111275.5, 1148910.0], [111275.0, 20.0], [111274.5, 20.0], [111274.0, 20.0], [111273.5, 51020.0], [111273.0, 113890.0], [111272.5, 78750.0], [111272.0, 273620.0], [111271.0, 3120.0], [111270.0, 1000.0], [111269.5, 18080.0], [111269.0, 60260.0], [111261.5, 56780.0], [111261.0, 11590.0], [111260.0, 107700.0], [111259.5, 64090.0], [111257.5, 219880.0], [111254.0, 1000.0], [111253.5, 18120.0], [111251.0, 50000.0]], "asks": [[111276.0, 10.0], [111279.0, 2100.0], [111280.0, 3690.0], [111281.5, 3450.0], [111282.5, 60.0], [111289.5, 66620.0], [111290.0, 273610.0], [111293.5, 37280.0], [111294.0, 40000.0], [111294.5, 84080.0], [111297.5, 200.0], [111298.5, 6040.0], [111299.0, 11220.0], [111299.5, 4200.0], [111300.0, 80.0], [111301.0, 3120.0], [111304.5, 20.0], [111305.0, 20.0], [111309.0, 500.0], [111309.5, 11010.0]]}}}
{"jsonrpc": "2.0", "method": "subscription", "params": {"channel": "book.BTC-PERPETUAL.none.20.100ms", "data": {"timestamp": 1757276356845, "change_id": 116623134413, "instrument_name": "BTC-PERPETUAL", "bids": [[111275.5, 1148910.0], [111275.0, 20.0], [111274.5, 20.0], [111274.0, 20.0], [111273.5, 51020.0], [111273.0, 113890.0], [111272.5, 78750.0], [111272.0, 273620.0], [111271.0, 3120.0], [111270.0, 1000.0], [111269.5, 18080.0], [111269.0, 60260.0], [111261.5, 56780.0], [111261.0, 11590.0], [111260.0, 107700.0], [111259.5, 64090.0], [111257.5, 219880.0], [111254.0, 1000.0], [111253.5, 18120.0], [111251.0, 50000.0]], "asks": [[111276.0, 10.0], [111279.0, 2100.0], [111280.0, 3690.0], [111281.5, 3450.0], [111282.5, 60.0], [111289.5, 66620.0], [111290.0, 273610.0], [111293.5, 37280.0], [111294.0, 40000.0], [111294.5, 84080.0], [111297.5, 200.0], [111298.5, 6040.0], [111299.0, 11220.0], [111299.5, 4200.0], [111300.0, 80.0], [111301.0, 3120.0], [111304.5, 20.0], [111305.0, 20.0], [111309.0, 500.0], [111309.5, 11010.0]]}}}
{"jsonrpc": "2.0", "method": "subscription", "params": {"channel": "book.BTC-PERPETUAL.none.20.100ms", "data": {"timestamp": 1757276357235, "change_id": 116623134543, "instrument_name": "BTC-PERPETUAL", "bids": [[111275.5, 1148910.0], [111275.0, 20.0], [111274.5, 20.0], [111274.0, 20.0], [111273.5, 51020.0], [111273.0, 113890.0], [111272.5, 78750.0], [111272.0, 273620.0], [111271.0, 3120.0], [111270.0, 1000.0], [111269.5, 18080.0], [111269.0, 60260.0], [111261.5, 56780.0], [111261.0, 11590.0], [111260.0, 107700.0], [111259.5, 64090.0], [111257.5, 219880.0], [111254.0, 1000.0], [111253.5, 18120.0], [111251.0, 50000.0]], "asks": [[111276.0, 10.0], [111279.0, 2100.0], [111280.0, 3690.0], [111281.5, 3450.0], [111282.5, 60.0], [111289.5, 66620.0], [111290.0, 273610.0], [111293.5, 37280.0], [111294.0, 40000.0], [111294.5, 84080.0], [111297.5, 200.0], [111298.5, 6040.0], [111299.0, 11220.0], [111299.5, 4200.0], [111300.0, 80.0], [111301.0, 3120.0], [111304.5, 20.0], [111305.0, 20.0], [111309.0, 500.0], [111309.5, 11010.0]]}}}
{"jsonrpc": "2.0", "method": "subscription", "params": {"channel": "book.BTC-PERPETUAL.none.20.100ms", "data": {"timestamp": 1757276357524, "change_id": 116623134850, "instrument_name": "BTC-PERPETUAL", "bids": [[111275.5, 1150590.0], [111275.0, 20.0], [111274.5, 20.0], [111274.0, 20.0], [111273.5, 51020.0], [111273.0, 113890.0], [111272.5, 78750.0], [111272.0, 273620.0], [111271.0, 3120.0], [111270.0, 1000.0], [111269.5, 18080.0], [111269.0, 60260.0], [111261.5, 56780.0], [111261.0, 11590.0], [111260.0, 107700.0], [111259.5, 64090.0], [111257.5, 219880.0], [111254.0, 1000.0], [111253.5, 18120.0], [111252.5, 110.0]], "asks": [[111276.0, 10.0], [111279.0, 2100.0], [111280.0, 3690.0], [111281.5, 3450.0], [111282.5, 60.0], [111289.5, 66620.0], [111290.0, 273610.0], [111293.5, 37280.0], [111294.0, 40000.0], [111294.5, 84080.0], [111297.5, 200.0], [111298.5, 6040.0], [111299.0, 11220.0], [111299.5, 4200.0], [111300.0, 80.0], [111301.0, 3120.0], [111303.0, 20.0], [111303.5, 20.0], [111304.0, 20.0], [111304.5, 20.0]]}}}
{"jsonrpc": "2.0", "method": "subscription", "params": {"channel": "book.BTC-PERPETUAL.none.20.100ms", "data": {"timestamp": 1757276357869, "change_id": 116623135296, "instrument_name": "BTC-PERPETUAL", "bids": [[111275.5, 1150590.0], [111275.0, 20.0], [111274.5, 20.0], [111274.0, 20.0], [111273.5, 51020.0], [111273.0, 113890.0], [111272.5, 78750.0], [111272.0, 273620.0], [111271.0, 3120.0], [111270.0, 1000.0], [111269.5, 18080.0], [111269.0, 60260.0], [111261.5, 56780.0], [111261.0, 11590.0], [111260.0, 107700.0], [111259.5, 64090.0], [111257.5, 219880.0], [111254.0, 1000.0], [111253.5, 18120.0], [111252.5, 110.0]], "asks": [[111276.0, 10.0], [111279.0, 2100.0], [111280.0, 3690.0], [111281.5, 3450.0], [111282.5, 60.0], [111289.5, 66620.0], [111290.0, 273610.0], [111293.5, 37280.0], [111294.0, 40000.0], [111294.5, 84080.0], [111297.5, 200.0], [111298.5, 12320.0], [111299.0, 11220.0], [111299.5, 29120.0], [111300.0, 80.0], [111301.0, 3120.0], [111303.0, 20.0], [111303.5, 20.0], [111304.0, 20.0], [111304.5, 20.0]]}}}
{"jsonrpc": "2.0", "method": "subscription", "params": {"channel": "book.BTC-PERPETUAL.none.20.100ms", "data": {"timestamp": 1757276358215, "change_id": 116623135412, "instrument_name": "BTC-PERPETUAL", "bids": [[111275.5, 1150590.0], [111275.0, 20.0], [111274.5, 20.0], [111274.0, 20.0], [111273.5, 51020.0], [111273.0, 113890.0], [111272.5, 78750.0], [111272.0, 273620.0], [111271.0, 3120.0], [111270.0, 1000.0], [111269.5, 18080.0], [111269.0, 60260.0], [111261.5, 56780.0], [111261.0, 11590.0], [111260.0, 107700.0], [111259.5, 64090.0], [111257.5, 219880.0], [111254.0, 1000.0], [111253.5, 18120.0], [111252.5, 110.0]], "asks": [[111276.0, 10.0], [111279.0, 2100.0], [111280.0, 3690.0], [111281.5, 3450.0], [111282.5, 60.0], [111289.5, 66620.0], [111290.0, 273610.0], [111293.5, 37280.0], [111294.0, 40000.0], [111294.5, 84080.0], [111297.5, 200.0], [111298.5, 6040.0], [111299.0, 11220.0], [111299.5, 4200.0], [111300.0, 80.0], [111301.0, 3120.0], [111303.0, 20.0], [111303.5, 20.0], [111304.0, 20.0], [111304.5, 20.0]]}}}
{"jsonrpc": "2.0", "method": "subscription", "params": {"channel": "book.BTC-PERPETUAL.none.20.100ms", "data": {"timestamp": 1757276358535, "change_id": 116623135873, "instrument_name": "BTC-PERPETUAL", "bids": [[111278.5, 729140.0], [111278.0, 20.0], [111277.5, 20.0], [111277.0, 20.0], [111276.5, 51020.0], [111276.0, 313130.0], [111275.5, 460490.0], [111275.0, 20.0], [111272.5, 74750.0], [111272.0, 273600.0], [111269.5, 18080.0], [111269.0, 60260.0], [111261.5, 56780.0], [111261.0, 11590.0], [111260.0, 107700.0], [111259.5, 64090.0], [111257.5, 219880.0], [111254.0, 1000.0], [111253.5, 18120.0], [111253.0, 18670.0]], "asks": [[111279.0, 2100.0], [111280.0, 3690.0], [111281.5, 3450.0], [111282.5, 60.0], [111289.5, 66620.0], [111290.0, 273610.0], [111293.5, 37280.0], [111294.0, 40000.0], [111294.5, 84080.0], [111297.5, 200.0], [111298.5, 6040.0], [111299.0, 11220.0], [111299.5, 4200.0], [111300.0, 80.0], [111301.0, 3120.0], [111303.5, 20.0], [111304.5, 20.0], [111305.0, 20.0], [111305.5, 20.0], [111309.0, 500.0]]}}}
{"jsonrpc": "2.0", "method": "subscription", "params": {"channel": "book.BTC-PERPETUAL.none.20.100ms", "data": {"timestamp": 1757276358783, "change_id": 116623136431, "instrument_name": "BTC-PERPETUAL", "bids": [[111278.5, 955690.0], [111278.0, 20.0], [111277.5, 20.0], [111277.0, 20.0], [111276.5, 51020.0], [111276.0, 219880.0], [111275.5, 244210.0], [111275.0, 20.0], [111272.5, 73750.0], [111272.0, 273600.0], [111269.5, 18080.0], [111269.0, 60260.0], [111261.5, 56780.0], [111261.0, 11590.0], [111260.0, 107700.0], [111259.5, 64090.0], [111257.5, 219880.0], [111254.0, 1000.0], [111253.5, 18120.0], [111253.0, 18670.0]], "asks": [[111279.0, 2100.0], [111280.0, 3690.0], [111281.5, 3450.0], [111282.5, 60.0], [111289.5, 66620.0], [111290.0, 273610.0], [111293.5, 37280.0], [111294.0, 40000.0], [111294.5, 84080.0], [111297.5, 200.0], [111298.5, 6040.0], [111299.0, 11220.0], [111299.5, 4200.0], [111300.0, 80.0], [111301.0, 3120.0], [111304.5, 20.0], [111305.0, 20.0], [111305.5, 20.0], [111309.0, 500.0], [111309.5, 11010.0]]}}}
{"jsonrpc": "2.0", "method": "subscription", "params": {"channel": "book.BTC-PERPETUAL.none.20.100ms", "data": {"timestamp": 1757276359164, "change_id": 116623136608, "instrument_name": "BTC-PERPETUAL", "bids": [[111278.5, 1187350.0], [111278.0, 20.0], [111277.5, 20.0], [111277.0, 20.0], [111276.5, 51020.0], [111276.0, 108050.0], [111275.5, 12740.0], [111275.0, 20.0], [111272.5, 73750.0], [111272.0, 273600.0], [111269.5, 18080.0], [111269.0, 60260.0], [111261.5, 56780.0], [111261.0, 11590.0], [111260.0, 107700.0], [111259.5, 64090.0], [111257.5, 219880.0], [111254.0, 1000.0], [111253.5, 18120.0], [111253.0, 18670.0]], "asks": [[111279.0, 2100.0], [111280.0, 3690.0], [111281.5, 3450.0], [111282.5, 60.0], [111289.5, 66620.0], [111290.0, 273610.0], [111293.5, 37280.0], [111294.0, 40000.0], [111294.5, 84080.0], [111297.5, 200.0], [111298.5, 6040.0], [111299.0, 11220.0], [111299.5, 4200.0], [111300.0, 80.0], [111301.0, 3120.0], [111305.0, 20.0], [111305.5, 20.0], [111309.0, 500.0], [111309.5, 11010.0], [111311.5, 13450.0]]}}}
{"jsonrpc": "2.0", "method": "subscription", "params": {"channel": "book.BTC-PERPETUAL.none.20.100ms", "data": {"timestamp": 1757276359535, "change_id": 116623136940, "instrument_name": "BTC-PERPETUAL", "bids": [[111278.5, 1187350.0], [111278.0, 20.0], [111277.5, 20.0], [111277.0, 20.0], [111276.5, 51020.0], [111276.0, 108050.0], [111275.5, 12740.0], [111275.0, 20.0], [111272.5, 73750.0], [111272.0, 273600.0], [111269.5, 18080.0], [111269.0, 60260.0], [111261.5, 56780.0], [111261.0, 11590.0], [111260.0, 107700.0], [111259.5, 64090.0], [111257.5, 219880.0], [111254.0, 1000.0], [111253.5, 18120.0], [111253.0, 18670.0]], "asks": [[111279.0, 2100.0], [111280.0, 3690.0], [111281.5, 3450.0], [111282.5, 60.0], [111289.5, 66620.0], [111290.0, 273610.0], [111293.5, 37280.0], [111294.0, 40000.0], [111294.5, 84080.0], [111297.5, 200.0], [111298.5, 6040.0], [111299.0, 11220.0], [111299.5, 4200.0], [111300.0, 80.0], [111301.0, 3120.0], [111305.0, 20.0], [111305.5, 20.0], [111309.0, 500.0], [111309.5, 11010.0], [111311.5, 13450.0]]}}}
{"jsonrpc": "2.0", "method": "subscription", "params": {"channel": "book.BTC-PERPETUAL.none.20.100ms", "data": {"timestamp": 1757276359881, "change_id": 116623137404, "instrument_name": "BTC-PERPETUAL", "bids": [[111278.5, 1187350.0], [111278.0, 20.0], [111277.5, 20.0], [111277.0, 20.0], [111276.5, 51020.0], [111276.0, 108050.0], [111275.5, 11060.0], [111275.0, 20.0], [111272.5, 73750.0], [111272.0, 273600.0], [111269.5, 18080.0], [111269.0, 60260.0], [111261.5, 56780.0], [111261.0, 11590.0], [111260.0, 107700.0], [111259.5, 64090.0], [111257.5, 219880.0], [111254.0, 1000.0], [111253.5, 18120.0], [111253.0, 18670.0]], "asks": [[111279.0, 2100.0], [111280.0, 3690.0], [111281.5, 3450.0], [111282.5, 60.0], [111289.5, 66620.0], [111290.0, 273610.0], [111293.5, 37280.0], [111294.0, 40000.0], [111294.5, 84080.0], [111297.5, 200.0], [111298.5, 6040.0], [111299.0, 11220.0], [111299.5, 4200.0], [111300.0, 80.0], [111301.0, 3120.0], [111305.0, 20.0], [111305.5, 20.0], [111306.0, 20.0], [111309.0, 500.0], [111309.5, 11010.0]]}}}
{"jsonrpc": "2.0", "method": "subscription", "params": {"channel": "book.BTC-PERPETUAL.none.20.100ms", "data": {"timestamp": 1757276360185, "change_id": 116623137519, "instrument_name": "BTC-PERPETUAL", "bids": [[111278.5, 1187660.0], [111278.0, 20.0], [111277.5, 20.0], [111277.0, 20.0], [111276.5, 51020.0], [111276.0, 108050.0], [111275.5, 11060.0], [111275.0, 20.0], [111272.5, 73750.0], [111272.0, 273600.0], [111269.5, 18080.0], [111269.0, 60260.0], [111261.5, 56780.0], [111261.0, 11590.0], [111260.0, 107700.0], [111259.5, 64090.0], [111257.5, 219880.0], [111254.0, 1000.0], [111253.5, 18120.0], [111253.0, 18670.0]], "asks": [[111279.0, 2100.0], [111280.0, 3690.0], [111281.5, 3450.0], [111282.5, 60.0], [111289.5, 66620.0], [111290.0, 273610.0], [111293.5, 37280.0], [111294.0, 40000.0], [111294.5, 84080.0], [111297.5, 200.0], [111298.5, 6040.0], [111299.0, 11220.0], [111299.5, 4200.0], [111300.0, 80.0], [111301.0, 3120.0], [111305.0, 20.0], [111305.5, 20.0], [111306.0, 20.0], [111306.5, 20.0], [111307.0, 20.0]]}}}
{"jsonrpc": "2.0", "method": "subscription", "params": {"channel": "book.BTC-PERPETUAL.none.20.100ms", "data": {"timestamp": 1757276360472, "change_id": 116623137757, "instrument_name": "BTC-PERPETUAL", "bids": [[111278.5, 1187660.0], [111278.0, 20.0], [111277.5, 20.0], [111277.0, 20.0], [111276.5, 51020.0], [111276.0, 108050.0], [111275.5, 11060.0], [111275.0, 20.0], [111272.5, 73750.0], [111272.0, 273600.0], [111269.5, 18080.0], [111269.0, 60260.0], [111261.5, 56780.0], [111261.0, 11590.0], [111260.0, 107700.0], [111259.5, 64090.0], [111257.5, 219880.0], [111254.0, 1000.0], [111253.5, 18120.0], [111253.0, 18670.0]], "asks": [[111279.0, 2100.0], [111280.0, 3690.0], [111281.5, 3450.0], [111282.5, 60.0], [111289.5, 66620.0], [111290.0, 273610.0], [111293.5, 37280.0], [111294.0, 40000.0], [111294.5, 84080.0], [111297.5, 200.0], [111298.5, 6040.0], [111299.0, 11220.0], [111299.5, 4200.0], [111300.0, 80.0], [111301.0, 3120.0], [111305.0, 20.0], [111305.5, 20.0], [111306.0, 20.0], [111306.5, 20.0], [111307.0, 20.0]]}}}
{"jsonrpc": "2.0", "method": "subscription", "params": {"channel": "book.BTC-PERPETUAL.none.20.100ms", "data": {"timestamp": 1757276360829, "change_id": 116623138323, "instrument_name": "BTC-PERPETUAL", "bids": [[111278.5, 1193500.0], [111278.0, 20.0], [111277.5, 20.0], [111277.0, 20.0], [111276.5, 51020.0], [111276.0, 108050.0], [111275.5, 11060.0], [111275.0, 20.0], [111272.5, 73750.0], [111272.0, 273600.0], [111269.5, 18080.0], [111269.0, 60260.0], [111261.5, 56780.0], [111261.0, 11590.0], [111260.0, 107700.0], [111259.5, 64090.0], [111257.5, 219880.0], [111254.0, 1000.0], [111253.5, 18120.0], [111253.0, 18670.0]], "asks": [[111279.0, 2100.0], [111280.0, 3690.0], [111281.5, 3450.0], [111282.5, 60.0], [111289.5, 66620.0], [111290.0, 273610.0], [111293.5, 37280.0], [111294.0, 40000.0], [111294.5, 84080.0], [111297.5, 200.0], [111298.5, 6040.0], [111299.0, 11220.0], [111299.5, 4200.0], [111300.0, 80.0], [111301.0, 3120.0], [111304.5, 20.0], [111305.0, 20.0], [111305.5, 20.0], [111306.0, 20.0], [111306.5, 20.0]]}}}
{"jsonrpc": "2.0", "method": "subscription", "params": {"channel": "book.BTC-PERPETUAL.none.20.100ms", "data": {"timestamp": 1757276361200, "change_id": 116623138446, "instrument_name": "BTC-PERPETUAL", "bids": [[111278.5, 1193500.0], [111278.0, 20.0], [111277.5, 20.0], [111277.0, 20.0], [111276.5, 51020.0], [111276.0, 108050.0], [111275.5, 11060.0], [111275.0, 20.0], [111272.5, 73750.0], [111272.0, 273600.0], [111269.5, 18080.0], [111269.0, 60260.0], [111261.5, 56780.0], [111261.0, 11590.0], [111260.0, 107700.0], [111259.5, 64090.0], [111257.5, 219880.0], [111254.0, 1000.0], [111253.5, 18120.0], [111253.0, 18670.0]], "asks": [[111279.0, 2100.0], [111280.0, 3690.0], [111281.5, 3450.0], [111282.5, 60.0], [111289.5, 66620.0], [111290.0, 273610.0], [111293.5, 37280.0], [111294.0, 40000.0], [111294.5, 84080.0], [111297.5, 200.0], [111298.5, 6040.0], [111299.0, 11220.0], [111299.5, 4200.0], [111300.0, 80.0], [111301.0, 3120.0], [111303.5, 20.0], [111304.0, 20.0], [111304.5, 20.0], [111305.0, 20.0], [111305.5, 20.0]]}}}
{"jsonrpc": "2.0", "method": "subscription", "params": {"channel": "book.BTC-PERPETUAL.none.20.100ms", "data": {"timestamp": 1757276361521, "change_id": 116623138659, "instrument_name": "BTC-PERPETUAL", "bids": [[111278.5, 1193190.0], [111278.0, 20.0], [111277.5, 20.0], [111277.0, 20.0], [111276.5, 51020.0], [111276.0, 108050.0], [111275.5, 11060.0], [111275.0, 20.0], [111272.5, 73750.0], [111272.0, 273600.0], [111269.5, 18080.0], [111269.0, 60260.0], [111261.5, 56780.0], [111261.0, 11590.0], [111260.0, 107700.0], [111259.5, 64090.0], [111257.5, 219880.0], [111254.0, 1000.0], [111253.5, 18120.0], [111253.0, 18670.0]], "asks": [[111279.0, 2100.0], [111280.0, 3690.0], [111281.5, 3450.0], [111282.5, 60.0], [111289.5, 66620.0], [111290.0, 273610.0], [111293.5, 37280.0], [111294.0, 40000.0], [111294.5, 84080.0], [111297.5, 200.0], [111298.5, 6040.0], [111299.0, 11220.0], [111299.5, 4200.0], [111300.0, 80.0], [111301.0, 3120.0], [111304.0, 20.0], [111304.5, 20.0], [111305.0, 20.0], [111309.0, 500.0], [111309.5, 11010.0]]}}}
{"jsonrpc": "2.0", "method": "subscription", "params": {"channel": "book.BTC-PERPETUAL.none.20.100ms", "data": {"timestamp": 1757276361863, "change_id": 116623139181, "instrument_name": "BTC-PERPETUAL", "bids": [[111278.5, 1193190.0], [111278.0, 20.0], [111277.5, 20.0], [111277.0, 20.0], [111276.5, 51020.0], [111276.0, 108050.0], [111275.5, 11060.0], [111275.0, 20.0], [111272.5, 73750.0], [111272.0, 273600.0], [111269.5, 18080.0], [111269.0, 60260.0], [111261.5, 56780.0], [111261.0, 11590.0], [111260.0, 107700.0], [111259.5, 64090.0], [111257.5, 219880.0], [111254.0, 1000.0], [111253.5, 18120.0], [111253.0, 18670.0]], "asks": [[111279.0, 2100.0], [111280.0, 3690.0], [111281.5, 3450.0], [111282.5, 2060.0], [111289.5, 66620.0], [111290.0, 273610.0], [111293.5, 37280.0], [111294.0, 40000.0], [111294.5, 84080.0], [111297.5, 200.0], [111298.5, 6040.0], [111299.0, 11220.0], [111299.5, 4200.0], [111300.0, 80.0], [111301.0, 3120.0], [111303.5, 20.0], [111304.0, 20.0], [111304.5, 20.0], [111305.0, 20.0], [111305.5, 20.0]]}}}
