{"jsonrpc": "2.0", "id": 1, "result": ["book.BTC-PERPETUAL.none.20.100ms"], "usIn": 1756271781339741, "usOut": 1756271781340603, "usDiff": 862, "testnet": false}
{"jsonrpc": "2.0", "method": "subscription", "params": {"channel": "book.BTC-PERPETUAL.none.20.100ms", "data": {"timestamp": 1756271781331, "change_id": 115160380237, "instrument_name": "BTC-PERPETUAL", "bids": [[111699.5, 959060.0], [111699.0, 224660.0], [111698.5, 1000.0], [111697.0, 36000.0], [111696.5, 20770.0], [111694.0, 60000.0], [111690.5, 40850.0], [111690.0, 108200.0], [111689.5, 23780.0], [111689.0, 61590.0], [111688.5, 1000.0], [111683.5, 20.0], [111683.0, 24310.0], [111682.5, 33160.0], [111682.0, 40000.0], [111678.5, 17150.0], [111677.5, 5220.0], [111673.5, 17400.0], [111671.0, 82470.0], [111670.5, 34750.0]], "asks": [[111700.0, 310.0], [111709.5, 200.0], [111710.0, 920.0], [111711.5, 20.0], [111712.0, 20.0], [111712.5, 20.0], [111713.0, 20.0], [111713.5, 80.0], [111714.0, 20.0], [111715.0, 20.0], [111718.0, 10.0], [111719.0, 300.0], [111720.0, 70.0], [111721.5, 86720.0], [111724.0, 5790.0], [111724.5, 11000.0], [111725.0, 224640.0], [111727.5, 5440.0], [111728.5, 18130.0], [111733.5, 500.0]]}}}
{"jsonrpc": "2.0", "method": "subscription", "params": {"channel": "book.BTC-PERPETUAL.none.20.100ms", "data": {"timestamp": 1756271781484, "change_id": 115160380614, "instrument_name": "BTC-PERPETUAL", "bids": [[111699.5, 959260.0], [111699.0, 224660.0], [111698.5, 1000.0], [111698.0, 20.0], [111697.0, 36000.0], [111696.5, 20770.0], [111694.0, 60000.0], [111690.5, 40850.0], [111690.0, 108200.0], [111689.5, 23780.0], [111689.0, 61590.0], [111688.5, 1000.0], [111683.0, 24310.0], [111682.5, 33160.0], [111682.0, 40000.0], [111678.5, 17150.0], [111677.5, 5220.0], [111673.5, 17400.0], [111671.0, 82470.0], [111670.5, 34750.0]], "asks": [[111700.0, 310.0], [111709.5, 200.0], [111710.0, 920.0], [111712.5, 20.0], [111713.0, 20.0], [111713.5, 80.0], [111714.0, 20.0], [111714.5, 20.0], [111715.0, 20.0], [111718.0, 10.0], [111719.0, 300.0], [111720.0, 70.0], [111721.5, 86720.0], [111723.5, 11000.0], [111724.0, 5790.0], [111725.0, 224640.0], [111727.5, 12410.0], [111728.5, 18130.0], [111732.0, 25000.0], [111732.5, 500.0]]}}}
{"jsonrpc": "2.0", "method": "subscription", "params": {"channel": "book.BTC-PERPETUAL.none.20.100ms", "data": {"timestamp": 1756271781824, "change_id": 115160381428, "instrument_name": "BTC-PERPETUAL", "bids": [[111699.5, 970260.0], [111699.0, 224660.0], [111698.5, 1000.0], [111698.0, 31590.0], [111697.5, 25000.0], [111694.0, 60000.0], [111690.5, 40850.0], [111690.0, 108200.0], [111689.5, 23780.0], [111689.0, 61590.0], [111688.5, 1000.0], [111683.0, 24310.0], [111682.5, 33160.0], [111682.0, 40000.0], [111678.5, 17150.0], [111677.5, 5220.0], [111673.5, 17400.0], [111671.0, 82470.0], [111670.5, 34750.0], [111669.5, 84360.0]], "asks": [[111700.0, 70.0], [111709.5, 200.0], [111710.0, 940.0], [111710.5, 20.0], [111711.0, 20.0], [111711.5, 20.0], [111712.0, 20.0], [111712.5, 20.0], [111713.0, 20.0], [111713.5, 80.0], [111715.0, 20.0], [111718.0, 10.0], [111719.0, 300.0], [111720.0, 70.0], [111720.5, 1740.0], [111721.0, 5790.0], [111721.5, 8670.0], [111726.5, 11000.0], [111727.0, 20000.0], [111733.0, 500.0]]}}}
{"jsonrpc": "2.0", "method": "subscription", "params": {"channel": "book.BTC-PERPETUAL.none.20.100ms", "data": {"timestamp": 1756271782107, "change_id": 115160381866, "instrument_name": "BTC-PERPETUAL", "bids": [[111699.5, 970260.0], [111699.0, 224660.0], [111698.5, 1000.0], [111698.0, 18020.0], [111697.5, 25000.0], [111694.0, 60000.0], [111690.5, 40850.0], [111690.0, 108200.0], [111689.5, 23780.0], [111689.0, 61590.0], [111688.5, 1000.0], [111683.0, 24310.0], [111682.5, 33160.0], [111682.0, 40000.0], [111678.5, 17150.0], [111677.5, 5220.0], [111673.5, 17400.0], [111671.0, 82470.0], [111670.5, 34750.0], [111669.5, 84360.0]], "asks": [[111700.0, 70.0], [111709.5, 200.0], [111710.0, 920.0], [111712.5, 20.0], [111713.0, 20.0], [111713.5, 80.0], [111715.0, 20.0], [111718.0, 10.0], [111719.0, 300.0], [111720.0, 70.0], [111720.5, 1740.0], [111721.0, 5790.0], [111721.5, 8670.0], [111726.5, 11000.0], [111727.0, 20000.0], [111732.5, 500.0], [111733.0, 30000.0], [111733.5, 25000.0], [111734.0, 89570.0], [111735.0, 45200.0]]}}}
{"jsonrpc": "2.0", "method": "subscription", "params": {"channel": "book.BTC-PERPETUAL.none.20.100ms", "data": {"timestamp": 1756271782487, "change_id": 115160382340, "instrument_name": "BTC-PERPETUAL", "bids": [[111699.5, 980270.0], [111699.0, 224660.0], [111698.5, 1000.0], [111698.0, 18020.0], [111697.5, 25000.0], [111694.0, 60000.0], [111690.5, 40850.0], [111690.0, 108200.0], [111689.5, 23780.0], [111689.0, 61590.0], [111688.5, 1000.0], [111683.0, 24310.0], [111682.5, 33160.0], [111682.0, 40000.0], [111678.5, 17150.0], [111677.5, 5220.0], [111673.5, 17400.0], [111671.0, 82470.0], [111670.5, 34750.0], [111669.5, 84360.0]], "asks": [[111700.0, 70.0], [111710.0, 920.0], [111711.0, 20.0], [111711.5, 20.0], [111712.0, 220.0], [111712.5, 20.0], [111713.0, 20.0], [111713.5, 80.0], [111714.0, 20.0], [111714.5, 20.0], [111715.0, 20.0], [111718.0, 10.0], [111719.0, 300.0], [111720.0, 70.0], [111720.5, 1740.0], [111721.0, 5790.0], [111721.5, 8670.0], [111726.5, 11000.0], [111727.0, 20000.0], [111732.5, 500.0]]}}}
{"jsonrpc": "2.0", "method": "subscription", "params": {"channel": "book.BTC-PERPETUAL.none.20.100ms", "data": {"timestamp": 1756271782806, "change_id": 115160382677, "instrument_name": "BTC-PERPETUAL", "bids": [[111699.5, 980270.0], [111699.0, 224660.0], [111698.5, 1000.0], [111698.0, 18020.0], [111697.5, 25000.0], [111694.0, 60000.0], [111690.5, 40850.0], [111690.0, 108200.0], [111689.5, 23780.0], [111689.0, 61590.0], [111688.5, 1000.0], [111683.0, 24310.0], [111682.5, 33160.0], [111682.0, 40000.0], [111678.5, 17150.0], [111677.5, 5220.0], [111673.5, 17400.0], [111671.0, 82470.0], [111670.5, 34750.0], [111669.5, 84360.0]], "asks": [[111700.0, 70.0], [111710.0, 920.0], [111711.5, 20.0], [111712.0, 220.0], [111712.5, 20.0], [111713.0, 20.0], [111713.5, 80.0], [111714.0, 20.0], [111714.5, 20.0], [111715.0, 20.0], [111718.0, 10.0], [111719.0, 300.0], [111720.0, 70.0], [111720.5, 1740.0], [111721.0, 5790.0], [111721.5, 8670.0], [111726.5, 11000.0], [111727.0, 20000.0], [111728.0, 13650.0], [111728.5, 45000.0]]}}}
{"jsonrpc": "2.0", "method": "subscription", "params": {"channel": "book.BTC-PERPETUAL.none.20.100ms", "data": {"timestamp": 1756271783134, "change_id": 115160383257, "instrument_name": "BTC-PERPETUAL", "bids": [[111699.5, 980270.0], [111699.0, 224660.0], [111698.5, 1000.0], [111698.0, 18020.0], [111697.5, 25000.0], [111694.0, 60000.0], [111691.0, 61590.0], [111690.5, 40850.0], [111690.0, 108200.0], [111689.5, 23780.0], [111688.5, 1000.0], [111683.0, 24310.0], [111682.5, 33160.0], [111682.0, 40000.0], [111678.5, 17150.0], [111677.5, 5220.0], [111673.5, 17400.0], [111671.0, 82470.0], [111670.5, 34750.0], [111669.5, 84360.0]], "asks": [[111700.0, 70.0], [111710.0, 920.0], [111710.5, 200.0], [111712.0, 20.0], [111712.5, 20.0], [111713.0, 20.0], [111713.5, 80.0], [111714.0, 20.0], [111714.5, 20.0], [111715.0, 20.0], [111715.5, 6000.0], [111716.0, 20000.0], [111718.0, 10.0], [111719.0, 300.0], [111720.0, 70.0], [111721.5, 5040.0], [111727.0, 20000.0], [111727.5, 3450.0], [111731.5, 11000.0], [111732.5, 500.0]]}}}
{"jsonrpc": "2.0", "method": "subscription", "params": {"channel": "book.BTC-PERPETUAL.none.20.100ms", "data": {"timestamp": 1756271783473, "change_id": 115160383754, "instrument_name": "BTC-PERPETUAL", "bids": [[111699.5, 1005310.0], [111699.0, 224660.0], [111698.5, 1000.0], [111698.0, 34250.0], [111694.5, 61590.0], [111694.0, 60000.0], [111691.5, 39890.0], [111690.0, 108200.0], [111689.5, 23780.0], [111688.5, 1000.0], [111683.0, 24310.0], [111682.5, 33160.0], [111682.0, 40000.0], [111678.5, 17150.0], [111677.5, 5220.0], [111673.5, 17400.0], [111671.0, 39280.0], [111670.5, 34750.0], [111669.5, 84360.0], [111669.0, 6340.0]], "asks": [[111700.0, 70.0], [111710.0, 920.0], [111710.5, 200.0], [111713.5, 60.0], [111714.5, 20.0], [111715.0, 40.0], [111718.0, 10.0], [111719.0, 300.0], [111720.0, 70.0], [111721.5, 8670.0], [111724.0, 5790.0], [111727.0, 20000.0], [111731.0, 3450.0], [111731.5, 11000.0], [111733.5, 25000.0], [111734.0, 134570.0], [111735.0, 500.0], [111735.5, 224640.0], [111736.5, 31000.0], [111738.0, 19070.0]]}}}
{"jsonrpc": "2.0", "method": "subscription", "params": {"channel": "book.BTC-PERPETUAL.none.20.100ms", "data": {"timestamp": 1756271783808, "change_id": 115160384390, "instrument_name": "BTC-PERPETUAL", "bids": [[111699.5, 1005310.0], [111699.0, 224660.0], [111698.5, 1000.0], [111698.0, 18020.0], [111694.0, 60000.0], [111692.0, 61590.0], [111691.5, 39890.0], [111690.0, 108200.0], [111689.5, 23780.0], [111688.5, 1000.0], [111683.0, 73770.0], [111682.5, 33160.0], [111682.0, 40000.0], [111681.0, 182870.0], [111677.5, 5220.0], [111673.5, 17400.0], [111671.0, 39280.0], [111670.5, 34750.0], [111669.5, 84360.0], [111669.0, 6340.0]], "asks": [[111700.0, 70.0], [111710.0, 920.0], [111713.0, 200.0], [111713.5, 60.0], [111714.5, 20.0], [111715.0, 40.0], [111715.5, 20.0], [111716.0, 20.0], [111716.5, 20.0], [111717.0, 20.0], [111718.0, 10.0], [111719.0, 300.0], [111720.0, 70.0], [111728.5, 5790.0], [111730.5, 15640.0], [111731.0, 20000.0], [111731.5, 11000.0], [111732.5, 25000.0], [111733.0, 500.0], [111734.0, 134570.0]]}}}
{"jsonrpc": "2.0", "method": "subscription", "params": {"channel": "book.BTC-PERPETUAL.none.20.100ms", "data": {"timestamp": 1756271784117, "change_id": 115160384825, "instrument_name": "BTC-PERPETUAL", "bids": [[111699.5, 897630.0], [111699.0, 224660.0], [111698.5, 1000.0], [111698.0, 18020.0], [111694.0, 60000.0], [111692.5, 39890.0], [111690.0, 108200.0], [111689.5, 23780.0], [111688.5, 1000.0], [111687.0, 47960.0], [111686.5, 61590.0], [111685.5, 98280.0], [111683.0, 73770.0], [111682.5, 33160.0], [111682.0, 40000.0], [111681.0, 182870.0], [111679.5, 25000.0], [111677.5, 5220.0], [111673.5, 17400.0], [111671.0, 39280.0]], "asks": [[111700.0, 70.0], [111710.0, 920.0], [111710.5, 20.0], [111711.0, 20.0], [111711.5, 20.0], [111712.5, 20.0], [111713.0, 200.0], [111713.5, 80.0], [111714.0, 20.0], [111714.5, 20.0], [111715.0, 40.0], [111718.0, 10.0], [111718.5, 6110.0], [111719.0, 20300.0], [111720.0, 70.0], [111728.0, 11000.0], [111728.5, 5790.0], [111730.0, 500.0], [111730.5, 15640.0], [111731.0, 20000.0]]}}}
{"jsonrpc": "2.0", "method": "subscription", "params": {"channel": "book.BTC-PERPETUAL.none.20.100ms", "data": {"timestamp": 1756271784471, "change_id": 115160385263, "instrument_name": "BTC-PERPETUAL", "bids": [[111699.5, 877390.0], [111699.0, 224660.0], [111698.5, 1000.0], [111698.0, 18020.0], [111694.5, 20240.0], [111694.0, 60000.0], [111692.5, 39890.0], [111690.0, 108200.0], [111689.5, 23780.0], [111688.5, 1000.0], [111687.0, 47960.0], [111685.5, 98280.0], [111684.0, 25000.0], [111683.5, 61590.0], [111683.0, 73770.0], [111682.5, 33160.0], [111682.0, 40000.0], [111681.0, 182870.0], [111677.5, 5220.0], [111673.5, 17400.0]], "asks": [[111700.0, 70.0], [111710.0, 1120.0], [111710.5, 20.0], [111711.0, 20.0], [111711.5, 20.0], [111712.0, 20.0], [111712.5, 20.0], [111713.5, 80.0], [111715.0, 20.0], [111717.0, 6110.0], [111717.5, 20000.0], [111718.0, 10.0], [111719.0, 300.0], [111720.0, 70.0], [111727.5, 19040.0], [111728.0, 42000.0], [111728.5, 5790.0], [111732.5, 25000.0], [111734.0, 134570.0], [111734.5, 44220.0]]}}}
{"jsonrpc": "2.0", "method": "subscription", "params": {"channel": "book.BTC-PERPETUAL.none.20.100ms", "data": {"timestamp": 1756271784802, "change_id": 115160385710, "instrument_name": "BTC-PERPETUAL", "bids": [[111699.5, 985060.0], [111699.0, 224660.0], [111698.5, 12000.0], [111698.0, 18020.0], [111695.0, 9240.0], [111694.0, 60000.0], [111692.5, 39890.0], [111690.0, 108200.0], [111689.5, 23780.0], [111688.5, 1000.0], [111688.0, 47960.0], [111687.5, 61590.0], [111685.5, 98280.0], [111683.0, 73770.0], [111682.5, 33160.0], [111682.0, 40000.0], [111681.0, 182870.0], [111677.5, 5220.0], [111673.5, 17400.0], [111671.0, 39280.0]], "asks": [[111700.0, 70.0], [111710.0, 1120.0], [111711.0, 20.0], [111711.5, 20.0], [111712.0, 20.0], [111712.5, 20.0], [111713.0, 20.0], [111713.5, 60.0], [111715.0, 20.0], [111718.0, 10.0], [111719.0, 300.0], [111720.0, 70.0], [111721.5, 1740.0], [111722.0, 25790.0], [111727.5, 10950.0], [111728.0, 11000.0], [111731.0, 500.0], [111731.5, 25000.0], [111733.5, 18700.0], [111734.0, 134570.0]]}}}
{"jsonrpc": "2.0", "method": "subscription", "params": {"channel": "book.BTC-PERPETUAL.none.20.100ms", "data": {"timestamp": 1756271785130, "change_id": 115160386184, "instrument_name": "BTC-PERPETUAL", "bids": [[111699.5, 999510.0], [111699.0, 224660.0], [111698.5, 1000.0], [111698.0, 18020.0], [111694.0, 60000.0], [111692.5, 39890.0], [111690.0, 169790.0], [111689.5, 23780.0], [111688.5, 1000.0], [111683.0, 24310.0], [111682.5, 33160.0], [111682.0, 40000.0], [111677.5, 5220.0], [111673.5, 17400.0], [111671.0, 39280.0], [111670.5, 34750.0], [111669.5, 84360.0], [111669.0, 6340.0], [111664.5, 1000.0], [111663.5, 2000.0]], "asks": [[111700.0, 70.0], [111710.0, 920.0], [111710.5, 200.0], [111713.5, 60.0], [111715.0, 20.0], [111718.0, 10.0], [111720.0, 70.0], [111732.5, 20000.0], [111734.0, 70000.0], [111735.5, 224640.0], [111736.5, 31000.0], [111738.0, 19070.0], [111739.0, 16070.0], [111739.5, 33460.0], [111740.5, 20000.0], [111742.5, 100.0], [111745.0, 65880.0], [111745.5, 33600.0], [111746.5, 45290.0], [111747.5, 100.0]]}}}
{"jsonrpc": "2.0", "method": "subscription", "params": {"channel": "book.BTC-PERPETUAL.none.20.100ms", "data": {"timestamp": 1756271785462, "change_id": 115160387002, "instrument_name": "BTC-PERPETUAL", "bids": [[111699.5, 980300.0], [111699.0, 267960.0], [111698.5, 1000.0], [111698.0, 34250.0], [111694.5, 61590.0], [111694.0, 60000.0], [111692.5, 39890.0], [111690.0, 108200.0], [111689.5, 23780.0], [111688.5, 1000.0], [111683.0, 24310.0], [111682.5, 33160.0], [111682.0, 40000.0], [111677.5, 5220.0], [111673.5, 17400.0], [111671.0, 39280.0], [111670.5, 34750.0], [111669.5, 84360.0], [111669.0, 4080.0], [111666.0, 5790.0]], "asks": [[111700.0, 70.0], [111710.0, 920.0], [111710.5, 200.0], [111713.5, 60.0], [111715.0, 20.0], [111718.0, 10.0], [111720.0, 70.0], [111728.5, 12120.0], [111729.0, 5790.0], [111731.0, 300.0], [111731.5, 11000.0], [111732.0, 25500.0], [111735.0, 73410.0], [111735.5, 224640.0], [111736.5, 1000.0], [111738.0, 29140.0], [111739.5, 33460.0], [111742.5, 100.0], [111744.5, 11000.0], [111745.0, 23700.0]]}}}
{"jsonrpc": "2.0", "method": "subscription", "params": {"channel": "book.BTC-PERPETUAL.none.20.100ms", "data": {"timestamp": 1756271785788, "change_id": 115160387776, "instrument_name": "BTC-PERPETUAL", "bids": [[111709.5, 798690.0], [111709.0, 6020.0], [111706.0, 40000.0], [111704.0, 20000.0], [111700.0, 187350.0], [111699.5, 320850.0], [111699.0, 242940.0], [111698.0, 20.0], [111694.0, 40000.0], [111693.5, 60830.0], [111693.0, 61590.0], [111692.5, 35840.0], [111691.5, 2260.0], [111689.5, 3780.0], [111688.5, 98280.0], [111685.0, 52800.0], [111684.5, 176000.0], [111683.5, 17370.0], [111683.0, 24310.0], [111682.0, 40000.0]], "asks": [[111710.0, 920.0], [111713.0, 200.0], [111713.5, 60.0], [111715.0, 20.0], [111718.0, 10.0], [111720.0, 70.0], [111723.0, 6000.0], [111723.5, 20000.0], [111727.5, 5790.0], [111728.0, 3540.0], [111731.0, 800.0], [111731.5, 11000.0], [111733.5, 25000.0], [111735.0, 73410.0], [111735.5, 224640.0], [111736.5, 46000.0], [111738.0, 36880.0], [111738.5, 30000.0], [111739.5, 33460.0], [111742.5, 100.0]]}}}
{"jsonrpc": "2.0", "method": "subscription", "params": {"channel": "book.BTC-PERPETUAL.none.20.100ms", "data": {"timestamp": 1756271786124, "change_id": 115160388364, "instrument_name": "BTC-PERPETUAL", "bids": [[111709.5, 878730.0], [111709.0, 6020.0], [111707.0, 500.0], [111706.0, 40000.0], [111704.5, 9240.0], [111704.0, 20000.0], [111700.5, 11000.0], [111700.0, 133100.0], [111699.5, 188060.0], [111699.0, 242940.0], [111698.0, 20.0], [111694.0, 40000.0], [111693.5, 60830.0], [111693.0, 61590.0], [111692.5, 35840.0], [111691.5, 2260.0], [111689.5, 3780.0], [111688.5, 98280.0], [111685.0, 52800.0], [111684.5, 176000.0]], "asks": [[111710.0, 4520.0], [111713.0, 200.0], [111713.5, 60.0], [111715.0, 20.0], [111718.0, 10.0], [111718.5, 20.0], [111719.0, 20.0], [111719.5, 20.0], [111720.0, 90.0], [111723.0, 6000.0], [111723.5, 20000.0], [111731.0, 300.0], [111732.5, 500.0], [111734.5, 11000.0], [111735.0, 73410.0], [111735.5, 224640.0], [111736.0, 25000.0], [111736.5, 46000.0], [111738.0, 36880.0], [111738.5, 30000.0]]}}}
{"jsonrpc": "2.0", "method": "subscription", "params": {"channel": "book.BTC-PERPETUAL.none.20.100ms", "data": {"timestamp": 1756271786452, "change_id": 115160388867, "instrument_name": "BTC-PERPETUAL", "bids": [[111709.5, 877950.0], [111709.0, 6000.0], [111708.0, 500.0], [111707.0, 3770.0], [111706.0, 40000.0], [111705.0, 9240.0], [111704.5, 11000.0], [111704.0, 20000.0], [111700.0, 108100.0], [111699.5, 177060.0], [111699.0, 242940.0], [111698.5, 26000.0], [111698.0, 20.0], [111694.0, 40000.0], [111693.5, 61830.0], [111693.0, 61590.0], [111692.5, 35840.0], [111691.5, 2260.0], [111688.5, 98280.0], [111685.0, 52800.0]], "asks": [[111710.0, 43610.0], [111713.5, 60.0], [111715.0, 20.0], [111718.0, 10.0], [111719.0, 20.0], [111719.5, 20.0], [111720.0, 90.0], [111720.5, 20.0], [111721.0, 6020.0], [111721.5, 20000.0], [111723.0, 1740.0], [111726.5, 5790.0], [111730.5, 3390.0], [111731.0, 11300.0], [111731.5, 500.0], [111733.5, 20000.0], [111735.0, 73410.0], [111735.5, 224640.0], [111736.0, 25000.0], [111736.5, 46000.0]]}}}
{"jsonrpc": "2.0", "method": "subscription", "params": {"channel": "book.BTC-PERPETUAL.none.20.100ms", "data": {"timestamp": 1756271786778, "change_id": 115160389381, "instrument_name": "BTC-PERPETUAL", "bids": [[111709.5, 850370.0], [111709.0, 6000.0], [111707.0, 3770.0], [111706.5, 15270.0], [111706.0, 40000.0], [111705.0, 9240.0], [111704.5, 11000.0], [111704.0, 20000.0], [111700.5, 41440.0], [111700.0, 108100.0], [111699.5, 121230.0], [111699.0, 242940.0], [111698.5, 1000.0], [111698.0, 20.0], [111694.0, 40000.0], [111693.5, 61830.0], [111693.0, 61590.0], [111692.5, 35840.0], [111691.5, 27260.0], [111688.5, 98280.0]], "asks": [[111710.0, 43610.0], [111713.5, 60.0], [111714.0, 20.0], [111714.5, 20.0], [111715.0, 40.0], [111715.5, 20.0], [111716.0, 20.0], [111716.5, 20.0], [111717.0, 20.0], [111717.5, 20.0], [111718.0, 10.0], [111719.5, 20000.0], [111720.0, 70.0], [111725.0, 1740.0], [111725.5, 5790.0], [111730.0, 500.0], [111731.0, 300.0], [111732.5, 117350.0], [111733.0, 81450.0], [111733.5, 20000.0]]}}}
{"jsonrpc": "2.0", "method": "subscription", "params": {"channel": "book.BTC-PERPETUAL.none.20.100ms", "data": {"timestamp": 1756271787112, "change_id": 115160390112, "instrument_name": "BTC-PERPETUAL", "bids": [[111709.5, 856970.0], [111707.0, 3770.0], [111706.5, 14770.0], [111706.0, 40000.0], [111705.0, 33360.0], [111704.5, 500.0], [111704.0, 20000.0], [111703.0, 26000.0], [111702.5, 7000.0], [111699.5, 101230.0], [111699.0, 242940.0], [111695.0, 12000.0], [111694.5, 9240.0], [111694.0, 40000.0], [111693.5, 40910.0], [111692.5, 35460.0], [111691.5, 2260.0], [111691.0, 20000.0], [111688.5, 98280.0], [111686.5, 20.0]], "asks": [[111710.0, 83610.0], [111710.5, 30000.0], [111711.0, 20.0], [111713.5, 60.0], [111714.0, 20.0], [111714.5, 52620.0], [111715.0, 40.0], [111715.5, 20.0], [111716.0, 20.0], [111718.0, 10.0], [111720.0, 50.0], [111728.5, 20340.0], [111729.0, 25500.0], [111729.5, 11000.0], [111730.0, 31000.0], [111731.0, 300.0], [111732.5, 117350.0], [111733.0, 45450.0], [111734.0, 20.0], [111735.0, 9240.0]]}}}
{"jsonrpc": "2.0", "method": "subscription", "params": {"channel": "book.BTC-PERPETUAL.none.20.100ms", "data": {"timestamp": 1756271787443, "change_id": 115160390587, "instrument_name": "BTC-PERPETUAL", "bids": [[111709.5, 773570.0], [111707.0, 3770.0], [111706.5, 14770.0], [111706.0, 40000.0], [111705.0, 22360.0], [111704.5, 500.0], [111704.0, 20000.0], [111703.0, 37000.0], [111702.5, 6000.0], [111701.5, 1000.0], [111699.5, 101230.0], [111699.0, 242940.0], [111695.0, 12000.0], [111694.0, 40000.0], [111693.5, 40910.0], [111693.0, 9240.0], [111692.5, 35460.0], [111691.5, 2260.0], [111691.0, 20000.0], [111688.5, 98280.0]], "asks": [[111710.0, 83900.0], [111710.5, 30000.0], [111711.5, 20.0], [111712.0, 20.0], [111712.5, 20.0], [111713.0, 20.0], [111713.5, 60.0], [111714.0, 20.0], [111714.5, 52620.0], [111715.0, 40.0], [111716.0, 20000.0], [111718.0, 10.0], [111719.0, 1750.0], [111719.5, 5790.0], [111720.0, 50.0], [111725.0, 12560.0], [111725.5, 25000.0], [111726.5, 20000.0], [111727.5, 11500.0], [111728.0, 39740.0]]}}}
{"jsonrpc": "2.0", "method": "subscription", "params": {"channel": "book.BTC-PERPETUAL.none.20.100ms", "data": {"timestamp": 1756271787779, "change_id": 115160391261, "instrument_name": "BTC-PERPETUAL", "bids": [[111709.5, 751750.0], [111709.0, 17510.0], [111708.5, 5790.0], [111707.0, 53770.0], [111705.0, 16210.0], [111704.0, 20000.0], [111702.5, 6000.0], [111701.5, 1000.0], [111700.5, 11000.0], [111700.0, 26000.0], [111699.5, 101230.0], [111699.0, 242940.0], [111698.0, 45450.0], [111695.5, 500.0], [111695.0, 12000.0], [111694.0, 40000.0], [111693.5, 40910.0], [111693.0, 25000.0], [111692.5, 35130.0], [111691.5, 11500.0]], "asks": [[111710.0, 83870.0], [111710.5, 30020.0], [111711.0, 20.0], [111711.5, 20.0], [111712.0, 20.0], [111712.5, 20.0], [111713.0, 20.0], [111713.5, 80.0], [111714.0, 15800.0], [111714.5, 72600.0], [111715.0, 20.0], [111718.0, 10.0], [111719.0, 15170.0], [111720.0, 50.0], [111721.5, 45450.0], [111722.5, 10950.0], [111724.5, 25500.0], [111726.0, 11000.0], [111727.5, 11000.0], [111728.0, 28740.0]]}}}
{"jsonrpc": "2.0", "method": "subscription", "params": {"channel": "book.BTC-PERPETUAL.none.20.100ms", "data": {"timestamp": 1756271788106, "change_id": 115160391820, "instrument_name": "BTC-PERPETUAL", "bids": [[111709.5, 641900.0], [111709.0, 17510.0], [111708.5, 5790.0], [111707.0, 3770.0], [111705.5, 50000.0], [111705.0, 16210.0], [111704.0, 20000.0], [111702.5, 6000.0], [111702.0, 20.0], [111701.5, 1020.0], [111700.5, 11000.0], [111700.0, 26000.0], [111699.5, 101230.0], [111699.0, 242940.0], [111698.0, 45450.0], [111696.0, 500.0], [111695.0, 12000.0], [111694.0, 40000.0], [111693.5, 40910.0], [111692.5, 5010.0]], "asks": [[111710.0, 197420.0], [111710.5, 30020.0], [111711.0, 20.0], [111711.5, 20.0], [111712.0, 20.0], [111712.5, 20.0], [111713.0, 20.0], [111713.5, 80.0], [111714.0, 6010.0], [111714.5, 20000.0], [111715.0, 5810.0], [111718.0, 10.0], [111719.0, 15170.0], [111720.0, 50.0], [111720.5, 500.0], [111721.5, 45450.0], [111722.5, 6190.0], [111725.0, 11000.0], [111726.0, 11000.0], [111728.0, 28740.0]]}}}
{"jsonrpc": "2.0", "method": "subscription", "params": {"channel": "book.BTC-PERPETUAL.none.20.100ms", "data": {"timestamp": 1756271788437, "change_id": 115160392270, "instrument_name": "BTC-PERPETUAL", "bids": [[111709.5, 641930.0], [111709.0, 15990.0], [111707.0, 3770.0], [111705.5, 55790.0], [111705.0, 16210.0], [111704.0, 20000.0], [111702.5, 6000.0], [111701.5, 1000.0], [111701.0, 20.0], [111699.5, 112200.0], [111699.0, 242940.0], [111698.5, 26000.0], [111698.0, 45450.0], [111696.0, 500.0], [111695.0, 12000.0], [111694.0, 40000.0], [111693.5, 40910.0], [111692.5, 35390.0], [111691.0, 20000.0], [111690.5, 25000.0]], "asks": [[111710.0, 197500.0], [111710.5, 30020.0], [111711.0, 20.0], [111711.5, 20.0], [111712.0, 20.0], [111712.5, 20.0], [111713.0, 20.0], [111713.5, 80.0], [111714.0, 6010.0], [111714.5, 20000.0], [111715.0, 5810.0], [111718.0, 10.0], [111719.0, 15170.0], [111720.0, 50.0], [111720.5, 500.0], [111721.5, 45450.0], [111722.5, 18300.0], [111723.0, 30000.0], [111726.5, 22000.0], [111727.0, 20000.0]]}}}
{"jsonrpc": "2.0", "method": "subscription", "params": {"channel": "book.BTC-PERPETUAL.none.20.100ms", "data": {"timestamp": 1756271788770, "change_id": 115160393431, "instrument_name": "BTC-PERPETUAL", "bids": [[111709.5, 211000.0], [111701.5, 1000.0], [111699.5, 91190.0], [111699.0, 224640.0], [111698.0, 45450.0], [111697.0, 50000.0], [111695.0, 1300.0], [111694.0, 17870.0], [111693.5, 53770.0], [111692.0, 5790.0], [111687.0, 15230.0], [111686.5, 48000.0], [111683.5, 17370.0], [111683.0, 24310.0], [111682.0, 40000.0], [111681.0, 500.0], [111680.5, 34660.0], [111678.5, 18250.0], [111675.0, 25000.0], [111672.5, 9240.0]], "asks": [[111710.0, 402740.0], [111710.5, 30020.0], [111711.0, 20.0], [111711.5, 20.0], [111712.0, 20.0], [111712.5, 7790.0], [111713.0, 5810.0], [111713.5, 11080.0], [111714.0, 11000.0], [111715.0, 20.0], [111718.0, 10.0], [111719.0, 25250.0], [111719.5, 9240.0], [111720.0, 50.0], [111721.0, 25000.0], [111721.5, 45450.0], [111722.5, 29130.0], [111723.0, 30000.0], [111725.5, 61620.0], [111727.0, 7500.0]]}}}
{"jsonrpc": "2.0", "method": "subscription", "params": {"channel": "book.BTC-PERPETUAL.none.20.100ms", "data": {"timestamp": 1756271789104, "change_id": 115160394885, "instrument_name": "BTC-PERPETUAL", "bids": [[111709.5, 210710.0], [111706.5, 83490.0], [111701.5, 1000.0], [111699.5, 67780.0], [111699.0, 224640.0], [111698.0, 45450.0], [111695.0, 1300.0], [111694.0, 17540.0], [111693.5, 3770.0], [111689.0, 5790.0], [111688.5, 50000.0], [111688.0, 54640.0], [111687.5, 11000.0], [111686.5, 45450.0], [111684.0, 17350.0], [111683.0, 66200.0], [111682.5, 98780.0], [111682.0, 40000.0], [111681.0, 34630.0], [111679.0, 11000.0]], "asks": [[111710.0, 440520.0], [111710.5, 30020.0], [111711.0, 20.0], [111711.5, 20.0], [111712.0, 20.0], [111712.5, 20.0], [111713.0, 20.0], [111713.5, 80.0], [111715.0, 20.0], [111717.0, 11000.0], [111718.0, 27160.0], [111718.5, 9240.0], [111719.0, 20000.0], [111719.5, 30000.0], [111720.0, 50.0], [111721.5, 139430.0], [111722.0, 25000.0], [111722.5, 224640.0], [111723.5, 83410.0], [111725.0, 61620.0]]}}}
{"jsonrpc": "2.0", "method": "subscription", "params": {"channel": "book.BTC-PERPETUAL.none.20.100ms", "data": {"timestamp": 1756271789432, "change_id": 115160395719, "instrument_name": "BTC-PERPETUAL", "bids": [[111709.5, 110790.0], [111701.5, 1000.0], [111698.0, 20000.0], [111695.0, 1300.0], [111690.0, 15000.0], [111688.5, 134570.0], [111688.0, 224640.0], [111676.5, 10450.0], [111675.5, 20000.0], [111673.0, 17340.0], [111672.0, 61830.0], [111671.5, 48500.0], [111670.5, 34750.0], [111669.5, 69360.0], [111668.0, 2000.0], [111667.0, 9240.0], [111666.5, 42260.0], [111666.0, 1000.0], [111665.5, 180660.0], [111661.0, 12250.0]], "asks": [[111710.0, 496740.0], [111710.5, 30020.0], [111711.0, 20.0], [111711.5, 20.0], [111712.0, 25020.0], [111712.5, 20.0], [111713.0, 20.0], [111713.5, 80.0], [111715.0, 20.0], [111715.5, 26010.0], [111716.0, 38140.0], [111718.0, 10.0], [111718.5, 61620.0], [111719.0, 20000.0], [111720.0, 50.0], [111721.5, 180100.0], [111722.5, 224640.0], [111723.5, 83410.0], [111725.0, 21010.0], [111725.5, 20000.0]]}}}
{"jsonrpc": "2.0", "method": "subscription", "params": {"channel": "book.BTC-PERPETUAL.none.20.100ms", "data": {"timestamp": 1756271789762, "change_id": 115160396747, "instrument_name": "BTC-PERPETUAL", "bids": [[111709.5, 107670.0], [111702.0, 3000.0], [111695.5, 1000.0], [111695.0, 1000.0], [111688.5, 84570.0], [111688.0, 224640.0], [111683.5, 20.0], [111683.0, 20.0], [111682.0, 300.0], [111680.0, 35200.0], [111679.5, 50000.0], [111679.0, 50000.0], [111678.5, 17340.0], [111677.5, 1740.0], [111676.5, 5790.0], [111672.0, 39930.0], [111670.5, 500.0], [111670.0, 45630.0], [111669.5, 44360.0], [111669.0, 26000.0]], "asks": [[111710.0, 615920.0], [111710.5, 30020.0], [111711.0, 20.0], [111711.5, 20.0], [111712.0, 20.0], [111712.5, 20.0], [111713.0, 20.0], [111713.5, 80.0], [111715.0, 20.0], [111716.0, 19650.0], [111718.0, 21020.0], [111719.0, 20000.0], [111720.0, 50.0], [111721.5, 180100.0], [111722.5, 224640.0], [111723.5, 83410.0], [111724.5, 178960.0], [111725.5, 20000.0], [111727.0, 100620.0], [111731.0, 20.0]]}}}
{"jsonrpc": "2.0", "method": "subscription", "params": {"channel": "book.BTC-PERPETUAL.none.20.100ms", "data": {"timestamp": 1756271790093, "change_id": 115160397470, "instrument_name": "BTC-PERPETUAL", "bids": [[111709.5, 107670.0], [111708.5, 290.0], [111702.0, 3000.0], [111697.0, 83500.0], [111695.5, 1000.0], [111695.0, 1000.0], [111690.5, 20.0], [111690.0, 20.0], [111689.0, 5790.0], [111688.5, 134570.0], [111688.0, 224640.0], [111687.0, 50000.0], [111686.5, 51450.0], [111684.5, 11000.0], [111684.0, 17340.0], [111682.0, 21940.0], [111681.5, 26500.0], [111681.0, 34630.0], [111677.5, 3000.0], [111677.0, 10010.0]], "asks": [[111710.0, 446570.0], [111710.5, 30020.0], [111711.0, 20.0], [111711.5, 20.0], [111712.0, 20.0], [111712.5, 20.0], [111713.0, 20.0], [111713.5, 10360.0], [111714.0, 25000.0], [111715.0, 20.0], [111716.0, 49570.0], [111717.5, 9240.0], [111718.0, 10.0], [111719.0, 20000.0], [111720.0, 50.0], [111721.0, 61620.0], [111721.5, 139430.0], [111722.5, 224640.0], [111723.0, 26010.0], [111723.5, 83410.0]]}}}
{"jsonrpc": "2.0", "method": "subscription", "params": {"channel": "book.BTC-PERPETUAL.none.20.100ms", "data": {"timestamp": 1756271790424, "change_id": 115160398498, "instrument_name": "BTC-PERPETUAL", "bids": [[111709.5, 226790.0], [111703.0, 50000.0], [111702.5, 83500.0], [111702.0, 3000.0], [111700.0, 50000.0], [111698.0, 45450.0], [111695.5, 6790.0], [111695.0, 1000.0], [111694.5, 20.0], [111694.0, 300.0], [111689.5, 37500.0], [111688.5, 84570.0], [111688.0, 224640.0], [111686.5, 45450.0], [111685.5, 3770.0], [111684.0, 17340.0], [111682.5, 9240.0], [111682.0, 30560.0], [111681.5, 36000.0], [111681.0, 34630.0]], "asks": [[111710.0, 305090.0], [111710.5, 30020.0], [111711.0, 20.0], [111711.5, 20.0], [111712.0, 20.0], [111712.5, 20.0], [111713.0, 20.0], [111713.5, 80.0], [111715.0, 3320.0], [111715.5, 11000.0], [111716.0, 45480.0], [111718.0, 83510.0], [111718.5, 11500.0], [111719.0, 20000.0], [111720.0, 50.0], [111721.5, 139430.0], [111722.5, 224640.0], [111723.5, 75000.0], [111726.0, 9240.0], [111726.5, 30000.0]]}}}
{"jsonrpc": "2.0", "method": "subscription", "params": {"channel": "book.BTC-PERPETUAL.none.20.100ms", "data": {"timestamp": 1756271790758, "change_id": 115160399098, "instrument_name": "BTC-PERPETUAL", "bids": [[111709.5, 297090.0], [111708.5, 28150.0], [111708.0, 83830.0], [111702.5, 21000.0], [111702.0, 50000.0], [111701.5, 20000.0], [111698.5, 15980.0], [111698.0, 45450.0], [111696.5, 20.0], [111695.5, 6790.0], [111695.0, 1000.0], [111694.5, 20.0], [111691.0, 23250.0], [111690.5, 37500.0], [111690.0, 40000.0], [111688.5, 84570.0], [111688.0, 224640.0], [111686.5, 45450.0], [111685.5, 3770.0], [111684.5, 11000.0]], "asks": [[111710.0, 345250.0], [111710.5, 30020.0], [111711.0, 20.0], [111711.5, 20.0], [111712.0, 18560.0], [111712.5, 25020.0], [111713.0, 20.0], [111713.5, 80.0], [111715.0, 20.0], [111715.5, 500.0], [111716.0, 45480.0], [111717.5, 11000.0], [111718.0, 83510.0], [111719.0, 20000.0], [111720.0, 50.0], [111721.5, 139430.0], [111722.5, 224640.0], [111723.5, 50000.0], [111726.0, 9240.0], [111726.5, 30000.0]]}}}
{"jsonrpc": "2.0", "method": "subscription", "params": {"channel": "book.BTC-PERPETUAL.none.20.100ms", "data": {"timestamp": 1756271791088, "change_id": 115160399565, "instrument_name": "BTC-PERPETUAL", "bids": [[111709.5, 297090.0], [111708.5, 28150.0], [111708.0, 83830.0], [111705.0, 21000.0], [111704.5, 50000.0], [111701.5, 20000.0], [111698.5, 15980.0], [111698.0, 45450.0], [111696.5, 20.0], [111695.5, 6790.0], [111695.0, 1000.0], [111691.5, 500.0], [111691.0, 23250.0], [111690.5, 37000.0], [111690.0, 40000.0], [111688.5, 84570.0], [111688.0, 224640.0], [111686.5, 45450.0], [111685.5, 3770.0], [111684.0, 17340.0]], "asks": [[111710.0, 395250.0], [111710.5, 30020.0], [111711.0, 3370.0], [111711.5, 20.0], [111712.0, 20.0], [111712.5, 20.0], [111713.0, 11020.0], [111713.5, 80.0], [111715.0, 20.0], [111716.0, 45480.0], [111717.5, 500.0], [111718.0, 83510.0], [111718.5, 11000.0], [111719.0, 50000.0], [111720.0, 50.0], [111721.0, 25000.0], [111721.5, 115610.0], [111722.5, 224640.0], [111726.0, 9240.0], [111729.0, 88790.0]]}}}
{"jsonrpc": "2.0", "method": "subscription", "params": {"channel": "book.BTC-PERPETUAL.none.20.100ms", "data": {"timestamp": 1756271791416, "change_id": 115160400089, "instrument_name": "BTC-PERPETUAL", "bids": [[111709.5, 296790.0], [111708.5, 3000.0], [111708.0, 83830.0], [111705.0, 6000.0], [111701.5, 20000.0], [111699.5, 14330.0], [111699.0, 50000.0], [111696.5, 5790.0], [111695.5, 1000.0], [111695.0, 1000.0], [111694.0, 300.0], [111693.5, 20.0], [111691.5, 11000.0], [111691.0, 23250.0], [111690.5, 26000.0], [111690.0, 40000.0], [111689.0, 500.0], [111688.5, 84570.0], [111688.0, 224640.0], [111686.5, 45450.0]], "asks": [[111710.0, 451700.0], [111710.5, 30020.0], [111711.0, 20.0], [111711.5, 20.0], [111712.0, 20.0], [111712.5, 20.0], [111713.0, 520.0], [111713.5, 80.0], [111715.0, 20.0], [111716.0, 45480.0], [111716.5, 11000.0], [111718.0, 83510.0], [111719.0, 50000.0], [111720.0, 50.0], [111721.0, 25000.0], [111721.5, 115610.0], [111722.0, 9240.0], [111722.5, 224640.0], [111728.0, 61620.0], [111729.0, 114800.0]]}}}
{"jsonrpc": "2.0", "method": "subscription", "params": {"channel": "book.BTC-PERPETUAL.none.20.100ms", "data": {"timestamp": 1756271791750, "change_id": 115160400713, "instrument_name": "BTC-PERPETUAL", "bids": [[111709.5, 107770.0], [111708.5, 3000.0], [111707.0, 103790.0], [111701.5, 1000.0], [111698.0, 20590.0], [111697.5, 70000.0], [111695.0, 1000.0], [111694.0, 300.0], [111688.5, 84570.0], [111688.0, 224640.0], [111687.5, 20.0], [111687.0, 20.0], [111686.5, 45450.0], [111686.0, 500.0], [111685.5, 3770.0], [111684.5, 20000.0], [111684.0, 17340.0], [111682.5, 37000.0], [111682.0, 30560.0], [111681.0, 34630.0]], "asks": [[111710.0, 493330.0], [111710.5, 30020.0], [111711.0, 20.0], [111711.5, 33490.0], [111712.0, 20.0], [111712.5, 20.0], [111713.0, 20.0], [111713.5, 80.0], [111715.0, 20.0], [111715.5, 29240.0], [111716.0, 45480.0], [111718.0, 83510.0], [111720.0, 50.0], [111721.5, 177230.0], [111722.0, 26010.0], [111722.5, 224640.0], [111729.0, 103790.0], [111729.5, 46770.0], [111730.0, 20000.0], [111731.5, 20.0]]}}}
{"jsonrpc": "2.0", "method": "subscription", "params": {"channel": "book.BTC-PERPETUAL.none.20.100ms", "data": {"timestamp": 1756271792078, "change_id": 115160401329, "instrument_name": "BTC-PERPETUAL", "bids": [[111709.5, 107770.0], [111708.5, 3000.0], [111703.0, 83790.0], [111701.5, 1000.0], [111695.5, 30390.0], [111695.0, 51000.0], [111694.0, 52040.0], [111690.5, 5790.0], [111688.5, 84570.0], [111688.0, 224640.0], [111687.5, 20.0], [111686.5, 45950.0], [111685.5, 3770.0], [111684.5, 20000.0], [111684.0, 17340.0], [111682.0, 30560.0], [111681.0, 34630.0], [111680.0, 11000.0], [111679.5, 26000.0], [111678.0, 51000.0]], "asks": [[111710.0, 546510.0], [111710.5, 30020.0], [111711.0, 16350.0], [111711.5, 20.0], [111712.0, 22220.0], [111712.5, 20.0], [111713.0, 20.0], [111713.5, 80.0], [111714.5, 34240.0], [111715.0, 20.0], [111715.5, 20000.0], [111716.0, 45480.0], [111717.5, 61620.0], [111718.0, 83510.0], [111720.0, 50.0], [111721.0, 26010.0], [111721.5, 115610.0], [111722.5, 224640.0], [111727.0, 4960.0], [111727.5, 21010.0]]}}}
{"jsonrpc": "2.0", "method": "subscription", "params": {"channel": "book.BTC-PERPETUAL.none.20.100ms", "data": {"timestamp": 1756271792394, "change_id": 115160401915, "instrument_name": "BTC-PERPETUAL", "bids": [[111709.5, 107770.0], [111708.5, 3000.0], [111703.0, 83790.0], [111701.5, 1000.0], [111697.5, 30390.0], [111697.0, 50000.0], [111695.0, 1000.0], [111694.0, 50300.0], [111689.5, 1740.0], [111689.0, 5790.0], [111688.5, 84570.0], [111688.0, 224640.0], [111687.5, 20.0], [111687.0, 20.0], [111686.5, 45450.0], [111686.0, 500.0], [111685.5, 3770.0], [111684.5, 20000.0], [111684.0, 17340.0], [111682.5, 37000.0]], "asks": [[111710.0, 546470.0], [111710.5, 30020.0], [111711.0, 16350.0], [111711.5, 20.0], [111712.0, 22220.0], [111712.5, 20.0], [111713.0, 20.0], [111713.5, 80.0], [111714.5, 9240.0], [111715.0, 20.0], [111715.5, 20000.0], [111716.0, 66810.0], [111717.0, 25000.0], [111718.0, 83510.0], [111720.0, 50.0], [111720.5, 61620.0], [111721.0, 26010.0], [111721.5, 115610.0], [111722.5, 224640.0], [111727.0, 4960.0]]}}}
{"jsonrpc": "2.0", "method": "subscription", "params": {"channel": "book.BTC-PERPETUAL.none.20.100ms", "data": {"timestamp": 1756271792740, "change_id": 115160402728, "instrument_name": "BTC-PERPETUAL", "bids": [[111709.5, 107770.0], [111708.5, 3000.0], [111708.0, 20000.0], [111703.5, 25440.0], [111703.0, 83790.0], [111701.5, 1000.0], [111699.5, 36390.0], [111699.0, 50000.0], [111697.0, 20000.0], [111695.0, 1000.0], [111694.0, 50300.0], [111693.5, 6990.0], [111693.0, 6000.0], [111691.0, 20.0], [111690.0, 20.0], [111689.0, 16790.0], [111688.5, 85070.0], [111688.0, 224640.0], [111687.0, 26000.0], [111686.5, 45450.0]], "asks": [[111710.0, 486960.0], [111710.5, 30020.0], [111711.0, 8770.0], [111711.5, 20.0], [111712.0, 20.0], [111712.5, 20.0], [111713.0, 520.0], [111713.5, 80.0], [111715.0, 11020.0], [111715.5, 20000.0], [111716.0, 45480.0], [111718.0, 108510.0], [111720.0, 9290.0], [111721.5, 115610.0], [111722.5, 224640.0], [111728.5, 87630.0], [111729.0, 103790.0], [111729.5, 46770.0], [111730.0, 20000.0], [111731.5, 20.0]]}}}
{"jsonrpc": "2.0", "method": "subscription", "params": {"channel": "book.BTC-PERPETUAL.none.20.100ms", "data": {"timestamp": 1756271793071, "change_id": 115160403268, "instrument_name": "BTC-PERPETUAL", "bids": [[111709.5, 107770.0], [111708.5, 29200.0], [111708.0, 20000.0], [111703.5, 25440.0], [111703.0, 83790.0], [111701.5, 1000.0], [111699.5, 33720.0], [111697.5, 50000.0], [111697.0, 20000.0], [111695.0, 1000.0], [111694.0, 50300.0], [111693.5, 13780.0], [111693.0, 6000.0], [111692.0, 20.0], [111691.5, 20.0], [111689.5, 26000.0], [111689.0, 16790.0], [111688.5, 84570.0], [111688.0, 224640.0], [111687.5, 500.0]], "asks": [[111710.0, 521250.0], [111710.5, 30020.0], [111711.0, 9370.0], [111711.5, 20.0], [111712.0, 20.0], [111712.5, 20.0], [111713.0, 20.0], [111713.5, 80.0], [111715.0, 11020.0], [111715.5, 20000.0], [111716.0, 45480.0], [111718.0, 108510.0], [111720.0, 9290.0], [111721.5, 115610.0], [111722.5, 224640.0], [111728.5, 87630.0], [111729.0, 103790.0], [111729.5, 46770.0], [111730.0, 20000.0], [111731.5, 20.0]]}}}
{"jsonrpc": "2.0", "method": "subscription", "params": {"channel": "book.BTC-PERPETUAL.none.20.100ms", "data": {"timestamp": 1756271793396, "change_id": 115160403663, "instrument_name": "BTC-PERPETUAL", "bids": [[111709.5, 107770.0], [111708.5, 3000.0], [111708.0, 20000.0], [111705.0, 25440.0], [111704.5, 83790.0], [111701.5, 1000.0], [111699.5, 33720.0], [111697.5, 50000.0], [111697.0, 20000.0], [111695.0, 1000.0], [111694.0, 50300.0], [111693.5, 5110.0], [111693.0, 6000.0], [111692.5, 20.0], [111692.0, 20.0], [111689.0, 11000.0], [111688.5, 84570.0], [111688.0, 224640.0], [111687.0, 26500.0], [111686.5, 45450.0]], "asks": [[111710.0, 482550.0], [111710.5, 30020.0], [111711.0, 9370.0], [111711.5, 20.0], [111712.0, 20.0], [111712.5, 20.0], [111713.0, 20.0], [111713.5, 80.0], [111715.0, 11020.0], [111715.5, 20000.0], [111716.0, 45480.0], [111718.0, 108510.0], [111720.0, 9290.0], [111721.5, 115610.0], [111722.5, 224640.0], [111728.5, 87630.0], [111729.0, 103790.0], [111729.5, 46770.0], [111730.0, 20000.0], [111731.5, 20.0]]}}}
{"jsonrpc": "2.0", "method": "subscription", "params": {"channel": "book.BTC-PERPETUAL.none.20.100ms", "data": {"timestamp": 1756271793707, "change_id": 115160403955, "instrument_name": "BTC-PERPETUAL", "bids": [[111709.5, 107770.0], [111708.5, 3000.0], [111708.0, 20000.0], [111704.5, 83790.0], [111701.5, 1000.0], [111699.5, 33720.0], [111697.5, 50000.0], [111697.0, 20000.0], [111695.0, 1000.0], [111694.0, 50300.0], [111693.5, 3320.0], [111693.0, 11790.0], [111691.0, 20.0], [111690.5, 20.0], [111688.5, 84570.0], [111688.0, 224640.0], [111687.5, 11000.0], [111687.0, 500.0], [111686.5, 45450.0], [111686.0, 26000.0]], "asks": [[111710.0, 482620.0], [111710.5, 30020.0], [111711.0, 9370.0], [111711.5, 20.0], [111712.0, 20.0], [111712.5, 20.0], [111713.0, 20.0], [111713.5, 80.0], [111715.0, 11000.0], [111715.5, 20000.0], [111716.0, 45480.0], [111718.0, 108510.0], [111720.0, 9290.0], [111721.5, 115610.0], [111722.5, 224640.0], [111728.5, 87630.0], [111729.0, 103790.0], [111729.5, 46770.0], [111730.0, 20000.0], [111731.5, 20.0]]}}}
{"jsonrpc": "2.0", "method": "subscription", "params": {"channel": "book.BTC-PERPETUAL.none.20.100ms", "data": {"timestamp": 1756271794045, "change_id": 115160404415, "instrument_name": "BTC-PERPETUAL", "bids": [[111709.5, 107770.0], [111708.5, 3000.0], [111708.0, 20000.0], [111705.0, 76100.0], [111704.5, 83790.0], [111701.5, 1000.0], [111699.5, 33720.0], [111697.5, 50000.0], [111697.0, 20000.0], [111695.0, 1000.0], [111694.0, 50300.0], [111693.5, 3320.0], [111693.0, 11790.0], [111690.0, 20.0], [111689.5, 20.0], [111688.5, 84570.0], [111688.0, 224640.0], [111687.0, 500.0], [111686.5, 56450.0], [111686.0, 26000.0]], "asks": [[111710.0, 482620.0], [111710.5, 30020.0], [111711.0, 34230.0], [111711.5, 20.0], [111712.0, 20.0], [111712.5, 20.0], [111713.0, 20.0], [111713.5, 80.0], [111714.5, 64400.0], [111715.0, 11000.0], [111715.5, 20000.0], [111716.0, 45480.0], [111717.5, 25000.0], [111718.0, 83510.0], [111720.0, 9290.0], [111721.5, 115610.0], [111722.5, 224640.0], [111728.5, 87630.0], [111729.0, 103790.0], [111729.5, 46770.0]]}}}
{"jsonrpc": "2.0", "method": "subscription", "params": {"channel": "book.BTC-PERPETUAL.none.20.100ms", "data": {"timestamp": 1756271794393, "change_id": 115160405165, "instrument_name": "BTC-PERPETUAL", "bids": [[111709.5, 107770.0], [111704.5, 103790.0], [111702.5, 3000.0], [111699.5, 33720.0], [111695.0, 1000.0], [111694.5, 50000.0], [111694.0, 50300.0], [111693.5, 10090.0], [111693.0, 31790.0], [111688.5, 84570.0], [111688.0, 224640.0], [111687.0, 20.0], [111686.5, 45470.0], [111685.5, 3770.0], [111685.0, 500.0], [111684.5, 20000.0], [111684.0, 17340.0], [111682.0, 30560.0], [111681.0, 34630.0], [111679.0, 37000.0]], "asks": [[111710.0, 493620.0], [111710.5, 30020.0], [111711.0, 34230.0], [111711.5, 20.0], [111712.0, 20.0], [111712.5, 20.0], [111713.0, 20.0], [111713.5, 80.0], [111714.0, 9240.0], [111714.5, 64400.0], [111715.5, 20000.0], [111716.0, 45480.0], [111717.5, 25000.0], [111718.0, 83540.0], [111720.0, 50.0], [111721.5, 115610.0], [111722.0, 87630.0], [111722.5, 224640.0], [111729.0, 103790.0], [111729.5, 46770.0]]}}}
{"jsonrpc": "2.0", "method": "subscription", "params": {"channel": "book.BTC-PERPETUAL.none.20.100ms", "data": {"timestamp": 1756271794725, "change_id": 115160405507, "instrument_name": "BTC-PERPETUAL", "bids": [[111709.5, 107770.0], [111704.5, 103790.0], [111702.5, 3000.0], [111698.5, 28470.0], [111695.5, 50000.0], [111695.0, 1000.0], [111694.0, 50300.0], [111693.5, 8800.0], [111693.0, 26000.0], [111691.0, 5790.0], [111688.5, 84570.0], [111688.0, 224640.0], [111686.5, 45950.0], [111686.0, 20.0], [111685.5, 3790.0], [111684.5, 20000.0], [111684.0, 17340.0], [111682.0, 30560.0], [111681.5, 37000.0], [111681.0, 34630.0]], "asks": [[111710.0, 517470.0], [111710.5, 30020.0], [111711.0, 34230.0], [111711.5, 20.0], [111712.0, 20.0], [111712.5, 20.0], [111713.0, 20.0], [111713.5, 80.0], [111714.0, 9240.0], [111714.5, 64400.0], [111715.5, 45000.0], [111716.0, 45480.0], [111718.0, 83540.0], [111720.0, 50.0], [111721.5, 115610.0], [111722.0, 87630.0], [111722.5, 224640.0], [111727.0, 29430.0], [111729.0, 103790.0], [111729.5, 46770.0]]}}}
{"jsonrpc": "2.0", "method": "subscription", "params": {"channel": "book.BTC-PERPETUAL.none.20.100ms", "data": {"timestamp": 1756271795048, "change_id": 115160406095, "instrument_name": "BTC-PERPETUAL", "bids": [[111709.5, 107770.0], [111702.5, 23000.0], [111701.5, 83760.0], [111695.0, 31090.0], [111694.5, 50000.0], [111694.0, 50300.0], [111693.5, 8800.0], [111693.0, 26000.0], [111688.5, 84570.0], [111688.0, 224640.0], [111686.5, 45450.0], [111685.5, 3770.0], [111684.0, 17340.0], [111683.5, 20.0], [111682.5, 500.0], [111682.0, 30560.0], [111681.0, 34630.0], [111678.5, 37020.0], [111678.0, 51000.0], [111677.5, 8630.0]], "asks": [[111710.0, 522680.0], [111710.5, 30020.0], [111711.0, 16340.0], [111711.5, 20.0], [111712.0, 9260.0], [111712.5, 20.0], [111713.0, 20.0], [111713.5, 80.0], [111715.5, 45000.0], [111716.0, 45480.0], [111718.0, 83540.0], [111720.0, 50.0], [111720.5, 20.0], [111721.5, 145190.0], [111722.0, 87630.0], [111722.5, 244640.0], [111727.0, 29430.0], [111729.0, 103790.0], [111729.5, 46770.0], [111732.0, 198320.0]]}}}
{"jsonrpc": "2.0", "method": "subscription", "params": {"channel": "book.BTC-PERPETUAL.none.20.100ms", "data": {"timestamp": 1756271795352, "change_id": 115160406519, "instrument_name": "BTC-PERPETUAL", "bids": [[111709.5, 110770.0], [111702.5, 20000.0], [111701.5, 83760.0], [111700.0, 1000.0], [111695.0, 31090.0], [111694.0, 100300.0], [111693.5, 7800.0], [111693.0, 26000.0], [111689.0, 5790.0], [111688.5, 84570.0], [111688.0, 224660.0], [111687.5, 20.0], [111686.5, 45450.0], [111685.5, 3770.0], [111684.0, 17340.0], [111682.5, 500.0], [111682.0, 30560.0], [111681.5, 37000.0], [111681.0, 34630.0], [111678.5, 20.0]], "asks": [[111710.0, 497910.0], [111710.5, 30020.0], [111711.0, 15240.0], [111711.5, 20.0], [111712.0, 20.0], [111712.5, 20.0], [111713.0, 20.0], [111713.5, 80.0], [111715.0, 34240.0], [111715.5, 20000.0], [111716.0, 45480.0], [111718.0, 83540.0], [111720.0, 50.0], [111720.5, 20.0], [111721.5, 145190.0], [111722.0, 87630.0], [111722.5, 244640.0], [111729.0, 103790.0], [111729.5, 46770.0], [111732.0, 177310.0]]}}}
{"jsonrpc": "2.0", "method": "subscription", "params": {"channel": "book.BTC-PERPETUAL.none.20.100ms", "data": {"timestamp": 1756271795717, "change_id": 115160406932, "instrument_name": "BTC-PERPETUAL", "bids": [[111709.5, 110770.0], [111701.5, 83760.0], [111700.0, 1000.0], [111695.0, 16090.0], [111694.0, 74840.0], [111693.5, 50000.0], [111693.0, 26000.0], [111690.5, 5790.0], [111688.5, 84570.0], [111688.0, 224640.0], [111686.5, 45450.0], [111685.5, 3770.0], [111684.0, 17340.0], [111683.5, 11000.0], [111682.5, 26500.0], [111682.0, 30560.0], [111681.0, 34630.0], [111678.5, 20.0], [111678.0, 51000.0], [111677.5, 8630.0]], "asks": [[111710.0, 497910.0], [111710.5, 30020.0], [111711.0, 15240.0], [111711.5, 20.0], [111712.0, 20.0], [111712.5, 20.0], [111713.0, 20.0], [111713.5, 80.0], [111715.0, 9240.0], [111715.5, 20000.0], [111716.0, 70480.0], [111718.0, 83540.0], [111720.0, 50.0], [111720.5, 20.0], [111721.5, 145190.0], [111722.0, 87630.0], [111722.5, 244640.0], [111729.0, 103790.0], [111729.5, 46770.0], [111732.0, 177310.0]]}}}
{"jsonrpc": "2.0", "method": "subscription", "params": {"channel": "book.BTC-PERPETUAL.none.20.100ms", "data": {"timestamp": 1756271796042, "change_id": 115160407552, "instrument_name": "BTC-PERPETUAL", "bids": [[111709.5, 110770.0], [111702.0, 25430.0], [111701.5, 83760.0], [111700.0, 1000.0], [111697.0, 30390.0], [111696.5, 50000.0], [111695.0, 1000.0], [111694.0, 59840.0], [111693.0, 26000.0], [111690.5, 5790.0], [111690.0, 20.0], [111688.5, 84570.0], [111688.0, 224640.0], [111687.0, 37000.0], [111686.5, 45450.0], [111686.0, 500.0], [111685.5, 3770.0], [111684.0, 17340.0], [111682.0, 30560.0], [111681.0, 34630.0]], "asks": [[111710.0, 441120.0], [111710.5, 30020.0], [111711.0, 29890.0], [111711.5, 20.0], [111712.0, 20.0], [111712.5, 20.0], [111713.0, 51520.0], [111713.5, 80.0], [111714.5, 11000.0], [111715.5, 20000.0], [111716.0, 45480.0], [111717.5, 34240.0], [111718.0, 83540.0], [111720.0, 50.0], [111720.5, 20.0], [111721.5, 115610.0], [111722.5, 224640.0], [111728.5, 87630.0], [111729.0, 103790.0], [111729.5, 46770.0]]}}}
{"jsonrpc": "2.0", "method": "subscription", "params": {"channel": "book.BTC-PERPETUAL.none.20.100ms", "data": {"timestamp": 1756271796374, "change_id": 115160408162, "instrument_name": "BTC-PERPETUAL", "bids": [[111709.5, 110770.0], [111708.5, 20000.0], [111705.0, 25430.0], [111704.5, 83760.0], [111700.0, 1000.0], [111699.5, 20000.0], [111699.0, 6000.0], [111698.0, 94290.0], [111697.5, 5790.0], [111695.0, 1000.0], [111694.5, 20.0], [111694.0, 50320.0], [111691.5, 21700.0], [111689.5, 40000.0], [111689.0, 37000.0], [111688.5, 84570.0], [111688.0, 224640.0], [111687.0, 500.0], [111686.5, 45450.0], [111685.5, 3770.0]], "asks": [[111710.0, 351460.0], [111710.5, 30020.0], [111711.0, 20.0], [111711.5, 20.0], [111712.0, 20.0], [111712.5, 20.0], [111713.0, 20.0], [111713.5, 80.0], [111715.0, 11000.0], [111715.5, 25140.0], [111716.0, 107750.0], [111718.0, 40.0], [111719.0, 25000.0], [111719.5, 20000.0], [111720.0, 50.0], [111721.0, 9240.0], [111721.5, 115610.0], [111722.5, 224640.0], [111728.0, 61620.0], [111729.0, 129800.0]]}}}
{"jsonrpc": "2.0", "method": "subscription", "params": {"channel": "book.BTC-PERPETUAL.none.20.100ms", "data": {"timestamp": 1756271796711, "change_id": 115160408505, "instrument_name": "BTC-PERPETUAL", "bids": [[111709.5, 110770.0], [111708.5, 20000.0], [111705.0, 25430.0], [111704.5, 83760.0], [111700.0, 1000.0], [111699.5, 20000.0], [111699.0, 6000.0], [111698.0, 94290.0], [111697.5, 5790.0], [111695.0, 1000.0], [111694.0, 50300.0], [111693.5, 20.0], [111693.0, 20.0], [111691.5, 21700.0], [111689.5, 40000.0], [111689.0, 37000.0], [111688.5, 84570.0], [111688.0, 224640.0], [111687.0, 500.0], [111686.5, 45450.0]], "asks": [[111710.0, 441460.0], [111710.5, 30020.0], [111711.0, 20.0], [111711.5, 20.0], [111712.0, 20.0], [111712.5, 20.0], [111713.0, 20.0], [111713.5, 80.0], [111715.0, 11000.0], [111715.5, 25140.0], [111716.0, 107750.0], [111718.0, 40.0], [111719.5, 20000.0], [111720.0, 50.0], [111721.0, 34240.0], [111721.5, 115610.0], [111722.5, 224640.0], [111728.0, 61620.0], [111729.0, 129800.0], [111729.5, 46770.0]]}}}
{"jsonrpc": "2.0", "method": "subscription", "params": {"channel": "book.BTC-PERPETUAL.none.20.100ms", "data": {"timestamp": 1756271797034, "change_id": 115160409025, "instrument_name": "BTC-PERPETUAL", "bids": [[111709.5, 110770.0], [111708.5, 20000.0], [111705.0, 25430.0], [111704.5, 83760.0], [111700.0, 1000.0], [111699.5, 20000.0], [111699.0, 6000.0], [111698.0, 44290.0], [111695.0, 6790.0], [111694.5, 50000.0], [111694.0, 50300.0], [111691.5, 11280.0], [111691.0, 20.0], [111689.5, 40000.0], [111688.5, 84570.0], [111688.0, 224640.0], [111687.0, 37000.0], [111686.5, 45450.0], [111686.0, 500.0], [111685.5, 3770.0]], "asks": [[111710.0, 441460.0], [111710.5, 30020.0], [111711.0, 20.0], [111711.5, 20.0], [111712.0, 20.0], [111712.5, 20.0], [111713.0, 20.0], [111713.5, 80.0], [111714.0, 42600.0], [111714.5, 47200.0], [111715.0, 11000.0], [111716.0, 127750.0], [111718.0, 9280.0], [111718.5, 25000.0], [111720.0, 50.0], [111721.5, 115610.0], [111722.5, 224640.0], [111728.0, 61620.0], [111729.0, 129800.0], [111729.5, 46770.0]]}}}
{"jsonrpc": "2.0", "method": "subscription", "params": {"channel": "book.BTC-PERPETUAL.none.20.100ms", "data": {"timestamp": 1756271797371, "change_id": 115160409498, "instrument_name": "BTC-PERPETUAL", "bids": [[111709.5, 110770.0], [111704.5, 83760.0], [111700.0, 1000.0], [111698.5, 35240.0], [111695.0, 6790.0], [111694.5, 50000.0], [111694.0, 50300.0], [111692.5, 18000.0], [111689.5, 40000.0], [111688.5, 84590.0], [111688.0, 224660.0], [111686.5, 45450.0], [111685.5, 3770.0], [111684.5, 20000.0], [111684.0, 17340.0], [111682.5, 37500.0], [111682.0, 30560.0], [111681.0, 34630.0], [111678.5, 20.0], [111678.0, 51000.0]], "asks": [[111710.0, 452460.0], [111710.5, 30020.0], [111711.0, 20.0], [111711.5, 25020.0], [111712.0, 20.0], [111712.5, 20.0], [111713.0, 20.0], [111713.5, 80.0], [111714.0, 42600.0], [111714.5, 56440.0], [111716.0, 117470.0], [111718.0, 40.0], [111720.0, 50.0], [111721.5, 115610.0], [111722.0, 87630.0], [111722.5, 224640.0], [111729.0, 103790.0], [111729.5, 46770.0], [111731.0, 20000.0], [111732.0, 198320.0]]}}}
{"jsonrpc": "2.0", "method": "subscription", "params": {"channel": "book.BTC-PERPETUAL.none.20.100ms", "data": {"timestamp": 1756271797699, "change_id": 115160409887, "instrument_name": "BTC-PERPETUAL", "bids": [[111709.5, 110770.0], [111704.5, 83760.0], [111701.0, 20000.0], [111700.0, 1000.0], [111697.0, 28470.0], [111695.0, 1000.0], [111694.5, 50000.0], [111694.0, 50300.0], [111693.0, 5790.0], [111692.5, 18000.0], [111691.5, 20000.0], [111689.5, 40000.0], [111688.5, 84570.0], [111688.0, 224660.0], [111687.5, 20.0], [111686.5, 45450.0], [111685.5, 4270.0], [111684.0, 17340.0], [111682.0, 30560.0], [111681.5, 37000.0]], "asks": [[111710.0, 482240.0], [111710.5, 30020.0], [111711.0, 20.0], [111711.5, 20.0], [111712.0, 20.0], [111712.5, 20.0], [111713.0, 20.0], [111713.5, 80.0], [111714.0, 42600.0], [111714.5, 56440.0], [111716.0, 117470.0], [111718.0, 40.0], [111720.0, 50.0], [111721.5, 115610.0], [111722.0, 87630.0], [111722.5, 224640.0], [111724.5, 20.0], [111729.0, 103790.0], [111729.5, 46770.0], [111731.0, 20000.0]]}}}
{"jsonrpc": "2.0", "method": "subscription", "params": {"channel": "book.BTC-PERPETUAL.none.20.100ms", "data": {"timestamp": 1756271798028, "change_id": 115160410414, "instrument_name": "BTC-PERPETUAL", "bids": [[111709.5, 110770.0], [111704.5, 83760.0], [111700.0, 1000.0], [111697.5, 28470.0], [111695.0, 1000.0], [111694.5, 50000.0], [111694.0, 50300.0], [111692.5, 12000.0], [111691.5, 25790.0], [111690.0, 20.0], [111689.5, 20.0], [111688.5, 84570.0], [111688.0, 224640.0], [111686.5, 45450.0], [111686.0, 500.0], [111685.5, 3770.0], [111684.5, 37000.0], [111684.0, 17340.0], [111682.0, 30560.0], [111681.0, 34630.0]], "asks": [[111710.0, 501940.0], [111710.5, 30020.0], [111711.0, 20.0], [111711.5, 20.0], [111712.0, 20.0], [111712.5, 20.0], [111713.0, 20.0], [111713.5, 80.0], [111714.0, 42600.0], [111714.5, 9240.0], [111716.0, 123260.0], [111716.5, 25000.0], [111718.0, 40.0], [111720.0, 50.0], [111721.5, 115610.0], [111722.5, 224640.0], [111724.5, 20.0], [111728.5, 87630.0], [111729.0, 103790.0], [111729.5, 46770.0]]}}}
{"jsonrpc": "2.0", "method": "subscription", "params": {"channel": "book.BTC-PERPETUAL.none.20.100ms", "data": {"timestamp": 1756271798362, "change_id": 115160410686, "instrument_name": "BTC-PERPETUAL", "bids": [[111709.5, 110770.0], [111703.0, 83810.0], [111700.0, 1000.0], [111697.5, 28470.0], [111695.0, 1000.0], [111694.5, 50000.0], [111694.0, 50300.0], [111692.5, 12000.0], [111691.5, 25790.0], [111688.5, 84570.0], [111688.0, 224640.0], [111686.5, 45450.0], [111686.0, 500.0], [111685.5, 3770.0], [111684.0, 17340.0], [111683.0, 11000.0], [111682.5, 26000.0], [111682.0, 30560.0], [111681.0, 34630.0], [111678.5, 20.0]], "asks": [[111710.0, 501940.0], [111710.5, 30020.0], [111711.0, 20.0], [111711.5, 20.0], [111712.0, 20.0], [111712.5, 20.0], [111713.0, 20.0], [111713.5, 80.0], [111714.0, 42600.0], [111714.5, 9240.0], [111716.0, 123260.0], [111718.0, 40.0], [111719.5, 25000.0], [111720.0, 50.0], [111721.5, 115610.0], [111722.0, 61620.0], [111722.5, 224640.0], [111724.5, 20.0], [111728.5, 26010.0], [111729.0, 103790.0]]}}}
{"jsonrpc": "2.0", "method": "subscription", "params": {"channel": "book.BTC-PERPETUAL.none.20.100ms", "data": {"timestamp": 1756271798578, "change_id": 115160411005, "instrument_name": "BTC-PERPETUAL", "bids": [[111709.5, 110770.0], [111704.5, 20000.0], [111703.0, 83810.0], [111700.0, 1000.0], [111697.5, 28470.0], [111695.0, 1000.0], [111694.5, 50000.0], [111694.0, 50300.0], [111692.5, 12000.0], [111691.5, 25790.0], [111689.5, 20.0], [111689.0, 20.0], [111688.5, 84570.0], [111688.0, 224640.0], [111686.5, 45450.0], [111686.0, 500.0], [111685.5, 3770.0], [111684.0, 17340.0], [111683.0, 11000.0], [111682.5, 26000.0]], "asks": [[111710.0, 496280.0], [111710.5, 30020.0], [111711.0, 20.0], [111711.5, 20.0], [111712.0, 20.0], [111712.5, 20.0], [111713.0, 20.0], [111713.5, 80.0], [111714.0, 42600.0], [111714.5, 9240.0], [111716.0, 123260.0], [111718.0, 40.0], [111719.5, 25000.0], [111720.0, 50.0], [111721.5, 141620.0], [111722.0, 61620.0], [111722.5, 224640.0], [111724.5, 20.0], [111729.0, 103790.0], [111729.5, 46770.0]]}}}
{"jsonrpc": "2.0", "method": "subscription", "params": {"channel": "book.BTC-PERPETUAL.none.20.100ms", "data": {"timestamp": 1756271799023, "change_id": 115160411577, "instrument_name": "BTC-PERPETUAL", "bids": [[111709.5, 110770.0], [111705.0, 85100.0], [111703.0, 83810.0], [111700.0, 1000.0], [111698.5, 30390.0], [111698.0, 50000.0], [111695.0, 1000.0], [111694.0, 50300.0], [111692.5, 12000.0], [111691.5, 20000.0], [111688.5, 84570.0], [111688.0, 224640.0], [111687.0, 11000.0], [111686.5, 45950.0], [111686.0, 26000.0], [111685.5, 3770.0], [111684.0, 17340.0], [111682.0, 30560.0], [111681.0, 34630.0], [111678.5, 20.0]], "asks": [[111710.0, 538010.0], [111710.5, 30020.0], [111711.0, 20.0], [111711.5, 20.0], [111712.0, 20.0], [111712.5, 20.0], [111713.0, 11020.0], [111713.5, 80.0], [111714.0, 42600.0], [111715.0, 25000.0], [111716.0, 117470.0], [111718.0, 40.0], [111719.0, 9240.0], [111720.0, 50.0], [111721.5, 115610.0], [111722.5, 224640.0], [111724.5, 20.0], [111728.5, 87630.0], [111729.0, 103790.0], [111729.5, 46770.0]]}}}
{"jsonrpc": "2.0", "method": "subscription", "params": {"channel": "book.BTC-PERPETUAL.none.20.100ms", "data": {"timestamp": 1756271799353, "change_id": 115160411800, "instrument_name": "BTC-PERPETUAL", "bids": [[111709.5, 110770.0], [111705.0, 85100.0], [111703.0, 83810.0], [111700.0, 1000.0], [111696.0, 30390.0], [111695.5, 50000.0], [111695.0, 1000.0], [111694.0, 50300.0], [111693.0, 5790.0], [111692.5, 12000.0], [111691.5, 20000.0], [111688.5, 84570.0], [111688.0, 224640.0], [111687.5, 20.0], [111687.0, 20.0], [111686.5, 45450.0], [111685.0, 500.0], [111684.0, 17340.0], [111682.5, 37000.0], [111682.0, 30560.0]], "asks": [[111710.0, 633030.0], [111710.5, 46350.0], [111711.0, 25020.0], [111711.5, 20.0], [111712.0, 20.0], [111712.5, 20.0], [111713.0, 20.0], [111713.5, 80.0], [111715.5, 9240.0], [111716.0, 33660.0], [111718.0, 40.0], [111720.0, 50.0], [111721.5, 115610.0], [111722.0, 61620.0], [111722.5, 224640.0], [111724.5, 20.0], [111728.0, 26010.0], [111729.0, 103790.0], [111729.5, 46770.0], [111731.0, 20000.0]]}}}
{"jsonrpc": "2.0", "method": "subscription", "params": {"channel": "book.BTC-PERPETUAL.none.20.100ms", "data": {"timestamp": 1756271799685, "change_id": 115160412261, "instrument_name": "BTC-PERPETUAL", "bids": [[111709.5, 110770.0], [111705.0, 85100.0], [111703.0, 83810.0], [111700.0, 1000.0], [111698.0, 30390.0], [111697.5, 50000.0], [111695.0, 1000.0], [111694.0, 50300.0], [111693.0, 5790.0], [111692.5, 12000.0], [111691.5, 20000.0], [111688.5, 84590.0], [111688.0, 224660.0], [111686.5, 45450.0], [111685.0, 37500.0], [111684.0, 17340.0], [111682.0, 30560.0], [111681.0, 34630.0], [111678.5, 20.0], [111678.0, 51000.0]], "asks": [[111710.0, 622030.0], [111710.5, 46350.0], [111711.0, 20.0], [111711.5, 20.0], [111712.0, 20.0], [111712.5, 20.0], [111713.0, 20.0], [111713.5, 25080.0], [111715.0, 11000.0], [111715.5, 9240.0], [111716.0, 33660.0], [111718.0, 40.0], [111720.0, 50.0], [111721.5, 115610.0], [111722.5, 224640.0], [111724.5, 20.0], [111727.5, 61620.0], [111728.0, 26010.0], [111729.0, 103790.0], [111729.5, 46770.0]]}}}
{"jsonrpc": "2.0", "method": "subscription", "params": {"channel": "book.BTC-PERPETUAL.none.20.100ms", "data": {"timestamp": 1756271799975, "change_id": 115160412602, "instrument_name": "BTC-PERPETUAL", "bids": [[111709.5, 110770.0], [111703.0, 83810.0], [111700.5, 20000.0], [111700.0, 1000.0], [111698.5, 28470.0], [111695.0, 1000.0], [111694.5, 50000.0], [111694.0, 50300.0], [111693.0, 5790.0], [111692.5, 12000.0], [111691.5, 20000.0], [111688.5, 84570.0], [111688.0, 224640.0], [111687.5, 26000.0], [111686.5, 45450.0], [111686.0, 500.0], [111685.5, 11000.0], [111684.0, 17340.0], [111682.0, 30560.0], [111681.0, 34630.0]], "asks": [[111710.0, 577330.0], [111710.5, 46350.0], [111711.0, 20.0], [111711.5, 20.0], [111712.0, 20.0], [111712.5, 25020.0], [111713.0, 20.0], [111713.5, 80.0], [111715.0, 11000.0], [111716.0, 33660.0], [111718.0, 40.0], [111720.0, 50.0], [111721.0, 9240.0], [111721.5, 115610.0], [111722.5, 224640.0], [111724.5, 20.0], [111727.5, 61620.0], [111728.0, 26010.0], [111729.0, 103790.0], [111729.5, 46770.0]]}}}
{"jsonrpc": "2.0", "method": "subscription", "params": {"channel": "book.BTC-PERPETUAL.none.20.100ms", "data": {"timestamp": 1756271800341, "change_id": 115160412943, "instrument_name": "BTC-PERPETUAL", "bids": [[111709.5, 110770.0], [111703.0, 83810.0], [111700.0, 1000.0], [111699.5, 20000.0], [111696.0, 30390.0], [111695.5, 50000.0], [111695.0, 1000.0], [111694.0, 50300.0], [111693.5, 3540.0], [111693.0, 5790.0], [111692.5, 6000.0], [111688.5, 84570.0], [111688.0, 224640.0], [111687.5, 20000.0], [111687.0, 500.0], [111686.5, 45450.0], [111684.5, 11000.0], [111684.0, 17340.0], [111682.5, 26000.0], [111682.0, 30560.0]], "asks": [[111710.0, 577330.0], [111710.5, 63850.0], [111711.0, 20.0], [111711.5, 20.0], [111712.0, 20.0], [111712.5, 20.0], [111713.0, 20.0], [111713.5, 80.0], [111714.5, 9240.0], [111715.0, 11000.0], [111716.0, 33660.0], [111718.0, 40.0], [111720.0, 50.0], [111721.5, 115610.0], [111722.5, 224640.0], [111724.5, 20.0], [111727.0, 26010.0], [111727.5, 61620.0], [111729.0, 103790.0], [111729.5, 46770.0]]}}}
{"jsonrpc": "2.0", "method": "subscription", "params": {"channel": "book.BTC-PERPETUAL.none.20.100ms", "data": {"timestamp": 1756271800679, "change_id": 115160413425, "instrument_name": "BTC-PERPETUAL", "bids": [[111709.5, 110770.0], [111703.0, 83810.0], [111700.0, 1000.0], [111699.5, 20000.0], [111698.0, 30390.0], [111697.5, 50000.0], [111695.0, 1000.0], [111694.0, 50300.0], [111693.5, 3540.0], [111693.0, 5790.0], [111692.5, 6000.0], [111689.0, 20.0], [111688.5, 84590.0], [111688.0, 224640.0], [111687.5, 20000.0], [111686.5, 45450.0], [111685.5, 500.0], [111685.0, 11000.0], [111684.0, 17340.0], [111682.5, 26000.0]], "asks": [[111710.0, 577330.0], [111710.5, 63850.0], [111711.0, 20.0], [111711.5, 20.0], [111712.0, 11020.0], [111712.5, 20.0], [111713.0, 20.0], [111713.5, 80.0], [111714.5, 9240.0], [111716.0, 33660.0], [111718.0, 40.0], [111720.0, 50.0], [111721.5, 115610.0], [111722.5, 224640.0], [111724.5, 20.0], [111727.0, 26010.0], [111727.5, 61620.0], [111729.0, 103790.0], [111729.5, 46770.0], [111731.0, 20000.0]]}}}
{"jsonrpc": "2.0", "method": "subscription", "params": {"channel": "book.BTC-PERPETUAL.none.20.100ms", "data": {"timestamp": 1756271801004, "change_id": 115160413723, "instrument_name": "BTC-PERPETUAL", "bids": [[111709.5, 110770.0], [111706.0, 1000.0], [111703.0, 83810.0], [111699.5, 20000.0], [111698.0, 30390.0], [111695.0, 1000.0], [111694.5, 50000.0], [111694.0, 50300.0], [111693.5, 3540.0], [111693.0, 5790.0], [111692.5, 6000.0], [111688.5, 84570.0], [111688.0, 224660.0], [111687.5, 20020.0], [111686.5, 45950.0], [111685.0, 37000.0], [111684.0, 17340.0], [111682.0, 30560.0], [111681.0, 34630.0], [111678.5, 20.0]], "asks": [[111710.0, 603030.0], [111710.5, 63850.0], [111711.0, 20.0], [111711.5, 20.0], [111712.0, 20.0], [111712.5, 20.0], [111713.0, 20.0], [111713.5, 80.0], [111714.0, 11000.0], [111714.5, 9240.0], [111716.0, 33660.0], [111718.0, 40.0], [111720.0, 50.0], [111721.5, 115610.0], [111722.5, 224640.0], [111724.5, 20.0], [111727.0, 26010.0], [111727.5, 61620.0], [111729.0, 103790.0], [111729.5, 46770.0]]}}}
{"jsonrpc": "2.0", "method": "subscription", "params": {"channel": "book.BTC-PERPETUAL.none.20.100ms", "data": {"timestamp": 1756271801341, "change_id": 115160413982, "instrument_name": "BTC-PERPETUAL", "bids": [[111709.5, 110770.0], [111706.0, 1000.0], [111703.0, 83810.0], [111702.0, 20000.0], [111701.0, 1000.0], [111698.0, 30390.0], [111694.5, 50000.0], [111694.0, 50300.0], [111693.5, 3540.0], [111693.0, 5790.0], [111692.5, 6000.0], [111689.5, 20.0], [111689.0, 20.0], [111688.5, 84570.0], [111688.0, 224640.0], [111686.5, 45450.0], [111685.5, 500.0], [111685.0, 37000.0], [111684.0, 17340.0], [111682.0, 30560.0]], "asks": [[111710.0, 577330.0], [111710.5, 48540.0], [111711.0, 20.0], [111711.5, 20.0], [111712.0, 20.0], [111712.5, 20.0], [111713.0, 20.0], [111713.5, 25080.0], [111714.0, 11000.0], [111714.5, 9240.0], [111716.0, 33660.0], [111718.0, 40.0], [111720.0, 50.0], [111721.5, 115610.0], [111722.5, 224640.0], [111724.5, 20.0], [111727.0, 26010.0], [111727.5, 61620.0], [111729.0, 103790.0], [111729.5, 46770.0]]}}}
{"jsonrpc": "2.0", "method": "subscription", "params": {"channel": "book.BTC-PERPETUAL.none.20.100ms", "data": {"timestamp": 1756271801672, "change_id": 115160414486, "instrument_name": "BTC-PERPETUAL", "bids": [[111709.5, 142270.0], [111706.0, 1000.0], [111703.0, 83810.0], [111702.0, 20000.0], [111701.0, 1000.0], [111698.0, 30390.0], [111694.5, 50000.0], [111694.0, 50300.0], [111693.5, 9110.0], [111693.0, 5790.0], [111692.5, 6000.0], [111691.5, 20000.0], [111690.0, 20.0], [111689.5, 20.0], [111688.5, 84570.0], [111688.0, 224640.0], [111687.0, 500.0], [111686.5, 45450.0], [111686.0, 11000.0], [111685.0, 26000.0]], "asks": [[111710.0, 577330.0], [111710.5, 48540.0], [111711.0, 25020.0], [111711.5, 20.0], [111712.0, 20.0], [111712.5, 20.0], [111713.0, 20.0], [111713.5, 80.0], [111715.5, 20240.0], [111716.0, 33660.0], [111718.0, 40.0], [111720.0, 50.0], [111721.5, 115610.0], [111722.5, 224640.0], [111724.5, 20.0], [111727.0, 26010.0], [111727.5, 61620.0], [111729.0, 103790.0], [111729.5, 46770.0], [111731.0, 20000.0]]}}}
{"jsonrpc": "2.0", "method": "subscription", "params": {"channel": "book.BTC-PERPETUAL.none.20.100ms", "data": {"timestamp": 1756271801842, "change_id": 115160414647, "instrument_name": "BTC-PERPETUAL", "bids": [[111709.5, 110770.0], [111706.5, 58000.0], [111706.0, 1000.0], [111703.0, 83810.0], [111702.0, 20000.0], [111701.0, 1000.0], [111698.0, 30390.0], [111694.5, 50000.0], [111694.0, 50300.0], [111693.5, 9110.0], [111693.0, 5790.0], [111692.5, 6000.0], [111691.5, 20000.0], [111690.0, 20.0], [111689.5, 20.0], [111688.5, 84570.0], [111688.0, 224640.0], [111686.5, 45950.0], [111686.0, 11000.0], [111685.0, 26000.0]], "asks": [[111710.0, 594430.0], [111710.5, 48540.0], [111711.0, 25020.0], [111711.5, 20.0], [111712.0, 20.0], [111712.5, 20.0], [111713.0, 20.0], [111713.5, 80.0], [111715.5, 20240.0], [111716.0, 33660.0], [111718.0, 40.0], [111720.0, 50.0], [111721.5, 115610.0], [111722.5, 224640.0], [111724.5, 20.0], [111727.0, 26010.0], [111727.5, 61620.0], [111729.0, 103790.0], [111729.5, 46770.0], [111731.0, 20000.0]]}}}
{"jsonrpc": "2.0", "method": "subscription", "params": {"channel": "book.BTC-PERPETUAL.none.20.100ms", "data": {"timestamp": 1756271802268, "change_id": 115160414958, "instrument_name": "BTC-PERPETUAL", "bids": [[111709.5, 110770.0], [111706.5, 58000.0], [111706.0, 1000.0], [111703.0, 83810.0], [111701.0, 1000.0], [111700.0, 20000.0], [111698.0, 30390.0], [111694.5, 50000.0], [111694.0, 50300.0], [111693.5, 3540.0], [111693.0, 5790.0], [111692.5, 6000.0], [111690.0, 20.0], [111689.5, 20.0], [111688.5, 84570.0], [111688.0, 224640.0], [111687.5, 20000.0], [111686.5, 45450.0], [111685.5, 500.0], [111685.0, 26000.0]], "asks": [[111710.0, 594430.0], [111710.5, 48540.0], [111711.0, 25020.0], [111711.5, 20.0], [111712.0, 20.0], [111712.5, 20.0], [111713.0, 20.0], [111713.5, 80.0], [111715.5, 20240.0], [111716.0, 33660.0], [111718.0, 40.0], [111720.0, 50.0], [111721.5, 115610.0], [111722.5, 224640.0], [111723.5, 20000.0], [111724.5, 20.0], [111727.0, 26010.0], [111727.5, 61620.0], [111729.0, 103790.0], [111729.5, 46770.0]]}}}
{"jsonrpc": "2.0", "method": "subscription", "params": {"channel": "book.BTC-PERPETUAL.none.20.100ms", "data": {"timestamp": 1756271802663, "change_id": 115160415429, "instrument_name": "BTC-PERPETUAL", "bids": [[111709.5, 110770.0], [111706.5, 58000.0], [111706.0, 1000.0], [111703.0, 83810.0], [111701.0, 1000.0], [111700.0, 20000.0], [111698.0, 30390.0], [111694.5, 50000.0], [111694.0, 50300.0], [111693.5, 3540.0], [111693.0, 5790.0], [111692.5, 6000.0], [111689.0, 20.0], [111688.5, 84570.0], [111688.0, 224640.0], [111687.5, 20000.0], [111686.5, 45950.0], [111685.5, 11000.0], [111685.0, 26000.0], [111684.0, 17340.0]], "asks": [[111710.0, 610730.0], [111710.5, 48540.0], [111711.0, 20.0], [111711.5, 20.0], [111712.0, 20.0], [111712.5, 20.0], [111713.0, 20.0], [111713.5, 25080.0], [111715.5, 20240.0], [111716.0, 33660.0], [111718.0, 40.0], [111720.0, 50.0], [111721.5, 115610.0], [111722.5, 224640.0], [111723.5, 20000.0], [111724.5, 20.0], [111727.0, 26010.0], [111727.5, 61620.0], [111729.0, 103790.0], [111729.5, 46770.0]]}}}
{"jsonrpc": "2.0", "method": "subscription", "params": {"channel": "book.BTC-PERPETUAL.none.20.100ms", "data": {"timestamp": 1756271802991, "change_id": 115160415778, "instrument_name": "BTC-PERPETUAL", "bids": [[111709.5, 110770.0], [111706.0, 1000.0], [111703.0, 83810.0], [111701.0, 1000.0], [111698.0, 30390.0], [111694.5, 50000.0], [111694.0, 50300.0], [111693.5, 3540.0], [111693.0, 5790.0], [111692.5, 6000.0], [111688.5, 84570.0], [111688.0, 224660.0], [111687.5, 20020.0], [111686.5, 45450.0], [111686.0, 500.0], [111685.0, 26000.0], [111684.0, 17340.0], [111682.5, 11000.0], [111682.0, 30560.0], [111681.0, 34630.0]], "asks": [[111710.0, 601710.0], [111710.5, 48540.0], [111711.0, 20.0], [111711.5, 20.0], [111712.0, 20.0], [111712.5, 20.0], [111713.0, 11020.0], [111713.5, 25080.0], [111715.5, 9240.0], [111716.0, 33660.0], [111718.0, 40.0], [111720.0, 50.0], [111721.5, 115610.0], [111722.5, 224640.0], [111723.0, 26010.0], [111723.5, 20000.0], [111724.5, 20.0], [111727.5, 61620.0], [111729.0, 103790.0], [111729.5, 46770.0]]}}}
{"jsonrpc": "2.0", "method": "subscription", "params": {"channel": "book.BTC-PERPETUAL.none.20.100ms", "data": {"timestamp": 1756271803325, "change_id": 115160416127, "instrument_name": "BTC-PERPETUAL", "bids": [[111709.5, 110770.0], [111706.0, 1000.0], [111703.0, 83810.0], [111701.0, 1000.0], [111698.0, 30390.0], [111697.5, 20000.0], [111694.5, 50000.0], [111694.0, 50300.0], [111693.5, 3540.0], [111693.0, 5790.0], [111692.5, 6000.0], [111689.0, 20.0], [111688.5, 84590.0], [111688.0, 224640.0], [111687.5, 20000.0], [111686.5, 45450.0], [111686.0, 500.0], [111684.0, 17340.0], [111683.0, 37000.0], [111682.0, 30560.0]], "asks": [[111710.0, 609500.0], [111710.5, 63850.0], [111711.0, 20.0], [111711.5, 20.0], [111712.0, 20.0], [111712.5, 20.0], [111713.0, 20.0], [111713.5, 80.0], [111715.5, 9240.0], [111716.0, 33660.0], [111718.0, 40.0], [111720.0, 50.0], [111721.5, 115610.0], [111722.5, 224640.0], [111723.0, 26010.0], [111723.5, 20000.0], [111724.5, 20.0], [111728.5, 61620.0], [111729.0, 103790.0], [111729.5, 46770.0]]}}}
{"jsonrpc": "2.0", "method": "subscription", "params": {"channel": "book.BTC-PERPETUAL.none.20.100ms", "data": {"timestamp": 1756271803652, "change_id": 115160417066, "instrument_name": "BTC-PERPETUAL", "bids": [[111709.5, 110670.0], [111706.0, 1000.0], [111701.5, 83690.0], [111701.0, 1000.0], [111694.0, 16800.0], [111689.5, 50000.0], [111689.0, 6000.0], [111688.5, 84570.0], [111688.0, 224640.0], [111687.5, 5790.0], [111684.0, 17390.0], [111683.5, 20000.0], [111682.0, 30560.0], [111681.5, 26000.0], [111681.0, 34630.0], [111680.5, 300.0], [111678.5, 11500.0], [111678.0, 40000.0], [111677.5, 6720.0], [111677.0, 10010.0]], "asks": [[111710.0, 622620.0], [111710.5, 36410.0], [111711.0, 20.0], [111711.5, 20.0], [111712.0, 20.0], [111712.5, 20.0], [111713.0, 20.0], [111713.5, 80.0], [111716.0, 39450.0], [111716.5, 25000.0], [111718.0, 40.0], [111720.0, 50.0], [111721.5, 115610.0], [111722.5, 224640.0], [111723.0, 87630.0], [111723.5, 20000.0], [111724.5, 20.0], [111727.0, 5820.0], [111729.0, 103790.0], [111729.5, 46770.0]]}}}
{"jsonrpc": "2.0", "method": "subscription", "params": {"channel": "book.BTC-PERPETUAL.none.20.100ms", "data": {"timestamp": 1756271803968, "change_id": 115160417479, "instrument_name": "BTC-PERPETUAL", "bids": [[111709.5, 110670.0], [111706.0, 1000.0], [111701.5, 83690.0], [111701.0, 1000.0], [111692.0, 22800.0], [111691.5, 20000.0], [111689.5, 50000.0], [111689.0, 6000.0], [111688.5, 84570.0], [111688.0, 224640.0], [111687.5, 5790.0], [111684.0, 17390.0], [111683.5, 20000.0], [111682.0, 44910.0], [111681.5, 87000.0], [111681.0, 34630.0], [111680.5, 300.0], [111679.5, 500.0], [111678.0, 51000.0], [111677.5, 3900.0]], "asks": [[111710.0, 613380.0], [111710.5, 42780.0], [111711.0, 9260.0], [111711.5, 25020.0], [111712.0, 20.0], [111712.5, 20.0], [111713.0, 40.0], [111713.5, 80.0], [111716.0, 33660.0], [111718.0, 40.0], [111720.0, 50.0], [111721.5, 115610.0], [111722.5, 224640.0], [111723.0, 87630.0], [111723.5, 20000.0], [111727.0, 5820.0], [111729.0, 52810.0], [111732.0, 177310.0], [111732.5, 14410.0], [111733.0, 45450.0]]}}}
{"jsonrpc": "2.0", "method": "subscription", "params": {"channel": "book.BTC-PERPETUAL.none.20.100ms", "data": {"timestamp": 1756271804314, "change_id": 115160417720, "instrument_name": "BTC-PERPETUAL", "bids": [[111709.5, 110670.0], [111706.0, 1000.0], [111701.5, 83690.0], [111701.0, 1000.0], [111692.0, 22800.0], [111691.5, 20000.0], [111689.5, 50000.0], [111689.0, 6000.0], [111688.5, 84570.0], [111688.0, 224640.0], [111687.5, 5790.0], [111686.5, 20.0], [111686.0, 20.0], [111684.0, 17390.0], [111683.5, 20000.0], [111682.5, 26000.0], [111682.0, 44910.0], [111681.5, 61000.0], [111681.0, 34630.0], [111680.5, 300.0]], "asks": [[111710.0, 638380.0], [111710.5, 36410.0], [111711.0, 20.0], [111711.5, 20.0], [111712.0, 20.0], [111712.5, 20.0], [111713.0, 40.0], [111713.5, 80.0], [111715.5, 9240.0], [111716.0, 33660.0], [111718.0, 40.0], [111720.0, 50.0], [111721.5, 155030.0], [111722.0, 118040.0], [111722.5, 224640.0], [111723.0, 26010.0], [111723.5, 20000.0], [111727.0, 5820.0], [111729.0, 52810.0], [111732.0, 177310.0]]}}}
{"jsonrpc": "2.0", "method": "subscription", "params": {"channel": "book.BTC-PERPETUAL.none.20.100ms", "data": {"timestamp": 1756271804643, "change_id": 115160418488, "instrument_name": "BTC-PERPETUAL", "bids": [[111709.5, 110670.0], [111706.0, 1000.0], [111701.5, 83690.0], [111701.0, 1000.0], [111689.0, 6000.0], [111688.0, 224640.0], [111685.0, 20.0], [111684.5, 20.0], [111683.0, 50000.0], [111681.5, 50000.0], [111680.5, 300.0], [111677.5, 21700.0], [111676.0, 37000.0], [111675.5, 2000.0], [111674.0, 11000.0], [111673.5, 1000.0], [111673.0, 17380.0], [111672.5, 500.0], [111672.0, 39930.0], [111671.5, 3770.0]], "asks": [[111710.0, 663440.0], [111710.5, 43880.0], [111711.0, 20.0], [111711.5, 20.0], [111712.0, 20.0], [111712.5, 20.0], [111713.0, 40.0], [111713.5, 80.0], [111715.5, 26010.0], [111716.0, 50440.0], [111718.0, 40.0], [111720.0, 50.0], [111721.0, 61620.0], [111721.5, 155030.0], [111722.0, 56420.0], [111722.5, 224640.0], [111723.5, 20000.0], [111727.0, 5820.0], [111729.0, 69770.0], [111732.0, 177310.0]]}}}
{"jsonrpc": "2.0", "method": "subscription", "params": {"channel": "book.BTC-PERPETUAL.none.20.100ms", "data": {"timestamp": 1756271804975, "change_id": 115160419237, "instrument_name": "BTC-PERPETUAL", "bids": [[111709.5, 110670.0], [111706.0, 1000.0], [111701.0, 1000.0], [111694.0, 83660.0], [111688.0, 224640.0], [111686.5, 20000.0], [111683.0, 6000.0], [111680.5, 300.0], [111678.5, 17380.0], [111677.0, 50000.0], [111676.5, 34160.0], [111675.5, 22000.0], [111674.0, 50000.0], [111673.5, 1000.0], [111673.0, 28380.0], [111672.5, 26000.0], [111672.0, 39930.0], [111671.5, 3770.0], [111670.0, 35130.0], [111669.5, 44360.0]], "asks": [[111710.0, 950250.0], [111710.5, 60640.0], [111711.0, 20.0], [111711.5, 20.0], [111712.0, 20.0], [111712.5, 20.0], [111713.0, 26030.0], [111713.5, 15080.0], [111715.5, 61620.0], [111716.0, 33660.0], [111718.0, 40.0], [111720.0, 50.0], [111721.5, 155030.0], [111722.0, 56420.0], [111722.5, 224640.0], [111723.5, 20000.0], [111726.5, 21010.0], [111727.0, 5840.0], [111729.0, 54770.0], [111732.0, 177310.0]]}}}
{"jsonrpc": "2.0", "method": "subscription", "params": {"channel": "book.BTC-PERPETUAL.none.20.100ms", "data": {"timestamp": 1756271805302, "change_id": 115160419572, "instrument_name": "BTC-PERPETUAL", "bids": [[111709.5, 110770.0], [111706.0, 1000.0], [111701.0, 1000.0], [111694.0, 83660.0], [111688.0, 224640.0], [111686.5, 20000.0], [111683.0, 6000.0], [111680.5, 300.0], [111679.0, 50000.0], [111678.5, 17380.0], [111676.5, 34160.0], [111675.5, 22000.0], [111674.0, 50000.0], [111673.5, 1000.0], [111672.0, 39930.0], [111671.5, 3770.0], [111671.0, 500.0], [111670.5, 37000.0], [111670.0, 34630.0], [111669.5, 44360.0]], "asks": [[111710.0, 1037880.0], [111710.5, 43880.0], [111711.0, 20.0], [111711.5, 20.0], [111712.0, 20.0], [111712.5, 20.0], [111713.0, 20.0], [111713.5, 15080.0], [111716.0, 33660.0], [111718.0, 40.0], [111720.0, 50.0], [111721.5, 155030.0], [111722.0, 56420.0], [111722.5, 224640.0], [111723.5, 20000.0], [111726.5, 21010.0], [111727.0, 5840.0], [111729.0, 54770.0], [111732.0, 177310.0], [111732.5, 24640.0]]}}}
{"jsonrpc": "2.0", "method": "subscription", "params": {"channel": "book.BTC-PERPETUAL.none.20.100ms", "data": {"timestamp": 1756271805641, "change_id": 115160420268, "instrument_name": "BTC-PERPETUAL", "bids": [[111709.5, 10160.0], [111706.0, 1000.0], [111701.0, 1000.0], [111694.0, 83660.0], [111688.0, 224640.0], [111683.0, 6000.0], [111680.5, 300.0], [111679.5, 15000.0], [111679.0, 50000.0], [111676.5, 15450.0], [111675.5, 2000.0], [111674.0, 50000.0], [111673.5, 1000.0], [111673.0, 17370.0], [111672.0, 39930.0], [111671.5, 23770.0], [111671.0, 500.0], [111669.5, 44360.0], [111667.5, 26000.0], [111667.0, 11000.0]], "asks": [[111710.0, 1050540.0], [111710.5, 43880.0], [111711.0, 20.0], [111711.5, 20.0], [111712.0, 20.0], [111712.5, 20.0], [111713.0, 20.0], [111713.5, 15080.0], [111716.0, 33680.0], [111718.0, 40.0], [111720.0, 50.0], [111721.0, 21010.0], [111721.5, 155030.0], [111722.0, 56420.0], [111722.5, 224640.0], [111723.5, 20000.0], [111727.0, 35880.0], [111729.0, 54770.0], [111732.0, 177310.0], [111732.5, 24640.0]]}}}
{"jsonrpc": "2.0", "method": "subscription", "params": {"channel": "book.BTC-PERPETUAL.none.20.100ms", "data": {"timestamp": 1756271805959, "change_id": 115160420790, "instrument_name": "BTC-PERPETUAL", "bids": [[111709.5, 50060.0], [111706.0, 1000.0], [111701.0, 1000.0], [111689.0, 21030.0], [111680.5, 300.0], [111677.0, 230640.0], [111676.5, 15450.0], [111676.0, 20.0], [111675.5, 7790.0], [111674.0, 50000.0], [111673.5, 1000.0], [111673.0, 17370.0], [111672.0, 39930.0], [111671.0, 500.0], [111669.5, 44360.0], [111668.5, 10010.0], [111668.0, 34720.0], [111667.5, 26000.0], [111667.0, 22000.0], [111666.5, 40000.0]], "asks": [[111710.0, 1071330.0], [111710.5, 36080.0], [111711.0, 20.0], [111711.5, 20.0], [111712.0, 20.0], [111712.5, 20.0], [111713.0, 20.0], [111713.5, 80.0], [111716.0, 33680.0], [111718.0, 40.0], [111720.0, 50.0], [111721.5, 176040.0], [111722.0, 56420.0], [111722.5, 224640.0], [111723.5, 20000.0], [111727.0, 35880.0], [111729.0, 54770.0], [111732.0, 177310.0], [111732.5, 24640.0], [111733.0, 45450.0]]}}}
{"jsonrpc": "2.0", "method": "subscription", "params": {"channel": "book.BTC-PERPETUAL.none.20.100ms", "data": {"timestamp": 1756271806303, "change_id": 115160421095, "instrument_name": "BTC-PERPETUAL", "bids": [[111709.5, 50770.0], [111705.0, 1000.0], [111701.0, 1000.0], [111695.5, 1000.0], [111689.0, 21030.0], [111680.5, 300.0], [111677.0, 230640.0], [111676.5, 15450.0], [111675.5, 7790.0], [111674.0, 50000.0], [111673.0, 17370.0], [111672.0, 39930.0], [111669.5, 44360.0], [111669.0, 11000.0], [111668.5, 36510.0], [111668.0, 34720.0], [111667.5, 11000.0], [111666.5, 40000.0], [111661.0, 12250.0], [111660.5, 34750.0]], "asks": [[111710.0, 1065540.0], [111710.5, 36080.0], [111711.0, 20.0], [111711.5, 20.0], [111712.0, 20.0], [111712.5, 20.0], [111713.0, 20.0], [111713.5, 80.0], [111716.0, 33680.0], [111718.0, 40.0], [111720.0, 50.0], [111721.5, 155030.0], [111722.0, 56420.0], [111722.5, 224640.0], [111723.5, 20000.0], [111726.5, 21010.0], [111727.0, 35880.0], [111729.0, 54770.0], [111732.0, 177310.0], [111732.5, 24640.0]]}}}
{"jsonrpc": "2.0", "method": "subscription", "params": {"channel": "book.BTC-PERPETUAL.none.20.100ms", "data": {"timestamp": 1756271806627, "change_id": 115160421721, "instrument_name": "BTC-PERPETUAL", "bids": [[111709.5, 50770.0], [111707.5, 1000.0], [111705.0, 1000.0], [111695.5, 1000.0], [111694.5, 1000.0], [111686.5, 64470.0], [111680.5, 300.0], [111678.0, 20.0], [111677.0, 231640.0], [111675.5, 5790.0], [111673.0, 17370.0], [111672.0, 39930.0], [111669.5, 44360.0], [111669.0, 2000.0], [111668.5, 36010.0], [111668.0, 35220.0], [111667.0, 11000.0], [111666.5, 40000.0], [111664.0, 50000.0], [111661.5, 11000.0]], "asks": [[111710.0, 1071330.0], [111710.5, 36080.0], [111711.0, 20.0], [111711.5, 20.0], [111712.0, 20.0], [111712.5, 20.0], [111713.0, 20.0], [111713.5, 80.0], [111716.0, 33680.0], [111718.0, 40.0], [111720.0, 50.0], [111721.5, 176040.0], [111722.0, 56420.0], [111722.5, 224640.0], [111723.5, 20000.0], [111727.0, 35880.0], [111729.0, 54770.0], [111732.0, 177310.0], [111732.5, 24640.0], [111733.0, 45450.0]]}}}
{"jsonrpc": "2.0", "method": "subscription", "params": {"channel": "book.BTC-PERPETUAL.none.20.100ms", "data": {"timestamp": 1756271806956, "change_id": 115160422419, "instrument_name": "BTC-PERPETUAL", "bids": [[111707.5, 1000.0], [111707.0, 50000.0], [111705.0, 1000.0], [111695.5, 1000.0], [111694.5, 1000.0], [111683.5, 50610.0], [111679.0, 6000.0], [111678.5, 20000.0], [111677.5, 71230.0], [111677.0, 231640.0], [111676.5, 20.0], [111676.0, 20.0], [111675.5, 5790.0], [111672.0, 105780.0], [111671.0, 17360.0], [111669.5, 70360.0], [111669.0, 13000.0], [111668.0, 55190.0], [111667.5, 300.0], [111666.5, 40000.0]], "asks": [[111708.0, 1015290.0], [111708.5, 20.0], [111709.0, 20.0], [111709.5, 316160.0], [111710.0, 445330.0], [111710.5, 20.0], [111711.0, 20.0], [111711.5, 20.0], [111713.5, 60.0], [111716.0, 33680.0], [111718.0, 40.0], [111720.0, 50.0], [111721.5, 105880.0], [111722.0, 56420.0], [111723.5, 20000.0], [111725.0, 22280.0], [111729.0, 54770.0], [111732.0, 177310.0], [111732.5, 24640.0], [111733.0, 45450.0]]}}}
{"jsonrpc": "2.0", "method": "subscription", "params": {"channel": "book.BTC-PERPETUAL.none.20.100ms", "data": {"timestamp": 1756271807295, "change_id": 115160422659, "instrument_name": "BTC-PERPETUAL", "bids": [[111707.5, 1000.0], [111707.0, 50000.0], [111705.0, 1000.0], [111701.5, 1000.0], [111695.5, 1000.0], [111694.5, 1000.0], [111684.0, 15180.0], [111683.5, 50610.0], [111677.5, 71250.0], [111677.0, 231640.0], [111676.5, 17360.0], [111675.5, 5790.0], [111672.0, 105780.0], [111669.5, 55360.0], [111669.0, 2000.0], [111668.5, 26500.0], [111668.0, 34690.0], [111667.5, 300.0], [111666.5, 40000.0], [111666.0, 8820.0]], "asks": [[111708.0, 1015920.0], [111708.5, 20.0], [111709.0, 20.0], [111709.5, 316160.0], [111710.0, 445130.0], [111710.5, 20.0], [111711.0, 20.0], [111711.5, 20.0], [111713.5, 60.0], [111716.0, 33680.0], [111718.0, 40.0], [111720.0, 50.0], [111721.5, 84870.0], [111722.0, 56420.0], [111723.5, 20000.0], [111724.5, 21010.0], [111725.0, 22280.0], [111729.0, 54770.0], [111732.0, 177310.0], [111732.5, 24640.0]]}}}
{"jsonrpc": "2.0", "method": "subscription", "params": {"channel": "book.BTC-PERPETUAL.none.20.100ms", "data": {"timestamp": 1756271807618, "change_id": 115160423662, "instrument_name": "BTC-PERPETUAL", "bids": [[111701.5, 1000.0], [111700.0, 50000.0], [111692.0, 1000.0], [111683.0, 49060.0], [111681.5, 20000.0], [111677.5, 71230.0], [111677.0, 230640.0], [111675.5, 23140.0], [111672.5, 34680.0], [111672.0, 79940.0], [111670.0, 1000.0], [111667.5, 800.0], [111667.0, 37000.0], [111666.5, 40000.0], [111666.0, 8130.0], [111665.0, 18410.0], [111663.5, 11000.0], [111663.0, 1000.0], [111662.5, 1000.0], [111661.0, 29300.0]], "asks": [[111702.0, 599870.0], [111703.5, 2340.0], [111705.0, 205550.0], [111706.5, 510.0], [111707.5, 11060.0], [111708.0, 333980.0], [111708.5, 20.0], [111709.0, 20.0], [111709.5, 20.0], [111710.0, 339540.0], [111710.5, 20.0], [111711.0, 20.0], [111711.5, 20.0], [111713.5, 60.0], [111715.5, 6010.0], [111716.0, 33680.0], [111718.0, 40.0], [111719.0, 10990.0], [111720.0, 50.0], [111721.5, 68680.0]]}}}
{"jsonrpc": "2.0", "method": "subscription", "params": {"channel": "book.BTC-PERPETUAL.none.20.100ms", "data": {"timestamp": 1756271807944, "change_id": 115160424338, "instrument_name": "BTC-PERPETUAL", "bids": [[111701.5, 51000.0], [111696.5, 1000.0], [111692.0, 1000.0], [111688.5, 1000.0], [111683.5, 14720.0], [111683.0, 50860.0], [111682.5, 6000.0], [111677.5, 71230.0], [111677.0, 224640.0], [111675.5, 23140.0], [111672.5, 34680.0], [111672.0, 79940.0], [111671.0, 20000.0], [111670.5, 37000.0], [111668.5, 500.0], [111667.5, 300.0], [111666.5, 40000.0], [111666.0, 8130.0], [111665.0, 18410.0], [111663.5, 11000.0]], "asks": [[111702.0, 573530.0], [111702.5, 20.0], [111703.0, 20.0], [111703.5, 20.0], [111704.0, 20.0], [111704.5, 20.0], [111705.0, 205570.0], [111705.5, 20.0], [111708.0, 244640.0], [111709.5, 87630.0], [111710.0, 339520.0], [111713.5, 60.0], [111714.0, 77100.0], [111714.5, 175350.0], [111716.0, 33680.0], [111718.0, 40.0], [111719.0, 10990.0], [111720.0, 50.0], [111721.5, 51750.0], [111727.0, 21010.0]]}}}
{"jsonrpc": "2.0", "method": "subscription", "params": {"channel": "book.BTC-PERPETUAL.none.20.100ms", "data": {"timestamp": 1756271808283, "change_id": 115160424674, "instrument_name": "BTC-PERPETUAL", "bids": [[111701.5, 51000.0], [111696.5, 2000.0], [111692.0, 1000.0], [111688.5, 1000.0], [111683.5, 14720.0], [111683.0, 56640.0], [111682.5, 6000.0], [111680.0, 20000.0], [111677.5, 71230.0], [111677.0, 224660.0], [111676.5, 20.0], [111675.5, 23140.0], [111672.5, 34680.0], [111672.0, 79940.0], [111671.5, 37000.0], [111671.0, 20000.0], [111669.5, 500.0], [111667.5, 300.0], [111666.5, 40000.0], [111666.0, 11410.0]], "asks": [[111702.0, 613530.0], [111702.5, 20.0], [111703.0, 20.0], [111703.5, 20.0], [111704.0, 20.0], [111704.5, 20.0], [111705.0, 205570.0], [111705.5, 20.0], [111708.0, 244640.0], [111709.5, 26010.0], [111710.0, 339520.0], [111710.5, 15150.0], [111713.5, 61680.0], [111714.0, 77100.0], [111714.5, 175350.0], [111716.0, 33680.0], [111718.0, 40.0], [111719.0, 10990.0], [111720.0, 50.0], [111721.5, 51750.0]]}}}
{"jsonrpc": "2.0", "method": "subscription", "params": {"channel": "book.BTC-PERPETUAL.none.20.100ms", "data": {"timestamp": 1756271808594, "change_id": 115160425259, "instrument_name": "BTC-PERPETUAL", "bids": [[111701.5, 51000.0], [111697.0, 56300.0], [111696.5, 2000.0], [111692.0, 1000.0], [111688.5, 1000.0], [111683.5, 14720.0], [111683.0, 69180.0], [111682.5, 6000.0], [111680.0, 20000.0], [111678.5, 44240.0], [111677.5, 71230.0], [111677.0, 224640.0], [111676.5, 20.0], [111675.5, 23140.0], [111672.5, 34680.0], [111672.0, 79940.0], [111671.0, 20000.0], [111670.0, 500.0], [111668.5, 26000.0], [111667.5, 11300.0]], "asks": [[111702.0, 693530.0], [111702.5, 20.0], [111703.0, 20.0], [111703.5, 20.0], [111704.0, 20.0], [111704.5, 20.0], [111705.0, 205570.0], [111705.5, 20.0], [111708.0, 244640.0], [111709.0, 61620.0], [111709.5, 26010.0], [111710.0, 339520.0], [111710.5, 15150.0], [111713.5, 60.0], [111714.0, 77100.0], [111714.5, 175350.0], [111716.0, 33680.0], [111718.0, 40.0], [111719.0, 10990.0], [111720.0, 50.0]]}}}
{"jsonrpc": "2.0", "method": "subscription", "params": {"channel": "book.BTC-PERPETUAL.none.20.100ms", "data": {"timestamp": 1756271808939, "change_id": 115160425694, "instrument_name": "BTC-PERPETUAL", "bids": [[111701.5, 51000.0], [111697.0, 56300.0], [111696.5, 2000.0], [111692.0, 1000.0], [111688.5, 1000.0], [111683.5, 14720.0], [111683.0, 69180.0], [111682.5, 6000.0], [111680.0, 20000.0], [111678.5, 44240.0], [111677.5, 71250.0], [111677.0, 224660.0], [111675.5, 23140.0], [111672.5, 34680.0], [111672.0, 79940.0], [111671.0, 20000.0], [111669.5, 37500.0], [111667.5, 300.0], [111666.5, 40000.0], [111666.0, 11410.0]], "asks": [[111702.0, 693530.0], [111702.5, 20.0], [111703.0, 20.0], [111703.5, 20.0], [111704.0, 20.0], [111704.5, 20.0], [111705.0, 205570.0], [111705.5, 20.0], [111708.0, 244640.0], [111709.0, 61620.0], [111709.5, 26010.0], [111710.0, 339520.0], [111710.5, 15150.0], [111713.5, 60.0], [111714.0, 77100.0], [111714.5, 175350.0], [111716.0, 33680.0], [111718.0, 40.0], [111719.0, 10990.0], [111720.0, 50.0]]}}}
{"jsonrpc": "2.0", "method": "subscription", "params": {"channel": "book.BTC-PERPETUAL.none.20.100ms", "data": {"timestamp": 1756271809277, "change_id": 115160425932, "instrument_name": "BTC-PERPETUAL", "bids": [[111701.5, 51000.0], [111696.5, 2000.0], [111692.0, 1000.0], [111688.5, 1000.0], [111683.0, 29200.0], [111682.5, 77320.0], [111680.0, 20000.0], [111677.5, 71230.0], [111677.0, 224640.0], [111675.5, 23140.0], [111673.0, 20.0], [111672.5, 34680.0], [111672.0, 79940.0], [111671.0, 20000.0], [111668.5, 500.0], [111668.0, 26000.0], [111667.5, 300.0], [111667.0, 11000.0], [111666.5, 40000.0], [111666.0, 11410.0]], "asks": [[111702.0, 693530.0], [111702.5, 20.0], [111703.0, 20.0], [111703.5, 20.0], [111704.0, 20.0], [111704.5, 20.0], [111705.0, 205570.0], [111705.5, 20.0], [111708.0, 244640.0], [111709.0, 61620.0], [111709.5, 26010.0], [111710.0, 339520.0], [111710.5, 15150.0], [111713.5, 60.0], [111714.0, 77100.0], [111714.5, 175350.0], [111716.0, 33680.0], [111718.0, 40.0], [111719.0, 10990.0], [111720.0, 50.0]]}}}
{"jsonrpc": "2.0", "method": "subscription", "params": {"channel": "book.BTC-PERPETUAL.none.20.100ms", "data": {"timestamp": 1756271809583, "change_id": 115160426479, "instrument_name": "BTC-PERPETUAL", "bids": [[111701.5, 51200.0], [111697.0, 42200.0], [111696.5, 2000.0], [111692.0, 1000.0], [111688.5, 1000.0], [111683.0, 29200.0], [111682.5, 77320.0], [111680.0, 20000.0], [111677.5, 71230.0], [111677.0, 224640.0], [111676.0, 5810.0], [111675.5, 17370.0], [111672.5, 34680.0], [111672.0, 79940.0], [111671.0, 20000.0], [111669.0, 11500.0], [111668.0, 26000.0], [111667.5, 300.0], [111666.5, 40000.0], [111666.0, 11410.0]], "asks": [[111702.0, 693530.0], [111702.5, 20.0], [111703.0, 20.0], [111703.5, 20.0], [111704.0, 20.0], [111704.5, 20.0], [111705.0, 205570.0], [111705.5, 20.0], [111708.0, 244640.0], [111709.0, 61620.0], [111709.5, 26010.0], [111710.0, 339520.0], [111710.5, 15150.0], [111713.5, 60.0], [111714.0, 77100.0], [111714.5, 175350.0], [111716.0, 41570.0], [111718.0, 40.0], [111719.0, 10990.0], [111720.0, 50.0]]}}}
{"jsonrpc": "2.0", "method": "subscription", "params": {"channel": "book.BTC-PERPETUAL.none.20.100ms", "data": {"timestamp": 1756271809932, "change_id": 115160427025, "instrument_name": "BTC-PERPETUAL", "bids": [[111701.5, 52740.0], [111697.0, 42200.0], [111696.5, 2000.0], [111692.0, 1000.0], [111688.5, 1000.0], [111683.0, 29200.0], [111682.5, 77320.0], [111678.5, 44240.0], [111677.5, 71230.0], [111677.0, 230430.0], [111676.5, 500.0], [111675.5, 17350.0], [111674.5, 20000.0], [111672.5, 34680.0], [111672.0, 79940.0], [111671.5, 37000.0], [111667.5, 300.0], [111666.5, 40000.0], [111666.0, 11410.0], [111665.0, 18410.0]], "asks": [[111702.0, 657300.0], [111702.5, 20.0], [111703.0, 20.0], [111703.5, 25020.0], [111704.0, 20.0], [111704.5, 20.0], [111705.0, 205570.0], [111705.5, 20.0], [111708.0, 244640.0], [111710.0, 339520.0], [111710.5, 15150.0], [111713.0, 26010.0], [111713.5, 61690.0], [111714.0, 77100.0], [111714.5, 175350.0], [111716.0, 41570.0], [111718.0, 40.0], [111719.0, 10990.0], [111720.0, 50.0], [111721.5, 45450.0]]}}}
{"jsonrpc": "2.0", "method": "subscription", "params": {"channel": "book.BTC-PERPETUAL.none.20.100ms", "data": {"timestamp": 1756271810268, "change_id": 115160427282, "instrument_name": "BTC-PERPETUAL", "bids": [[111701.5, 52740.0], [111697.0, 42200.0], [111696.5, 2000.0], [111692.0, 1000.0], [111688.5, 1000.0], [111683.0, 47820.0], [111682.5, 77320.0], [111681.0, 50000.0], [111679.0, 300.0], [111678.5, 44240.0], [111678.0, 20.0], [111677.5, 71250.0], [111677.0, 230430.0], [111676.0, 500.0], [111675.5, 17350.0], [111674.5, 20000.0], [111672.5, 60680.0], [111672.0, 15390.0], [111667.0, 11000.0], [111666.5, 40000.0]], "asks": [[111702.0, 682300.0], [111702.5, 20.0], [111703.0, 20.0], [111703.5, 20.0], [111704.0, 20.0], [111704.5, 20.0], [111705.0, 205570.0], [111705.5, 20.0], [111708.0, 244640.0], [111710.0, 339520.0], [111710.5, 15150.0], [111713.0, 26010.0], [111713.5, 61690.0], [111714.0, 77100.0], [111714.5, 175350.0], [111716.0, 41570.0], [111718.0, 40.0], [111719.0, 10990.0], [111720.0, 50.0], [111721.5, 45450.0]]}}}
{"jsonrpc": "2.0", "method": "subscription", "params": {"channel": "book.BTC-PERPETUAL.none.20.100ms", "data": {"timestamp": 1756271810595, "change_id": 115160427867, "instrument_name": "BTC-PERPETUAL", "bids": [[111701.5, 52740.0], [111697.0, 75900.0], [111696.5, 2000.0], [111692.0, 1000.0], [111688.5, 1000.0], [111683.5, 25110.0], [111683.0, 112890.0], [111682.5, 6000.0], [111681.0, 50000.0], [111679.0, 300.0], [111678.5, 44240.0], [111677.5, 71230.0], [111677.0, 230430.0], [111676.0, 500.0], [111675.5, 17350.0], [111674.5, 20000.0], [111672.5, 34680.0], [111672.0, 21180.0], [111671.5, 26000.0], [111668.0, 11000.0]], "asks": [[111702.0, 682300.0], [111702.5, 20.0], [111703.0, 20.0], [111703.5, 20.0], [111704.0, 20.0], [111704.5, 20.0], [111705.0, 205570.0], [111705.5, 20.0], [111708.0, 244640.0], [111710.0, 339520.0], [111710.5, 15150.0], [111713.0, 26010.0], [111713.5, 61690.0], [111714.0, 77100.0], [111714.5, 175350.0], [111716.0, 41570.0], [111718.0, 40.0], [111719.0, 10990.0], [111720.0, 50.0], [111721.5, 45450.0]]}}}
{"jsonrpc": "2.0", "method": "subscription", "params": {"channel": "book.BTC-PERPETUAL.none.20.100ms", "data": {"timestamp": 1756271810920, "change_id": 115160428292, "instrument_name": "BTC-PERPETUAL", "bids": [[111701.5, 53740.0], [111696.5, 1000.0], [111692.0, 1000.0], [111688.5, 1000.0], [111683.5, 25110.0], [111683.0, 112890.0], [111682.5, 6000.0], [111681.0, 50000.0], [111679.0, 300.0], [111678.5, 44240.0], [111677.5, 71250.0], [111677.0, 224660.0], [111675.5, 17850.0], [111674.5, 20000.0], [111672.5, 34680.0], [111672.0, 21180.0], [111669.5, 26000.0], [111667.5, 11000.0], [111666.5, 40000.0], [111666.0, 11410.0]], "asks": [[111702.0, 598600.0], [111702.5, 20.0], [111703.0, 20.0], [111703.5, 20.0], [111704.0, 20.0], [111704.5, 20.0], [111705.0, 205570.0], [111705.5, 20.0], [111708.0, 244640.0], [111710.0, 365530.0], [111710.5, 15150.0], [111713.5, 61690.0], [111714.0, 77100.0], [111714.5, 175350.0], [111716.0, 41570.0], [111718.0, 40.0], [111719.0, 10990.0], [111720.0, 50.0], [111721.5, 45450.0], [111727.5, 4080.0]]}}}
{"jsonrpc": "2.0", "method": "subscription", "params": {"channel": "book.BTC-PERPETUAL.none.20.100ms", "data": {"timestamp": 1756271811254, "change_id": 115160428544, "instrument_name": "BTC-PERPETUAL", "bids": [[111701.5, 53740.0], [111696.5, 1000.0], [111688.5, 1000.0], [111685.0, 21000.0], [111683.5, 25110.0], [111683.0, 112890.0], [111682.5, 6000.0], [111681.0, 50000.0], [111679.0, 300.0], [111678.5, 50030.0], [111677.5, 71230.0], [111677.0, 224640.0], [111675.5, 17350.0], [111674.5, 20000.0], [111673.0, 500.0], [111672.5, 34680.0], [111672.0, 21180.0], [111669.0, 26000.0], [111668.5, 11000.0], [111666.5, 40000.0]], "asks": [[111702.0, 721160.0], [111702.5, 20.0], [111703.0, 20.0], [111703.5, 20.0], [111704.0, 20.0], [111704.5, 20.0], [111705.0, 205570.0], [111705.5, 20.0], [111708.0, 244640.0], [111710.0, 326650.0], [111710.5, 15150.0], [111713.5, 61690.0], [111714.0, 77100.0], [111714.5, 175350.0], [111716.0, 41570.0], [111718.0, 40.0], [111719.0, 10990.0], [111720.0, 50.0], [111721.5, 45450.0], [111727.5, 4080.0]]}}}
{"jsonrpc": "2.0", "method": "subscription", "params": {"channel": "book.BTC-PERPETUAL.none.20.100ms", "data": {"timestamp": 1756271811575, "change_id": 115160429145, "instrument_name": "BTC-PERPETUAL", "bids": [[111701.5, 53740.0], [111696.5, 1000.0], [111688.5, 1000.0], [111685.0, 1000.0], [111683.5, 25110.0], [111683.0, 83690.0], [111682.5, 6000.0], [111681.5, 16830.0], [111681.0, 70000.0], [111679.0, 300.0], [111678.5, 5790.0], [111677.5, 71230.0], [111677.0, 224640.0], [111675.5, 17350.0], [111672.5, 34680.0], [111672.0, 21180.0], [111670.5, 20000.0], [111670.0, 500.0], [111667.5, 26000.0], [111667.0, 11000.0]], "asks": [[111702.0, 742660.0], [111702.5, 20.0], [111703.0, 20.0], [111703.5, 20.0], [111704.0, 20.0], [111704.5, 20.0], [111705.0, 205570.0], [111705.5, 20.0], [111707.5, 26010.0], [111708.0, 244640.0], [111709.5, 61630.0], [111710.0, 300640.0], [111710.5, 15150.0], [111713.5, 60.0], [111714.0, 77100.0], [111714.5, 175350.0], [111716.0, 41570.0], [111718.0, 40.0], [111719.0, 10990.0], [111720.0, 50.0]]}}}
{"jsonrpc": "2.0", "method": "subscription", "params": {"channel": "book.BTC-PERPETUAL.none.20.100ms", "data": {"timestamp": 1756271811900, "change_id": 115160429538, "instrument_name": "BTC-PERPETUAL", "bids": [[111701.5, 62300.0], [111696.5, 1000.0], [111688.5, 1000.0], [111683.5, 25410.0], [111683.0, 84690.0], [111682.5, 6000.0], [111681.5, 16830.0], [111681.0, 70000.0], [111679.0, 300.0], [111678.5, 5790.0], [111677.5, 71230.0], [111677.0, 224640.0], [111675.5, 17350.0], [111675.0, 20.0], [111674.5, 20.0], [111672.5, 34680.0], [111672.0, 21180.0], [111671.5, 500.0], [111671.0, 1000.0], [111670.5, 20000.0]], "asks": [[111702.0, 743290.0], [111702.5, 20.0], [111703.0, 20.0], [111703.5, 20.0], [111704.0, 20.0], [111704.5, 40.0], [111705.0, 205570.0], [111705.5, 20.0], [111707.5, 26010.0], [111708.0, 244640.0], [111709.5, 61630.0], [111710.0, 300640.0], [111710.5, 15150.0], [111713.5, 60.0], [111714.0, 77100.0], [111714.5, 175350.0], [111716.0, 41550.0], [111718.0, 40.0], [111719.0, 10990.0], [111720.0, 50.0]]}}}
{"jsonrpc": "2.0", "method": "subscription", "params": {"channel": "book.BTC-PERPETUAL.none.20.100ms", "data": {"timestamp": 1756271812255, "change_id": 115160429791, "instrument_name": "BTC-PERPETUAL", "bids": [[111701.5, 61300.0], [111691.0, 3000.0], [111683.0, 83690.0], [111682.5, 6000.0], [111681.0, 50000.0], [111680.0, 1000.0], [111679.5, 1000.0], [111679.0, 20300.0], [111678.5, 5790.0], [111677.5, 71230.0], [111677.0, 224640.0], [111673.0, 20.0], [111672.5, 34700.0], [111672.0, 21200.0], [111670.5, 37340.0], [111668.0, 500.0], [111667.5, 26000.0], [111667.0, 11000.0], [111666.5, 40000.0], [111666.0, 11410.0]], "asks": [[111702.0, 743290.0], [111702.5, 20.0], [111703.0, 20.0], [111703.5, 20.0], [111704.0, 20.0], [111704.5, 40.0], [111705.0, 205570.0], [111705.5, 20.0], [111707.5, 26010.0], [111708.0, 244640.0], [111709.5, 61630.0], [111710.0, 300640.0], [111710.5, 15150.0], [111713.5, 60.0], [111714.0, 77100.0], [111714.5, 175350.0], [111716.0, 41550.0], [111718.0, 40.0], [111719.0, 10990.0], [111720.0, 50.0]]}}}
{"jsonrpc": "2.0", "method": "subscription", "params": {"channel": "book.BTC-PERPETUAL.none.20.100ms", "data": {"timestamp": 1756271812561, "change_id": 115160430355, "instrument_name": "BTC-PERPETUAL", "bids": [[111701.5, 11300.0], [111699.0, 50000.0], [111691.0, 3000.0], [111680.0, 27960.0], [111679.5, 1000.0], [111679.0, 300.0], [111678.5, 83660.0], [111677.5, 71230.0], [111677.0, 224640.0], [111675.5, 6000.0], [111675.0, 17340.0], [111674.0, 20.0], [111673.5, 5810.0], [111672.5, 50000.0], [111672.0, 59150.0], [111667.5, 11000.0], [111667.0, 20000.0], [111666.5, 40500.0], [111666.0, 16310.0], [111665.5, 26000.0]], "asks": [[111702.0, 743290.0], [111702.5, 20.0], [111703.0, 5810.0], [111703.5, 20.0], [111704.0, 20.0], [111704.5, 40.0], [111705.0, 205570.0], [111705.5, 20.0], [111708.0, 244640.0], [111709.0, 26010.0], [111709.5, 61630.0], [111710.0, 300640.0], [111710.5, 15150.0], [111713.5, 60.0], [111714.0, 77100.0], [111714.5, 175350.0], [111716.0, 41550.0], [111718.0, 40.0], [111719.0, 10990.0], [111720.0, 50.0]]}}}
