{"jsonrpc": "2.0", "id": 1, "result": ["book.BTC-PERPETUAL.none.20.100ms"], "usIn": 1769615002158348, "usOut": 1769615002158572, "usDiff": 224, "testnet": false}
{"jsonrpc": "2.0", "method": "subscription", "params": {"channel": "book.BTC-PERPETUAL.none.20.100ms", "data": {"timestamp": 1769615002156, "change_id": 137217665687, "instrument_name": "BTC-PERPETUAL", "bids": [[89399.5, 277620.0], [89398.0, 50000.0], [89397.5, 22860.0], [89396.0, 10000.0], [89395.5, 61590.0], [89395.0, 5000.0], [89392.5, 9280.0], [89392.0, 25990.0], [89391.5, 5000.0], [89391.0, 90.0], [89388.0, 33400.0], [89387.5, 42900.0], [89387.0, 490.0], [89386.5, 2880.0], [89385.5, 6860.0], [89385.0, 42900.0], [89383.5, 2980.0], [89381.5, 9970.0], [89378.5, 900.0], [89377.0, 28000.0]], "asks": [[89400.0, 181360.0], [89400.5, 10000.0], [89403.0, 10670.0], [89403.5, 19800.0], [89405.0, 50.0], [89405.5, 18000.0], [89406.0, 510.0], [89409.0, 170.0], [89416.5, 500.0], [89417.0, 13430.0], [89417.5, 45000.0], [89419.5, 16670.0], [89420.0, 50.0], [89422.5, 22000.0], [89423.0, 26000.0], [89424.0, 32010.0], [89425.0, 12760.0], [89426.0, 40000.0], [89428.5, 4000.0], [89431.5, 10.0]]}}}
{"jsonrpc": "2.0", "method": "subscription", "params": {"channel": "book.BTC-PERPETUAL.none.20.100ms", "data": {"timestamp": 1769615002401, "change_id": 137217665807, "instrument_name": "BTC-PERPETUAL", "bids": [[89399.5, 245890.0], [89398.0, 50000.0], [89397.5, 22860.0], [89396.0, 10000.0], [89395.5, 61590.0], [89395.0, 5000.0], [89392.5, 9280.0], [89392.0, 25990.0], [89391.5, 5000.0], [89391.0, 90.0], [89388.0, 33890.0], [89387.5, 42900.0], [89386.5, 2880.0], [89385.5, 6860.0], [89385.0, 42900.0], [89383.5, 10060.0], [89381.5, 34970.0], [89378.5, 900.0], [89377.0, 3000.0], [89376.5, 5750.0]], "asks": [[89400.0, 181360.0], [89400.5, 10000.0], [89403.0, 10670.0], [89403.5, 19800.0], [89405.0, 50.0], [89405.5, 18000.0], [89406.0, 510.0], [89409.0, 170.0], [89416.5, 500.0], [89417.0, 13430.0], [89417.5, 45000.0], [89419.5, 16670.0], [89420.0, 50.0], [89422.5, 22000.0], [89423.0, 26000.0], [89424.0, 32010.0], [89425.0, 12760.0], [89426.0, 40000.0], [89428.5, 4000.0], [89431.5, 10.0]]}}}
{"jsonrpc": "2.0", "method": "subscription", "params": {"channel": "book.BTC-PERPETUAL.none.20.100ms", "data": {"timestamp": 1769615002737, "change_id": 137217666285, "instrument_name": "BTC-PERPETUAL", "bids": [[89399.5, 284710.0], [89398.0, 50000.0], [89397.5, 22860.0], [89396.5, 43800.0], [89396.0, 53800.0], [89395.5, 61590.0], [89395.0, 5000.0], [89392.5, 9280.0], [89392.0, 25990.0], [89391.5, 5000.0], [89391.0, 90.0], [89388.0, 33400.0], [89387.5, 42900.0], [89387.0, 490.0], [89386.5, 2880.0], [89385.5, 6860.0], [89385.0, 42900.0], [89383.5, 10060.0], [89381.5, 34970.0], [89378.5, 900.0]], "asks": [[89400.0, 181360.0], [89400.5, 10000.0], [89402.0, 7760.0], [89404.5, 9800.0], [89405.0, 50.0], [89405.5, 18000.0], [89406.0, 510.0], [89409.0, 170.0], [89416.5, 500.0], [89417.0, 13430.0], [89417.5, 45000.0], [89419.5, 16670.0], [89420.0, 50.0], [89422.5, 22000.0], [89423.0, 26000.0], [89424.0, 32010.0], [89425.0, 12760.0], [89426.0, 40000.0], [89428.5, 4000.0], [89431.5, 10.0]]}}}
{"jsonrpc": "2.0", "method": "subscription", "params": {"channel": "book.BTC-PERPETUAL.none.20.100ms", "data": {"timestamp": 1769615003072, "change_id": 137217666633, "instrument_name": "BTC-PERPETUAL", "bids": [[89399.5, 240910.0], [89398.0, 50000.0], [89397.5, 22860.0], [89396.5, 43800.0], [89396.0, 10000.0], [89395.0, 5000.0], [89393.0, 61590.0], [89392.5, 9280.0], [89392.0, 25990.0], [89391.0, 90.0], [89388.0, 33400.0], [89387.5, 42900.0], [89387.0, 490.0], [89386.5, 2880.0], [89385.5, 6860.0], [89385.0, 42900.0], [89383.5, 10060.0], [89381.5, 34970.0], [89378.5, 900.0], [89377.0, 3000.0]], "asks": [[89400.0, 181360.0], [89400.5, 10000.0], [89402.0, 7760.0], [89404.5, 9800.0], [89405.0, 50.0], [89405.5, 18000.0], [89406.0, 510.0], [89409.0, 170.0], [89416.5, 500.0], [89417.0, 13430.0], [89417.5, 45000.0], [89419.0, 22000.0], [89419.5, 11580.0], [89420.0, 50.0], [89423.0, 26000.0], [89424.0, 32010.0], [89425.0, 56370.0], [89426.0, 40000.0], [89428.5, 4000.0], [89431.5, 10.0]]}}}
{"jsonrpc": "2.0", "method": "subscription", "params": {"channel": "book.BTC-PERPETUAL.none.20.100ms", "data": {"timestamp": 1769615003404, "change_id": 137217667769, "instrument_name": "BTC-PERPETUAL", "bids": [[89399.5, 59740.0], [89399.0, 20000.0], [89395.5, 11000.0], [89395.0, 5000.0], [89391.0, 90.0], [89389.5, 9240.0], [89389.0, 45250.0], [89385.5, 33310.0], [89384.0, 111590.0], [89382.5, 9250.0], [89382.0, 25990.0], [89381.5, 5000.0], [89378.5, 900.0], [89378.0, 8690.0], [89377.5, 6860.0], [89376.5, 490.0], [89376.0, 12850.0], [89374.5, 6410.0], [89370.0, 3840.0], [89369.5, 2880.0]], "asks": [[89400.0, 202940.0], [89400.5, 10000.0], [89402.0, 2220.0], [89404.5, 9800.0], [89405.0, 50.0], [89406.0, 510.0], [89409.0, 170.0], [89416.5, 73420.0], [89417.0, 51000.0], [89417.5, 45000.0], [89420.0, 50.0], [89423.0, 8810.0], [89424.0, 32010.0], [89425.0, 56370.0], [89426.0, 40000.0], [89428.0, 9240.0], [89428.5, 4000.0], [89431.5, 10.0], [89432.5, 12850.0], [89434.5, 61620.0]]}}}
{"jsonrpc": "2.0", "method": "subscription", "params": {"channel": "book.BTC-PERPETUAL.none.20.100ms", "data": {"timestamp": 1769615003729, "change_id": 137217668607, "instrument_name": "BTC-PERPETUAL", "bids": [[89399.5, 59740.0], [89395.5, 20000.0], [89395.0, 5000.0], [89391.0, 90.0], [89386.5, 9240.0], [89386.0, 10000.0], [89385.5, 22000.0], [89383.5, 78260.0], [89383.0, 61590.0], [89382.5, 34250.0], [89382.0, 25990.0], [89381.5, 5000.0], [89378.5, 7140.0], [89376.0, 12850.0], [89374.5, 15660.0], [89374.0, 6860.0], [89370.0, 28840.0], [89369.5, 2880.0], [89368.0, 12860.0], [89364.5, 12340.0]], "asks": [[89400.0, 212540.0], [89400.5, 10000.0], [89402.0, 13240.0], [89404.5, 43800.0], [89405.0, 50.0], [89406.0, 510.0], [89406.5, 11000.0], [89407.0, 11990.0], [89407.5, 40000.0], [89409.0, 170.0], [89416.0, 70130.0], [89417.0, 40000.0], [89417.5, 45000.0], [89420.0, 50.0], [89422.0, 7380.0], [89422.5, 9240.0], [89423.0, 5000.0], [89424.0, 32010.0], [89425.0, 56370.0], [89426.0, 40000.0]]}}}
{"jsonrpc": "2.0", "method": "subscription", "params": {"channel": "book.BTC-PERPETUAL.none.20.100ms", "data": {"timestamp": 1769615004062, "change_id": 137217669186, "instrument_name": "BTC-PERPETUAL", "bids": [[89399.5, 54640.0], [89395.5, 20000.0], [89395.0, 5000.0], [89391.0, 90.0], [89387.5, 31240.0], [89383.5, 19470.0], [89383.0, 50000.0], [89382.5, 95840.0], [89381.5, 5000.0], [89379.0, 25990.0], [89378.5, 6650.0], [89376.0, 12850.0], [89374.5, 8460.0], [89374.0, 6860.0], [89370.5, 490.0], [89370.0, 3840.0], [89369.5, 2880.0], [89368.0, 12860.0], [89364.5, 12340.0], [89364.0, 15070.0]], "asks": [[89400.0, 218280.0], [89400.5, 10000.0], [89402.0, 13240.0], [89404.5, 43800.0], [89405.0, 50.0], [89406.0, 510.0], [89406.5, 18560.0], [89407.0, 22000.0], [89407.5, 40000.0], [89409.0, 170.0], [89416.0, 59130.0], [89416.5, 5000.0], [89417.0, 40000.0], [89417.5, 45000.0], [89420.0, 50.0], [89421.0, 8060.0], [89421.5, 9240.0], [89424.0, 32010.0], [89424.5, 25000.0], [89425.0, 56370.0]]}}}
{"jsonrpc": "2.0", "method": "subscription", "params": {"channel": "book.BTC-PERPETUAL.none.20.100ms", "data": {"timestamp": 1769615004382, "change_id": 137217669606, "instrument_name": "BTC-PERPETUAL", "bids": [[89399.5, 54640.0], [89395.5, 20000.0], [89395.0, 5000.0], [89391.0, 90.0], [89386.0, 10.0], [89384.5, 22000.0], [89383.5, 9240.0], [89383.0, 87860.0], [89382.5, 34250.0], [89382.0, 10000.0], [89381.5, 5000.0], [89379.5, 61590.0], [89378.5, 13670.0], [89376.5, 25990.0], [89376.0, 12850.0], [89374.5, 8460.0], [89374.0, 6860.0], [89370.5, 490.0], [89370.0, 3840.0], [89369.5, 2880.0]], "asks": [[89400.0, 228190.0], [89400.5, 10000.0], [89402.0, 13240.0], [89404.0, 11000.0], [89404.5, 43800.0], [89405.0, 50.0], [89405.5, 11000.0], [89406.0, 510.0], [89406.5, 18560.0], [89407.0, 26000.0], [89407.5, 40000.0], [89409.0, 170.0], [89415.5, 5000.0], [89416.0, 33130.0], [89417.0, 40000.0], [89417.5, 45000.0], [89420.0, 6620.0], [89420.5, 9240.0], [89424.0, 32010.0], [89425.0, 56370.0]]}}}
{"jsonrpc": "2.0", "method": "subscription", "params": {"channel": "book.BTC-PERPETUAL.none.20.100ms", "data": {"timestamp": 1769615004727, "change_id": 137217670280, "instrument_name": "BTC-PERPETUAL", "bids": [[89399.5, 54640.0], [89391.0, 90.0], [89389.0, 20000.0], [89386.0, 10.0], [89385.0, 11000.0], [89384.0, 50000.0], [89380.0, 20240.0], [89378.5, 900.0], [89372.5, 27060.0], [89372.0, 62080.0], [89371.0, 6860.0], [89370.5, 32330.0], [89370.0, 3840.0], [89369.5, 2880.0], [89368.0, 12860.0], [89364.5, 12340.0], [89362.0, 113000.0], [89359.5, 25000.0], [89358.0, 48000.0], [89355.5, 4410.0]], "asks": [[89400.0, 283400.0], [89400.5, 10000.0], [89401.0, 32880.0], [89401.5, 43800.0], [89403.0, 11000.0], [89404.5, 43800.0], [89405.0, 50.0], [89406.0, 510.0], [89406.5, 11990.0], [89407.5, 40000.0], [89409.0, 170.0], [89415.5, 5000.0], [89416.0, 33130.0], [89417.0, 49240.0], [89417.5, 45000.0], [89419.0, 61620.0], [89420.0, 9640.0], [89424.0, 53020.0], [89425.0, 56370.0], [89426.0, 40000.0]]}}}
{"jsonrpc": "2.0", "method": "subscription", "params": {"channel": "book.BTC-PERPETUAL.none.20.100ms", "data": {"timestamp": 1769615005054, "change_id": 137217670993, "instrument_name": "BTC-PERPETUAL", "bids": [[89399.5, 54640.0], [89391.0, 90.0], [89389.5, 20000.0], [89386.0, 10.0], [89381.5, 72000.0], [89381.0, 10000.0], [89379.5, 9240.0], [89378.5, 900.0], [89377.5, 8180.0], [89377.0, 27400.0], [89373.5, 26930.0], [89373.0, 61590.0], [89371.0, 26480.0], [89370.0, 13120.0], [89369.5, 2880.0], [89368.0, 12860.0], [89364.5, 12340.0], [89362.5, 33730.0], [89362.0, 113000.0], [89359.5, 25000.0]], "asks": [[89400.0, 255250.0], [89400.5, 10000.0], [89401.0, 43880.0], [89401.5, 43800.0], [89403.5, 26000.0], [89404.5, 43800.0], [89405.0, 50.0], [89406.0, 510.0], [89406.5, 11990.0], [89407.5, 40000.0], [89409.0, 170.0], [89415.5, 5000.0], [89416.0, 33130.0], [89417.0, 92160.0], [89417.5, 45000.0], [89420.0, 27300.0], [89423.0, 2260.0], [89423.5, 61620.0], [89424.0, 32010.0], [89425.0, 56370.0]]}}}
{"jsonrpc": "2.0", "method": "subscription", "params": {"channel": "book.BTC-PERPETUAL.none.20.100ms", "data": {"timestamp": 1769615005372, "change_id": 137217671389, "instrument_name": "BTC-PERPETUAL", "bids": [[89399.5, 54640.0], [89391.0, 90.0], [89389.5, 20000.0], [89386.0, 10.0], [89383.0, 50000.0], [89382.0, 41240.0], [89378.5, 900.0], [89378.0, 27170.0], [89377.0, 27400.0], [89375.0, 61590.0], [89374.5, 18180.0], [89371.0, 26480.0], [89370.0, 10700.0], [89368.0, 12860.0], [89365.0, 2880.0], [89364.5, 12340.0], [89362.5, 33730.0], [89362.0, 113000.0], [89359.5, 25000.0], [89358.0, 48000.0]], "asks": [[89400.0, 266350.0], [89400.5, 10000.0], [89401.0, 32880.0], [89401.5, 43800.0], [89404.0, 26000.0], [89404.5, 43800.0], [89405.0, 50.0], [89406.0, 510.0], [89406.5, 11990.0], [89407.5, 40000.0], [89409.0, 170.0], [89416.0, 55100.0], [89416.5, 5000.0], [89417.0, 92160.0], [89417.5, 45000.0], [89420.0, 50.0], [89422.0, 22880.0], [89422.5, 61620.0], [89423.0, 2260.0], [89424.0, 32010.0]]}}}
{"jsonrpc": "2.0", "method": "subscription", "params": {"channel": "book.BTC-PERPETUAL.none.20.100ms", "data": {"timestamp": 1769615005719, "change_id": 137217672169, "instrument_name": "BTC-PERPETUAL", "bids": [[89399.5, 54640.0], [89391.0, 90.0], [89386.5, 20000.0], [89386.0, 10.0], [89378.5, 50900.0], [89378.0, 10070.0], [89377.5, 22000.0], [89377.0, 27400.0], [89375.5, 9240.0], [89374.5, 18760.0], [89372.5, 61590.0], [89370.5, 6340.0], [89370.0, 3840.0], [89368.0, 12860.0], [89365.5, 490.0], [89365.0, 2200.0], [89364.5, 7370.0], [89360.0, 2880.0], [89358.0, 48000.0], [89355.5, 29410.0]], "asks": [[89400.0, 305140.0], [89400.5, 53800.0], [89401.0, 13240.0], [89404.5, 43800.0], [89405.0, 50.0], [89406.0, 510.0], [89406.5, 11990.0], [89407.5, 40000.0], [89409.0, 170.0], [89415.5, 5000.0], [89416.0, 33130.0], [89417.0, 92160.0], [89417.5, 45000.0], [89420.0, 50.0], [89421.0, 22880.0], [89421.5, 61620.0], [89422.5, 21010.0], [89423.0, 2260.0], [89424.0, 32010.0], [89425.0, 56370.0]]}}}
{"jsonrpc": "2.0", "method": "subscription", "params": {"channel": "book.BTC-PERPETUAL.none.20.100ms", "data": {"timestamp": 1769615006050, "change_id": 137217672950, "instrument_name": "BTC-PERPETUAL", "bids": [[89391.0, 90.0], [89386.0, 10.0], [89381.5, 20000.0], [89381.0, 50000.0], [89379.5, 11000.0], [89378.5, 900.0], [89378.0, 10070.0], [89377.5, 20240.0], [89377.0, 27400.0], [89374.5, 18760.0], [89371.0, 61590.0], [89370.5, 6340.0], [89370.0, 11250.0], [89368.5, 26480.0], [89368.0, 12860.0], [89366.5, 7370.0], [89360.0, 2880.0], [89358.5, 14330.0], [89358.0, 48000.0], [89356.0, 25000.0]], "asks": [[89391.5, 266550.0], [89394.5, 40000.0], [89399.5, 88840.0], [89400.0, 127580.0], [89405.0, 50.0], [89406.0, 510.0], [89406.5, 23890.0], [89407.0, 45000.0], [89407.5, 40000.0], [89409.0, 170.0], [89414.5, 1490.0], [89415.0, 5000.0], [89415.5, 66450.0], [89416.0, 42910.0], [89416.5, 12700.0], [89417.0, 153780.0], [89420.0, 50.0], [89421.0, 33690.0], [89422.5, 21010.0], [89423.0, 7260.0]]}}}
{"jsonrpc": "2.0", "method": "subscription", "params": {"channel": "book.BTC-PERPETUAL.none.20.100ms", "data": {"timestamp": 1769615006372, "change_id": 137217673688, "instrument_name": "BTC-PERPETUAL", "bids": [[89391.0, 90.0], [89386.0, 10.0], [89382.0, 11000.0], [89381.5, 31000.0], [89380.5, 50000.0], [89380.0, 9240.0], [89378.5, 900.0], [89377.5, 26560.0], [89377.0, 27400.0], [89375.0, 61590.0], [89374.5, 9650.0], [89370.5, 32330.0], [89370.0, 5690.0], [89368.5, 490.0], [89368.0, 12860.0], [89366.5, 7370.0], [89363.5, 3790.0], [89363.0, 12700.0], [89360.0, 2880.0], [89358.5, 14330.0]], "asks": [[89391.5, 267050.0], [89394.5, 40000.0], [89399.0, 33190.0], [89399.5, 43800.0], [89400.0, 44880.0], [89402.0, 14500.0], [89402.5, 48000.0], [89405.0, 50.0], [89406.0, 510.0], [89406.5, 23890.0], [89407.0, 45000.0], [89407.5, 40000.0], [89409.0, 170.0], [89412.5, 4250.0], [89413.0, 5000.0], [89415.0, 9240.0], [89415.5, 66450.0], [89416.0, 42910.0], [89416.5, 12700.0], [89417.0, 82920.0]]}}}
{"jsonrpc": "2.0", "method": "subscription", "params": {"channel": "book.BTC-PERPETUAL.none.20.100ms", "data": {"timestamp": 1769615006711, "change_id": 137217674159, "instrument_name": "BTC-PERPETUAL", "bids": [[89391.0, 90.0], [89386.0, 10.0], [89383.0, 11000.0], [89382.5, 9240.0], [89382.0, 11000.0], [89379.0, 20000.0], [89378.5, 900.0], [89377.5, 76560.0], [89377.0, 27400.0], [89375.0, 61590.0], [89374.5, 9650.0], [89370.5, 32330.0], [89370.0, 5650.0], [89369.5, 7290.0], [89368.0, 12860.0], [89364.0, 490.0], [89363.5, 3790.0], [89363.0, 12700.0], [89360.0, 27880.0], [89358.5, 14330.0]], "asks": [[89391.5, 267050.0], [89394.0, 39200.0], [89394.5, 40000.0], [89399.0, 33190.0], [89399.5, 54800.0], [89400.0, 45020.0], [89402.0, 14500.0], [89402.5, 11000.0], [89405.0, 50.0], [89406.0, 26510.0], [89406.5, 23890.0], [89407.0, 45000.0], [89407.5, 40000.0], [89408.5, 5000.0], [89409.0, 170.0], [89410.5, 2760.0], [89415.0, 9240.0], [89415.5, 66450.0], [89416.0, 42910.0], [89416.5, 12700.0]]}}}
{"jsonrpc": "2.0", "method": "subscription", "params": {"channel": "book.BTC-PERPETUAL.none.20.100ms", "data": {"timestamp": 1769615007044, "change_id": 137217674587, "instrument_name": "BTC-PERPETUAL", "bids": [[89391.0, 90.0], [89381.0, 10000.0], [89380.0, 11000.0], [89379.5, 11000.0], [89379.0, 29240.0], [89378.5, 900.0], [89377.5, 76560.0], [89377.0, 27400.0], [89375.0, 61590.0], [89374.5, 9650.0], [89370.5, 32330.0], [89370.0, 5650.0], [89369.5, 7290.0], [89368.0, 12860.0], [89364.0, 490.0], [89363.5, 3790.0], [89363.0, 12700.0], [89360.0, 2880.0], [89359.5, 25000.0], [89358.5, 14330.0]], "asks": [[89391.5, 270050.0], [89394.0, 39200.0], [89394.5, 40000.0], [89399.0, 33190.0], [89399.5, 65800.0], [89400.0, 44980.0], [89401.5, 7930.0], [89402.0, 26000.0], [89405.0, 50.0], [89406.0, 510.0], [89406.5, 23890.0], [89407.0, 45000.0], [89407.5, 40000.0], [89408.5, 5000.0], [89409.0, 170.0], [89410.5, 2760.0], [89415.0, 9240.0], [89415.5, 66450.0], [89416.0, 42910.0], [89416.5, 12700.0]]}}}
{"jsonrpc": "2.0", "method": "subscription", "params": {"channel": "book.BTC-PERPETUAL.none.20.100ms", "data": {"timestamp": 1769615007373, "change_id": 137217674794, "instrument_name": "BTC-PERPETUAL", "bids": [[89391.0, 90.0], [89382.0, 11000.0], [89379.5, 20240.0], [89379.0, 20000.0], [89378.5, 900.0], [89378.0, 50000.0], [89377.5, 26560.0], [89377.0, 27400.0], [89375.0, 61590.0], [89374.5, 9650.0], [89370.5, 32330.0], [89370.0, 5650.0], [89369.5, 7290.0], [89368.0, 12860.0], [89364.0, 490.0], [89363.5, 3790.0], [89363.0, 12700.0], [89360.0, 2880.0], [89359.5, 25000.0], [89358.5, 14330.0]], "asks": [[89391.5, 270050.0], [89393.5, 23640.0], [89394.0, 39200.0], [89394.5, 40000.0], [89399.0, 33190.0], [89399.5, 54800.0], [89400.0, 44880.0], [89400.5, 11000.0], [89401.0, 26000.0], [89405.0, 50.0], [89406.0, 510.0], [89406.5, 23890.0], [89407.0, 45000.0], [89407.5, 40000.0], [89408.5, 5000.0], [89409.0, 170.0], [89410.5, 2760.0], [89415.0, 9240.0], [89415.5, 66450.0], [89416.0, 42910.0]]}}}
{"jsonrpc": "2.0", "method": "subscription", "params": {"channel": "book.BTC-PERPETUAL.none.20.100ms", "data": {"timestamp": 1769615007701, "change_id": 137217675181, "instrument_name": "BTC-PERPETUAL", "bids": [[89391.0, 90.0], [89382.0, 9240.0], [89380.5, 22000.0], [89379.5, 20000.0], [89378.5, 900.0], [89378.0, 50000.0], [89377.5, 26560.0], [89377.0, 27400.0], [89375.0, 61590.0], [89374.5, 9650.0], [89370.5, 32330.0], [89370.0, 5650.0], [89369.5, 7290.0], [89368.0, 12860.0], [89364.0, 490.0], [89363.5, 3790.0], [89363.0, 12700.0], [89360.0, 2880.0], [89359.5, 25000.0], [89358.5, 14330.0]], "asks": [[89391.5, 226250.0], [89393.0, 27000.0], [89393.5, 23640.0], [89394.0, 39200.0], [89394.5, 40000.0], [89399.0, 44190.0], [89399.5, 43800.0], [89400.0, 44880.0], [89405.0, 11050.0], [89405.5, 7910.0], [89406.0, 26510.0], [89406.5, 23890.0], [89407.0, 45000.0], [89407.5, 40000.0], [89409.0, 170.0], [89410.0, 5000.0], [89410.5, 2760.0], [89415.0, 9240.0], [89415.5, 66450.0], [89416.0, 42910.0]]}}}
{"jsonrpc": "2.0", "method": "subscription", "params": {"channel": "book.BTC-PERPETUAL.none.20.100ms", "data": {"timestamp": 1769615008037, "change_id": 137217676011, "instrument_name": "BTC-PERPETUAL", "bids": [[89391.0, 2590.0], [89384.0, 3280.0], [89383.5, 61000.0], [89383.0, 27400.0], [89381.5, 23410.0], [89381.0, 20240.0], [89380.0, 25990.0], [89379.5, 20000.0], [89378.5, 19430.0], [89375.5, 500.0], [89375.0, 61590.0], [89372.5, 2320.0], [89372.0, 7290.0], [89371.0, 2880.0], [89370.0, 3980.0], [89368.0, 12860.0], [89363.0, 12700.0], [89361.5, 6350.0], [89359.0, 25000.0], [89358.5, 14330.0]], "asks": [[89391.5, 204670.0], [89392.5, 19760.0], [89393.0, 27000.0], [89394.0, 39200.0], [89398.5, 500.0], [89399.0, 33190.0], [89399.5, 61800.0], [89400.0, 44880.0], [89404.5, 3450.0], [89405.0, 11050.0], [89406.0, 510.0], [89406.5, 28140.0], [89407.0, 45000.0], [89407.5, 40000.0], [89409.0, 170.0], [89409.5, 11000.0], [89414.5, 26000.0], [89415.5, 12700.0], [89416.5, 12700.0], [89420.0, 50.0]]}}}
{"jsonrpc": "2.0", "method": "subscription", "params": {"channel": "book.BTC-PERPETUAL.none.20.100ms", "data": {"timestamp": 1769615008364, "change_id": 137217676496, "instrument_name": "BTC-PERPETUAL", "bids": [[89391.0, 118680.0], [89390.5, 10000.0], [89388.0, 9330.0], [89387.5, 20240.0], [89384.0, 11000.0], [89383.5, 30230.0], [89380.5, 62090.0], [89379.5, 20000.0], [89379.0, 25990.0], [89378.5, 900.0], [89372.5, 2320.0], [89372.0, 7290.0], [89371.0, 2880.0], [89370.0, 3980.0], [89368.0, 12860.0], [89366.0, 6360.0], [89365.5, 3000.0], [89363.0, 12700.0], [89360.5, 25000.0], [89358.5, 14330.0]], "asks": [[89391.5, 204670.0], [89398.5, 500.0], [89399.0, 18770.0], [89399.5, 18000.0], [89400.0, 44880.0], [89404.5, 3450.0], [89405.0, 11050.0], [89406.0, 510.0], [89406.5, 11990.0], [89407.0, 45000.0], [89408.5, 11000.0], [89409.0, 170.0], [89412.5, 19700.0], [89413.0, 40000.0], [89415.0, 26000.0], [89415.5, 12700.0], [89416.5, 12700.0], [89420.0, 50.0], [89422.0, 40000.0], [89422.5, 9240.0]]}}}
{"jsonrpc": "2.0", "method": "subscription", "params": {"channel": "book.BTC-PERPETUAL.none.20.100ms", "data": {"timestamp": 1769615008688, "change_id": 137217677107, "instrument_name": "BTC-PERPETUAL", "bids": [[89391.0, 112480.0], [89390.5, 10000.0], [89389.0, 50000.0], [89388.5, 43800.0], [89387.5, 5620.0], [89387.0, 20240.0], [89382.0, 11000.0], [89381.5, 30360.0], [89381.0, 61590.0], [89379.5, 20000.0], [89379.0, 25990.0], [89378.5, 900.0], [89377.0, 500.0], [89376.5, 2180.0], [89376.0, 7290.0], [89371.0, 2880.0], [89370.0, 3980.0], [89368.0, 12860.0], [89366.0, 6360.0], [89363.0, 12700.0]], "asks": [[89391.5, 198490.0], [89398.5, 500.0], [89399.0, 18770.0], [89399.5, 18000.0], [89400.0, 44880.0], [89404.5, 3450.0], [89405.0, 11050.0], [89406.0, 510.0], [89409.0, 170.0], [89411.0, 11000.0], [89411.5, 19700.0], [89412.0, 26000.0], [89413.0, 40000.0], [89415.5, 12700.0], [89416.5, 12700.0], [89417.5, 45000.0], [89420.0, 50.0], [89421.0, 9240.0], [89421.5, 5000.0], [89422.0, 40000.0]]}}}
{"jsonrpc": "2.0", "method": "subscription", "params": {"channel": "book.BTC-PERPETUAL.none.20.100ms", "data": {"timestamp": 1769615009005, "change_id": 137217677666, "instrument_name": "BTC-PERPETUAL", "bids": [[89391.0, 112480.0], [89390.5, 10000.0], [89389.5, 11000.0], [89389.0, 50000.0], [89388.5, 43800.0], [89388.0, 9240.0], [89382.0, 11000.0], [89381.5, 30360.0], [89381.0, 61590.0], [89380.5, 25990.0], [89380.0, 20000.0], [89379.0, 3290.0], [89378.5, 900.0], [89378.0, 7290.0], [89377.0, 3380.0], [89374.5, 13660.0], [89374.0, 42890.0], [89370.0, 3980.0], [89368.0, 12860.0], [89366.0, 6360.0]], "asks": [[89391.5, 198300.0], [89398.5, 500.0], [89399.0, 18770.0], [89399.5, 18000.0], [89400.0, 34980.0], [89404.5, 3450.0], [89405.0, 11050.0], [89406.0, 510.0], [89409.0, 170.0], [89411.0, 11000.0], [89411.5, 19700.0], [89412.0, 26000.0], [89413.0, 40000.0], [89415.5, 12700.0], [89416.5, 12700.0], [89417.5, 45000.0], [89420.0, 50.0], [89420.5, 5000.0], [89422.0, 40000.0], [89423.5, 9240.0]]}}}
{"jsonrpc": "2.0", "method": "subscription", "params": {"channel": "book.BTC-PERPETUAL.none.20.100ms", "data": {"timestamp": 1769615009348, "change_id": 137217678521, "instrument_name": "BTC-PERPETUAL", "bids": [[89392.0, 212910.0], [89391.5, 84010.0], [89391.0, 194840.0], [89389.5, 500.0], [89388.5, 43800.0], [89383.0, 18170.0], [89382.5, 25990.0], [89380.5, 20000.0], [89378.5, 900.0], [89374.5, 19410.0], [89374.0, 42890.0], [89373.0, 4970.0], [89371.0, 25000.0], [89370.0, 3980.0], [89368.0, 57860.0], [89366.5, 12340.0], [89366.0, 6360.0], [89365.5, 3000.0], [89363.5, 20990.0], [89363.0, 12700.0]], "asks": [[89392.5, 33750.0], [89395.0, 10000.0], [89397.5, 2880.0], [89399.0, 10440.0], [89400.0, 34980.0], [89400.5, 7110.0], [89405.0, 50.0], [89405.5, 5530.0], [89406.0, 18510.0], [89409.0, 170.0], [89410.0, 3280.0], [89410.5, 11500.0], [89415.5, 33210.0], [89416.0, 11000.0], [89416.5, 12700.0], [89417.5, 45000.0], [89420.0, 50.0], [89421.5, 26000.0], [89422.0, 40000.0], [89424.0, 12760.0]]}}}
{"jsonrpc": "2.0", "method": "subscription", "params": {"channel": "book.BTC-PERPETUAL.none.20.100ms", "data": {"timestamp": 1769615009690, "change_id": 137217679126, "instrument_name": "BTC-PERPETUAL", "bids": [[89392.0, 348450.0], [89391.5, 43800.0], [89391.0, 3250.0], [89388.5, 7910.0], [89388.0, 26490.0], [89387.5, 2180.0], [89387.0, 7290.0], [89383.0, 8850.0], [89380.5, 20000.0], [89378.5, 900.0], [89375.5, 12810.0], [89375.0, 42900.0], [89374.5, 19410.0], [89374.0, 47860.0], [89371.0, 25000.0], [89370.0, 3980.0], [89368.0, 57860.0], [89366.5, 12340.0], [89366.0, 6360.0], [89365.5, 3000.0]], "asks": [[89392.5, 33750.0], [89393.0, 10000.0], [89396.0, 22000.0], [89396.5, 7110.0], [89397.5, 2880.0], [89399.0, 10440.0], [89400.0, 34980.0], [89405.0, 50.0], [89405.5, 5530.0], [89406.0, 18510.0], [89409.0, 170.0], [89409.5, 500.0], [89414.5, 3280.0], [89415.0, 11000.0], [89415.5, 33210.0], [89416.5, 12700.0], [89417.5, 45000.0], [89420.0, 50.0], [89421.0, 11000.0], [89422.0, 40000.0]]}}}
{"jsonrpc": "2.0", "method": "subscription", "params": {"channel": "book.BTC-PERPETUAL.none.20.100ms", "data": {"timestamp": 1769615010011, "change_id": 137217679896, "instrument_name": "BTC-PERPETUAL", "bids": [[89392.0, 377600.0], [89391.5, 44300.0], [89391.0, 7380.0], [89389.5, 1010.0], [89389.0, 2880.0], [89387.5, 7870.0], [89384.0, 20000.0], [89378.5, 900.0], [89375.5, 15810.0], [89375.0, 42900.0], [89374.5, 19410.0], [89374.0, 47860.0], [89371.0, 25000.0], [89370.0, 64370.0], [89369.0, 119810.0], [89368.5, 20990.0], [89368.0, 57860.0], [89366.5, 12340.0], [89366.0, 6360.0], [89363.0, 12700.0]], "asks": [[89392.5, 470.0], [89394.0, 30000.0], [89400.0, 34980.0], [89402.5, 5170.0], [89403.0, 7110.0], [89405.0, 50.0], [89406.0, 510.0], [89409.0, 170.0], [89412.0, 5520.0], [89412.5, 18000.0], [89414.0, 500.0], [89415.5, 33210.0], [89416.5, 23700.0], [89417.5, 45000.0], [89420.0, 50.0], [89421.5, 30030.0], [89422.0, 40000.0], [89424.0, 12760.0], [89424.5, 26000.0], [89425.0, 43610.0]]}}}
{"jsonrpc": "2.0", "method": "subscription", "params": {"channel": "book.BTC-PERPETUAL.none.20.100ms", "data": {"timestamp": 1769615010348, "change_id": 137217680295, "instrument_name": "BTC-PERPETUAL", "bids": [[89392.0, 377520.0], [89391.5, 43800.0], [89391.0, 90.0], [89389.5, 2330.0], [89389.0, 7290.0], [89388.0, 500.0], [89387.5, 7870.0], [89384.0, 22880.0], [89378.5, 900.0], [89375.5, 12810.0], [89375.0, 42900.0], [89374.5, 19410.0], [89374.0, 47860.0], [89371.0, 25000.0], [89370.5, 3000.0], [89370.0, 64370.0], [89369.0, 119810.0], [89368.5, 20990.0], [89368.0, 57860.0], [89366.5, 12340.0]], "asks": [[89392.5, 470.0], [89397.0, 2880.0], [89398.5, 7110.0], [89399.5, 12560.0], [89400.0, 34980.0], [89405.0, 50.0], [89406.0, 510.0], [89407.0, 5420.0], [89407.5, 18000.0], [89409.0, 170.0], [89411.5, 500.0], [89415.5, 33210.0], [89416.0, 11000.0], [89416.5, 12700.0], [89417.5, 45000.0], [89420.0, 50.0], [89421.5, 56030.0], [89422.0, 40000.0], [89424.0, 12760.0], [89425.0, 43610.0]]}}}
{"jsonrpc": "2.0", "method": "subscription", "params": {"channel": "book.BTC-PERPETUAL.none.20.100ms", "data": {"timestamp": 1769615010662, "change_id": 137217680598, "instrument_name": "BTC-PERPETUAL", "bids": [[89392.0, 377520.0], [89391.5, 43800.0], [89391.0, 90.0], [89389.5, 2330.0], [89389.0, 7290.0], [89387.5, 7870.0], [89384.5, 500.0], [89384.0, 22880.0], [89378.5, 900.0], [89375.5, 12810.0], [89375.0, 42900.0], [89374.5, 19410.0], [89374.0, 47860.0], [89371.0, 25000.0], [89370.5, 3000.0], [89370.0, 64370.0], [89369.0, 119810.0], [89368.5, 20990.0], [89368.0, 57860.0], [89366.5, 12340.0]], "asks": [[89392.5, 470.0], [89396.5, 10900.0], [89397.0, 2880.0], [89398.5, 7110.0], [89399.5, 10440.0], [89400.0, 34980.0], [89405.0, 50.0], [89406.0, 510.0], [89406.5, 500.0], [89407.0, 5420.0], [89407.5, 18000.0], [89409.0, 170.0], [89415.5, 44210.0], [89416.5, 12700.0], [89417.5, 45000.0], [89420.0, 50.0], [89421.5, 30030.0], [89422.0, 40000.0], [89423.5, 26000.0], [89424.0, 12760.0]]}}}
{"jsonrpc": "2.0", "method": "subscription", "params": {"channel": "book.BTC-PERPETUAL.none.20.100ms", "data": {"timestamp": 1769615011010, "change_id": 137217681269, "instrument_name": "BTC-PERPETUAL", "bids": [[89392.0, 377600.0], [89391.5, 43800.0], [89391.0, 90.0], [89389.5, 2330.0], [89389.0, 7290.0], [89388.0, 6830.0], [89387.5, 20000.0], [89384.5, 500.0], [89384.0, 2880.0], [89378.5, 900.0], [89375.5, 12810.0], [89375.0, 42900.0], [89374.5, 19410.0], [89374.0, 47860.0], [89371.0, 25000.0], [89370.5, 3000.0], [89370.0, 64370.0], [89369.0, 119810.0], [89368.5, 20990.0], [89368.0, 57860.0]], "asks": [[89392.5, 470.0], [89394.0, 10000.0], [89396.5, 7110.0], [89397.0, 2880.0], [89399.5, 10440.0], [89400.0, 34980.0], [89405.0, 50.0], [89406.0, 510.0], [89406.5, 500.0], [89407.0, 5420.0], [89407.5, 18000.0], [89409.0, 170.0], [89415.5, 33210.0], [89416.0, 11000.0], [89416.5, 12700.0], [89417.5, 45000.0], [89420.0, 50.0], [89421.5, 30030.0], [89422.0, 40000.0], [89423.5, 26000.0]]}}}
{"jsonrpc": "2.0", "method": "subscription", "params": {"channel": "book.BTC-PERPETUAL.none.20.100ms", "data": {"timestamp": 1769615011311, "change_id": 137217681486, "instrument_name": "BTC-PERPETUAL", "bids": [[89392.0, 377600.0], [89391.5, 43800.0], [89391.0, 90.0], [89389.5, 2330.0], [89389.0, 7290.0], [89388.0, 6830.0], [89387.5, 20000.0], [89384.5, 500.0], [89384.0, 2880.0], [89378.5, 900.0], [89375.5, 12810.0], [89375.0, 42900.0], [89374.5, 19410.0], [89374.0, 47860.0], [89371.0, 25000.0], [89370.5, 3000.0], [89370.0, 64370.0], [89369.0, 119810.0], [89368.5, 20990.0], [89368.0, 57860.0]], "asks": [[89392.5, 470.0], [89394.0, 10000.0], [89396.5, 7110.0], [89397.0, 2880.0], [89399.5, 10440.0], [89400.0, 34980.0], [89405.0, 50.0], [89406.0, 510.0], [89406.5, 500.0], [89407.0, 5420.0], [89407.5, 18000.0], [89409.0, 170.0], [89415.5, 33210.0], [89416.0, 11000.0], [89416.5, 12700.0], [89417.5, 45000.0], [89420.0, 50.0], [89421.5, 30030.0], [89422.0, 40000.0], [89423.5, 26000.0]]}}}
{"jsonrpc": "2.0", "method": "subscription", "params": {"channel": "book.BTC-PERPETUAL.none.20.100ms", "data": {"timestamp": 1769615011651, "change_id": 137217681762, "instrument_name": "BTC-PERPETUAL", "bids": [[89392.0, 334700.0], [89391.5, 43800.0], [89391.0, 90.0], [89389.5, 7850.0], [89389.0, 7290.0], [89388.0, 20000.0], [89384.5, 500.0], [89384.0, 2880.0], [89378.5, 900.0], [89375.5, 12810.0], [89375.0, 42900.0], [89374.5, 19410.0], [89374.0, 47860.0], [89371.0, 25000.0], [89370.5, 3000.0], [89370.0, 64370.0], [89369.0, 119810.0], [89368.5, 20990.0], [89368.0, 57860.0], [89366.5, 12340.0]], "asks": [[89392.5, 35120.0], [89394.0, 10000.0], [89396.5, 7110.0], [89397.0, 2880.0], [89399.5, 10440.0], [89400.0, 34980.0], [89405.0, 50.0], [89406.0, 510.0], [89406.5, 500.0], [89407.0, 5420.0], [89407.5, 18000.0], [89409.0, 170.0], [89415.5, 33210.0], [89416.0, 11000.0], [89416.5, 12700.0], [89417.5, 45000.0], [89420.0, 50.0], [89421.5, 30030.0], [89422.0, 40000.0], [89423.5, 26000.0]]}}}
{"jsonrpc": "2.0", "method": "subscription", "params": {"channel": "book.BTC-PERPETUAL.none.20.100ms", "data": {"timestamp": 1769615011987, "change_id": 137217682402, "instrument_name": "BTC-PERPETUAL", "bids": [[89392.0, 334770.0], [89391.5, 43800.0], [89391.0, 90.0], [89389.5, 7850.0], [89389.0, 27290.0], [89384.5, 500.0], [89384.0, 2880.0], [89378.5, 900.0], [89375.5, 12810.0], [89375.0, 42900.0], [89374.5, 19410.0], [89374.0, 47860.0], [89371.0, 25000.0], [89370.5, 3000.0], [89370.0, 64370.0], [89369.0, 119810.0], [89368.5, 20990.0], [89368.0, 57860.0], [89366.5, 12340.0], [89366.0, 6360.0]], "asks": [[89392.5, 35120.0], [89393.0, 10000.0], [89396.5, 7110.0], [89397.0, 2880.0], [89399.5, 10440.0], [89400.0, 34980.0], [89405.0, 50.0], [89406.0, 510.0], [89406.5, 500.0], [89407.0, 5420.0], [89407.5, 18000.0], [89409.0, 170.0], [89415.5, 33210.0], [89416.0, 11000.0], [89416.5, 12700.0], [89417.5, 45000.0], [89420.0, 50.0], [89421.5, 30030.0], [89422.0, 40000.0], [89423.5, 26000.0]]}}}
{"jsonrpc": "2.0", "method": "subscription", "params": {"channel": "book.BTC-PERPETUAL.none.20.100ms", "data": {"timestamp": 1769615012338, "change_id": 137217682876, "instrument_name": "BTC-PERPETUAL", "bids": [[89392.0, 211150.0], [89391.5, 43800.0], [89391.0, 90.0], [89390.5, 9240.0], [89389.5, 5970.0], [89389.0, 20000.0], [89385.0, 18530.0], [89384.5, 62090.0], [89383.5, 9660.0], [89383.0, 7290.0], [89379.0, 25990.0], [89378.5, 900.0], [89377.5, 2880.0], [89375.5, 12810.0], [89375.0, 42900.0], [89374.5, 19410.0], [89374.0, 47860.0], [89371.0, 25000.0], [89370.0, 64370.0], [89369.0, 119810.0]], "asks": [[89392.5, 118740.0], [89393.0, 10000.0], [89397.0, 2880.0], [89397.5, 15810.0], [89398.0, 18000.0], [89400.0, 34980.0], [89405.0, 50.0], [89405.5, 500.0], [89406.0, 510.0], [89409.0, 170.0], [89415.5, 33210.0], [89416.0, 48000.0], [89416.5, 12700.0], [89417.5, 45000.0], [89420.0, 50.0], [89421.5, 19030.0], [89422.0, 40000.0], [89423.5, 9240.0], [89424.0, 12760.0], [89425.0, 43610.0]]}}}
{"jsonrpc": "2.0", "method": "subscription", "params": {"channel": "book.BTC-PERPETUAL.none.20.100ms", "data": {"timestamp": 1769615012663, "change_id": 137217683261, "instrument_name": "BTC-PERPETUAL", "bids": [[89392.0, 236890.0], [89391.5, 43800.0], [89391.0, 90.0], [89389.5, 40570.0], [89389.0, 20000.0], [89387.5, 61590.0], [89387.0, 15020.0], [89386.5, 27400.0], [89386.0, 25990.0], [89385.0, 500.0], [89379.5, 2180.0], [89379.0, 7290.0], [89378.5, 900.0], [89377.5, 2880.0], [89375.5, 12810.0], [89375.0, 42900.0], [89374.5, 19410.0], [89374.0, 47860.0], [89371.0, 25000.0], [89370.0, 64370.0]], "asks": [[89392.5, 128830.0], [89393.0, 10000.0], [89396.5, 10770.0], [89397.0, 36080.0], [89397.5, 10440.0], [89400.0, 34980.0], [89405.0, 50.0], [89405.5, 500.0], [89406.0, 510.0], [89409.0, 170.0], [89412.5, 22940.0], [89413.0, 40000.0], [89415.5, 33210.0], [89416.0, 37000.0], [89416.5, 12700.0], [89417.5, 45000.0], [89420.0, 50.0], [89421.5, 19030.0], [89422.0, 40000.0], [89424.0, 12760.0]]}}}
{"jsonrpc": "2.0", "method": "subscription", "params": {"channel": "book.BTC-PERPETUAL.none.20.100ms", "data": {"timestamp": 1769615012994, "change_id": 137217683857, "instrument_name": "BTC-PERPETUAL", "bids": [[89392.0, 236790.0], [89391.5, 43800.0], [89391.0, 90.0], [89389.5, 40570.0], [89388.0, 20000.0], [89387.5, 61590.0], [89387.0, 8330.0], [89386.5, 27400.0], [89381.0, 7790.0], [89380.5, 9930.0], [89380.0, 25990.0], [89378.5, 900.0], [89377.5, 2880.0], [89375.5, 12810.0], [89375.0, 42900.0], [89374.5, 19410.0], [89374.0, 47860.0], [89371.0, 25000.0], [89370.0, 64370.0], [89369.0, 119810.0]], "asks": [[89392.5, 128830.0], [89393.0, 10000.0], [89396.5, 10770.0], [89397.0, 36080.0], [89397.5, 10440.0], [89400.0, 34980.0], [89405.0, 50.0], [89405.5, 500.0], [89406.0, 510.0], [89409.0, 170.0], [89412.0, 18510.0], [89412.5, 11000.0], [89413.0, 40000.0], [89415.0, 11000.0], [89415.5, 33210.0], [89416.0, 26000.0], [89416.5, 12700.0], [89417.5, 45000.0], [89420.0, 178930.0], [89421.5, 19030.0]]}}}
{"jsonrpc": "2.0", "method": "subscription", "params": {"channel": "book.BTC-PERPETUAL.none.20.100ms", "data": {"timestamp": 1769615013327, "change_id": 137217684132, "instrument_name": "BTC-PERPETUAL", "bids": [[89392.0, 325780.0], [89391.5, 43800.0], [89391.0, 90.0], [89390.0, 16300.0], [89389.5, 34600.0], [89388.0, 27590.0], [89387.0, 25990.0], [89383.5, 7290.0], [89381.5, 500.0], [89378.5, 900.0], [89377.5, 2880.0], [89375.5, 12810.0], [89375.0, 42900.0], [89374.5, 19410.0], [89374.0, 47860.0], [89371.0, 25000.0], [89370.0, 64370.0], [89369.0, 119810.0], [89368.0, 57860.0], [89366.5, 12340.0]], "asks": [[89392.5, 100980.0], [89393.0, 10000.0], [89396.5, 10770.0], [89397.0, 51890.0], [89397.5, 18000.0], [89400.0, 34980.0], [89405.0, 50.0], [89405.5, 500.0], [89406.0, 510.0], [89409.0, 170.0], [89412.0, 18510.0], [89412.5, 11000.0], [89413.0, 40000.0], [89415.5, 33210.0], [89416.0, 11000.0], [89416.5, 12700.0], [89417.5, 45000.0], [89419.0, 26000.0], [89419.5, 69160.0], [89420.0, 178930.0]]}}}
{"jsonrpc": "2.0", "method": "subscription", "params": {"channel": "book.BTC-PERPETUAL.none.20.100ms", "data": {"timestamp": 1769615013655, "change_id": 137217684604, "instrument_name": "BTC-PERPETUAL", "bids": [[89392.0, 355110.0], [89391.5, 43800.0], [89391.0, 18770.0], [89390.5, 40900.0], [89388.0, 22330.0], [89386.0, 7290.0], [89378.5, 900.0], [89377.5, 2880.0], [89375.5, 15810.0], [89375.0, 42900.0], [89374.5, 19410.0], [89374.0, 72860.0], [89370.5, 20990.0], [89370.0, 64370.0], [89369.0, 119810.0], [89368.0, 57860.0], [89366.5, 12340.0], [89366.0, 6360.0], [89364.5, 1900.0], [89363.0, 12700.0]], "asks": [[89392.5, 1370.0], [89395.0, 7110.0], [89397.0, 2880.0], [89400.0, 34980.0], [89405.0, 50.0], [89406.0, 510.0], [89408.5, 5420.0], [89409.0, 18170.0], [89411.5, 500.0], [89412.0, 11940.0], [89413.0, 40000.0], [89414.5, 11000.0], [89415.0, 7580.0], [89415.5, 12700.0], [89416.5, 12700.0], [89419.5, 69160.0], [89420.0, 178930.0], [89421.5, 11000.0], [89422.0, 40000.0], [89423.5, 26000.0]]}}}
{"jsonrpc": "2.0", "method": "subscription", "params": {"channel": "book.BTC-PERPETUAL.none.20.100ms", "data": {"timestamp": 1769615013987, "change_id": 137217685710, "instrument_name": "BTC-PERPETUAL", "bids": [[89392.0, 413430.0], [89391.5, 43800.0], [89391.0, 18270.0], [89390.5, 40900.0], [89389.5, 20000.0], [89378.5, 28030.0], [89378.0, 45000.0], [89377.0, 25000.0], [89375.5, 3000.0], [89375.0, 42900.0], [89374.5, 34650.0], [89374.0, 47860.0], [89370.0, 3980.0], [89369.0, 119810.0], [89368.0, 15010.0], [89366.5, 12340.0], [89366.0, 6360.0], [89364.5, 1900.0], [89364.0, 2250.0], [89363.0, 12700.0]], "asks": [[89392.5, 1370.0], [89400.0, 34980.0], [89403.0, 7110.0], [89405.0, 50.0], [89406.0, 510.0], [89409.0, 170.0], [89413.5, 2880.0], [89414.0, 5370.0], [89414.5, 18000.0], [89415.0, 3940.0], [89416.5, 12700.0], [89419.0, 500.0], [89419.5, 69160.0], [89420.0, 178930.0], [89423.5, 11000.0], [89424.0, 12760.0], [89424.5, 39330.0], [89425.0, 43610.0], [89426.0, 40000.0], [89427.5, 45000.0]]}}}
{"jsonrpc": "2.0", "method": "subscription", "params": {"channel": "book.BTC-PERPETUAL.none.20.100ms", "data": {"timestamp": 1769615014320, "change_id": 137217686909, "instrument_name": "BTC-PERPETUAL", "bids": [[89399.5, 345790.0], [89398.5, 2880.0], [89397.5, 26150.0], [89396.5, 43800.0], [89392.5, 85460.0], [89392.0, 60390.0], [89391.5, 43800.0], [89391.0, 90.0], [89389.5, 20000.0], [89385.5, 7460.0], [89385.0, 25000.0], [89380.5, 3000.0], [89378.5, 20600.0], [89378.0, 45000.0], [89376.0, 33700.0], [89374.5, 7830.0], [89374.0, 4970.0], [89370.0, 45320.0], [89369.0, 119810.0], [89368.0, 15010.0]], "asks": [[89400.0, 37980.0], [89405.0, 50.0], [89406.0, 510.0], [89409.0, 170.0], [89409.5, 7110.0], [89413.5, 2880.0], [89419.5, 69160.0], [89420.0, 178930.0], [89421.5, 500.0], [89422.0, 18000.0], [89423.5, 11000.0], [89424.0, 12760.0], [89424.5, 27640.0], [89425.0, 56310.0], [89427.5, 45000.0], [89428.5, 4000.0], [89431.5, 22620.0], [89432.0, 26000.0], [89432.5, 12850.0], [89435.0, 40000.0]]}}}
{"jsonrpc": "2.0", "method": "subscription", "params": {"channel": "book.BTC-PERPETUAL.none.20.100ms", "data": {"timestamp": 1769615014654, "change_id": 137217687329, "instrument_name": "BTC-PERPETUAL", "bids": [[89399.5, 345910.0], [89399.0, 490.0], [89398.5, 29030.0], [89398.0, 43800.0], [89392.5, 85460.0], [89392.0, 62210.0], [89391.5, 43800.0], [89391.0, 90.0], [89389.5, 20000.0], [89387.5, 7460.0], [89385.5, 25000.0], [89382.0, 2380.0], [89381.5, 4970.0], [89380.5, 3000.0], [89378.5, 20600.0], [89378.0, 45000.0], [89376.0, 33700.0], [89374.5, 6350.0], [89370.0, 45320.0], [89369.0, 119810.0]], "asks": [[89400.0, 37980.0], [89404.0, 10000.0], [89405.0, 50.0], [89406.0, 510.0], [89409.0, 170.0], [89409.5, 7110.0], [89413.5, 2880.0], [89419.0, 500.0], [89419.5, 69160.0], [89420.0, 178930.0], [89422.0, 18000.0], [89423.5, 11000.0], [89424.0, 12760.0], [89424.5, 27640.0], [89425.0, 56310.0], [89427.5, 45000.0], [89428.5, 4000.0], [89431.0, 11000.0], [89431.5, 11610.0], [89432.0, 26000.0]]}}}
{"jsonrpc": "2.0", "method": "subscription", "params": {"channel": "book.BTC-PERPETUAL.none.20.100ms", "data": {"timestamp": 1769615014977, "change_id": 137217688103, "instrument_name": "BTC-PERPETUAL", "bids": [[89399.5, 350310.0], [89398.5, 55020.0], [89398.0, 43800.0], [89397.0, 26810.0], [89392.5, 72650.0], [89392.0, 48780.0], [89391.5, 43800.0], [89391.0, 90.0], [89387.5, 7460.0], [89385.5, 25000.0], [89382.0, 2380.0], [89381.5, 4970.0], [89380.5, 3000.0], [89378.5, 20600.0], [89378.0, 45000.0], [89376.0, 12710.0], [89375.0, 20990.0], [89374.5, 6350.0], [89370.0, 45320.0], [89369.0, 119810.0]], "asks": [[89400.0, 37980.0], [89400.5, 10000.0], [89405.0, 50.0], [89406.0, 7620.0], [89409.0, 170.0], [89413.5, 2880.0], [89417.0, 5520.0], [89417.5, 18000.0], [89419.0, 500.0], [89419.5, 69160.0], [89420.0, 178930.0], [89423.5, 11000.0], [89424.0, 12760.0], [89424.5, 38950.0], [89425.0, 56310.0], [89427.5, 45000.0], [89428.0, 11000.0], [89428.5, 4000.0], [89431.5, 10.0], [89432.0, 26000.0]]}}}
{"jsonrpc": "2.0", "method": "subscription", "params": {"channel": "book.BTC-PERPETUAL.none.20.100ms", "data": {"timestamp": 1769615015306, "change_id": 137217688355, "instrument_name": "BTC-PERPETUAL", "bids": [[89399.5, 366430.0], [89398.5, 29030.0], [89398.0, 43800.0], [89397.0, 26810.0], [89392.5, 72650.0], [89392.0, 48780.0], [89391.5, 43800.0], [89391.0, 90.0], [89389.0, 42900.0], [89387.5, 7460.0], [89385.5, 25000.0], [89382.0, 2380.0], [89381.5, 4970.0], [89380.5, 3000.0], [89378.5, 20600.0], [89378.0, 45000.0], [89376.0, 12710.0], [89375.0, 20990.0], [89374.5, 6350.0], [89370.0, 45320.0]], "asks": [[89400.0, 37980.0], [89400.5, 10000.0], [89405.0, 50.0], [89406.0, 7620.0], [89409.0, 170.0], [89413.5, 2880.0], [89417.0, 5520.0], [89417.5, 18000.0], [89419.0, 500.0], [89419.5, 69160.0], [89420.0, 178930.0], [89424.0, 12760.0], [89424.5, 49950.0], [89425.0, 56310.0], [89427.5, 45000.0], [89428.0, 11000.0], [89428.5, 4000.0], [89431.5, 10.0], [89432.0, 26000.0], [89432.5, 12850.0]]}}}
{"jsonrpc": "2.0", "method": "subscription", "params": {"channel": "book.BTC-PERPETUAL.none.20.100ms", "data": {"timestamp": 1769615015638, "change_id": 137217688622, "instrument_name": "BTC-PERPETUAL", "bids": [[89399.5, 306480.0], [89399.0, 43800.0], [89398.5, 29030.0], [89397.5, 52800.0], [89395.0, 5000.0], [89392.5, 72650.0], [89392.0, 48780.0], [89391.5, 43800.0], [89391.0, 90.0], [89389.0, 42900.0], [89387.5, 7460.0], [89385.5, 25000.0], [89382.0, 3570.0], [89381.5, 9970.0], [89380.5, 3000.0], [89378.5, 20600.0], [89378.0, 45000.0], [89376.0, 12710.0], [89375.0, 20990.0], [89374.5, 6350.0]], "asks": [[89400.0, 67980.0], [89400.5, 10000.0], [89405.0, 50.0], [89406.0, 7620.0], [89409.0, 170.0], [89413.5, 2880.0], [89417.0, 5520.0], [89417.5, 18000.0], [89419.0, 500.0], [89419.5, 69160.0], [89420.0, 178930.0], [89423.0, 11000.0], [89424.0, 12760.0], [89424.5, 38950.0], [89425.0, 56310.0], [89427.5, 45000.0], [89428.0, 37000.0], [89428.5, 4000.0], [89431.5, 10.0], [89432.5, 12850.0]]}}}
{"jsonrpc": "2.0", "method": "subscription", "params": {"channel": "book.BTC-PERPETUAL.none.20.100ms", "data": {"timestamp": 1769615015976, "change_id": 137217689269, "instrument_name": "BTC-PERPETUAL", "bids": [[89399.5, 332500.0], [89399.0, 67230.0], [89398.5, 29690.0], [89395.0, 5000.0], [89392.5, 72650.0], [89392.0, 48780.0], [89391.5, 43800.0], [89391.0, 90.0], [89389.0, 42900.0], [89387.5, 7460.0], [89385.5, 25000.0], [89382.0, 3570.0], [89381.5, 9970.0], [89380.5, 3000.0], [89378.5, 20600.0], [89378.0, 45000.0], [89376.0, 12710.0], [89375.0, 20990.0], [89374.5, 6350.0], [89370.0, 45320.0]], "asks": [[89400.0, 67980.0], [89400.5, 10000.0], [89405.0, 50.0], [89406.0, 7620.0], [89409.0, 170.0], [89413.5, 2880.0], [89417.0, 5520.0], [89417.5, 18000.0], [89419.0, 500.0], [89419.5, 69160.0], [89420.0, 178930.0], [89424.0, 23760.0], [89424.5, 38950.0], [89425.0, 56310.0], [89427.5, 45000.0], [89428.0, 11000.0], [89428.5, 4000.0], [89431.5, 10.0], [89432.0, 26000.0], [89432.5, 12850.0]]}}}
{"jsonrpc": "2.0", "method": "subscription", "params": {"channel": "book.BTC-PERPETUAL.none.20.100ms", "data": {"timestamp": 1769615016305, "change_id": 137217689528, "instrument_name": "BTC-PERPETUAL", "bids": [[89399.5, 332500.0], [89399.0, 67230.0], [89398.5, 29690.0], [89395.0, 5000.0], [89392.5, 72650.0], [89392.0, 48780.0], [89391.5, 43800.0], [89391.0, 90.0], [89389.0, 42900.0], [89387.5, 7460.0], [89385.5, 25000.0], [89382.0, 3570.0], [89381.5, 9970.0], [89380.5, 3000.0], [89378.5, 20600.0], [89378.0, 45000.0], [89376.0, 12710.0], [89375.0, 20990.0], [89374.5, 6350.0], [89370.0, 45320.0]], "asks": [[89400.0, 67980.0], [89400.5, 10000.0], [89405.0, 50.0], [89406.0, 7620.0], [89409.0, 170.0], [89413.5, 2880.0], [89417.0, 5520.0], [89417.5, 18000.0], [89419.0, 500.0], [89419.5, 69160.0], [89420.0, 178930.0], [89424.0, 23760.0], [89424.5, 38950.0], [89425.0, 56310.0], [89427.5, 45000.0], [89428.0, 11000.0], [89428.5, 4000.0], [89431.5, 11610.0], [89432.0, 26000.0], [89432.5, 12850.0]]}}}
{"jsonrpc": "2.0", "method": "subscription", "params": {"channel": "book.BTC-PERPETUAL.none.20.100ms", "data": {"timestamp": 1769615016622, "change_id": 137217689985, "instrument_name": "BTC-PERPETUAL", "bids": [[89399.5, 391200.0], [89399.0, 65260.0], [89398.5, 29690.0], [89395.0, 5000.0], [89392.5, 72650.0], [89392.0, 48780.0], [89391.5, 43800.0], [89391.0, 90.0], [89389.0, 42900.0], [89387.5, 7460.0], [89385.5, 25000.0], [89382.0, 3570.0], [89381.5, 9970.0], [89380.5, 3000.0], [89378.5, 20600.0], [89378.0, 45000.0], [89376.0, 12710.0], [89375.0, 20990.0], [89374.5, 6350.0], [89370.0, 45320.0]], "asks": [[89400.0, 37980.0], [89400.5, 10000.0], [89405.0, 50.0], [89406.0, 7620.0], [89409.0, 170.0], [89413.5, 2880.0], [89419.0, 500.0], [89419.5, 69160.0], [89420.0, 178930.0], [89422.5, 21000.0], [89424.0, 23760.0], [89424.5, 38950.0], [89425.0, 56310.0], [89427.5, 45000.0], [89428.0, 11000.0], [89428.5, 4000.0], [89430.5, 11600.0], [89431.0, 26000.0], [89431.5, 10.0], [89432.5, 12850.0]]}}}
{"jsonrpc": "2.0", "method": "subscription", "params": {"channel": "book.BTC-PERPETUAL.none.20.100ms", "data": {"timestamp": 1769615016953, "change_id": 137217690602, "instrument_name": "BTC-PERPETUAL", "bids": [[89399.5, 391200.0], [89399.0, 65260.0], [89398.5, 2880.0], [89397.0, 26810.0], [89395.0, 5000.0], [89392.5, 72650.0], [89392.0, 48780.0], [89391.5, 43800.0], [89391.0, 90.0], [89389.0, 42900.0], [89387.5, 7460.0], [89386.0, 25000.0], [89382.0, 3570.0], [89381.5, 9970.0], [89380.5, 3000.0], [89378.5, 20600.0], [89378.0, 45000.0], [89376.0, 12710.0], [89375.0, 20990.0], [89374.5, 6350.0]], "asks": [[89400.0, 37980.0], [89400.5, 10000.0], [89405.0, 50.0], [89406.0, 7620.0], [89409.0, 170.0], [89413.5, 2880.0], [89419.5, 69660.0], [89420.0, 178930.0], [89422.5, 21000.0], [89424.0, 23760.0], [89424.5, 38950.0], [89425.0, 56310.0], [89427.5, 45000.0], [89428.0, 11000.0], [89428.5, 4000.0], [89430.5, 11600.0], [89431.0, 26000.0], [89431.5, 10.0], [89432.5, 12850.0], [89434.5, 15790.0]]}}}
{"jsonrpc": "2.0", "method": "subscription", "params": {"channel": "book.BTC-PERPETUAL.none.20.100ms", "data": {"timestamp": 1769615017296, "change_id": 137217690884, "instrument_name": "BTC-PERPETUAL", "bids": [[89399.5, 396180.0], [89399.0, 65260.0], [89398.5, 2880.0], [89397.0, 26810.0], [89395.0, 5000.0], [89392.5, 72650.0], [89392.0, 43800.0], [89391.5, 43800.0], [89391.0, 90.0], [89389.0, 42900.0], [89387.5, 7460.0], [89385.5, 25000.0], [89382.0, 3570.0], [89381.5, 9970.0], [89380.5, 3000.0], [89378.5, 20600.0], [89378.0, 45000.0], [89376.0, 12710.0], [89375.0, 20990.0], [89374.5, 6350.0]], "asks": [[89400.0, 37980.0], [89400.5, 10000.0], [89405.0, 50.0], [89406.0, 7620.0], [89409.0, 170.0], [89413.5, 2880.0], [89419.0, 500.0], [89419.5, 69160.0], [89420.0, 178930.0], [89422.5, 21000.0], [89424.0, 23760.0], [89424.5, 38950.0], [89425.0, 56310.0], [89427.5, 45000.0], [89428.0, 11000.0], [89428.5, 4000.0], [89430.5, 11600.0], [89431.0, 26000.0], [89431.5, 10.0], [89432.5, 12850.0]]}}}
{"jsonrpc": "2.0", "method": "subscription", "params": {"channel": "book.BTC-PERPETUAL.none.20.100ms", "data": {"timestamp": 1769615017622, "change_id": 137217691132, "instrument_name": "BTC-PERPETUAL", "bids": [[89399.5, 396180.0], [89399.0, 65260.0], [89398.5, 2880.0], [89397.5, 26810.0], [89395.0, 5000.0], [89392.5, 72650.0], [89392.0, 43800.0], [89391.5, 43800.0], [89391.0, 90.0], [89389.0, 42900.0], [89387.5, 7460.0], [89385.5, 25000.0], [89382.0, 3570.0], [89381.5, 9970.0], [89380.5, 3000.0], [89378.5, 20600.0], [89378.0, 45000.0], [89376.0, 12710.0], [89375.0, 20990.0], [89374.5, 6350.0]], "asks": [[89400.0, 67980.0], [89400.5, 10000.0], [89405.0, 50.0], [89406.0, 7620.0], [89409.0, 170.0], [89413.5, 2880.0], [89419.0, 500.0], [89419.5, 69160.0], [89420.0, 178930.0], [89422.5, 21000.0], [89424.0, 23760.0], [89424.5, 38950.0], [89425.0, 56310.0], [89427.5, 45000.0], [89428.0, 11000.0], [89428.5, 4000.0], [89430.5, 11600.0], [89431.0, 26000.0], [89431.5, 10.0], [89432.5, 12850.0]]}}}
{"jsonrpc": "2.0", "method": "subscription", "params": {"channel": "book.BTC-PERPETUAL.none.20.100ms", "data": {"timestamp": 1769615017951, "change_id": 137217691799, "instrument_name": "BTC-PERPETUAL", "bids": [[89399.5, 397080.0], [89399.0, 86040.0], [89398.5, 2880.0], [89395.0, 5000.0], [89392.5, 72650.0], [89392.0, 43800.0], [89391.5, 43800.0], [89391.0, 90.0], [89389.0, 42900.0], [89387.5, 7460.0], [89386.0, 25000.0], [89382.0, 3570.0], [89381.5, 9970.0], [89380.5, 3000.0], [89378.5, 20600.0], [89378.0, 45000.0], [89376.0, 12710.0], [89375.0, 20990.0], [89374.5, 6350.0], [89370.0, 3980.0]], "asks": [[89400.0, 38880.0], [89403.0, 10000.0], [89405.0, 50.0], [89406.0, 510.0], [89409.0, 7280.0], [89413.5, 2880.0], [89419.5, 69160.0], [89420.0, 178930.0], [89422.0, 500.0], [89422.5, 21000.0], [89424.0, 23760.0], [89424.5, 27640.0], [89425.0, 56310.0], [89428.0, 11000.0], [89428.5, 4000.0], [89429.5, 11600.0], [89430.0, 26000.0], [89431.5, 10.0], [89432.5, 12850.0], [89434.5, 15790.0]]}}}
{"jsonrpc": "2.0", "method": "subscription", "params": {"channel": "book.BTC-PERPETUAL.none.20.100ms", "data": {"timestamp": 1769615018289, "change_id": 137217692206, "instrument_name": "BTC-PERPETUAL", "bids": [[89399.5, 397130.0], [89399.0, 86040.0], [89398.5, 2880.0], [89395.0, 5000.0], [89392.5, 72650.0], [89392.0, 43800.0], [89391.5, 43800.0], [89391.0, 90.0], [89389.0, 42900.0], [89388.0, 8360.0], [89387.5, 25000.0], [89385.5, 3000.0], [89382.0, 37690.0], [89381.5, 9970.0], [89381.0, 114820.0], [89379.0, 20990.0], [89378.5, 20600.0], [89378.0, 45000.0], [89376.0, 12710.0], [89374.5, 6350.0]], "asks": [[89400.0, 38880.0], [89405.0, 50.0], [89406.0, 510.0], [89406.5, 10000.0], [89409.0, 7280.0], [89419.5, 69160.0], [89420.0, 181810.0], [89422.0, 500.0], [89422.5, 21000.0], [89424.0, 12760.0], [89424.5, 29000.0], [89425.0, 56310.0], [89428.5, 4000.0], [89429.0, 11000.0], [89429.5, 11600.0], [89431.5, 10.0], [89432.0, 26000.0], [89432.5, 12850.0], [89434.5, 15790.0], [89435.0, 40000.0]]}}}
{"jsonrpc": "2.0", "method": "subscription", "params": {"channel": "book.BTC-PERPETUAL.none.20.100ms", "data": {"timestamp": 1769615018623, "change_id": 137217692533, "instrument_name": "BTC-PERPETUAL", "bids": [[89399.5, 426050.0], [89399.0, 59230.0], [89398.5, 2880.0], [89398.0, 26810.0], [89395.0, 5000.0], [89392.5, 86560.0], [89392.0, 43800.0], [89391.5, 43800.0], [89391.0, 90.0], [89389.0, 42900.0], [89388.0, 25000.0], [89385.5, 3000.0], [89382.0, 37690.0], [89381.5, 9970.0], [89381.0, 114820.0], [89378.5, 20600.0], [89378.0, 45000.0], [89376.5, 20990.0], [89376.0, 12710.0], [89374.5, 6350.0]], "asks": [[89400.0, 38880.0], [89403.0, 10000.0], [89405.0, 50.0], [89406.0, 510.0], [89409.0, 7280.0], [89419.5, 69160.0], [89420.0, 181810.0], [89422.0, 500.0], [89422.5, 21000.0], [89424.0, 12760.0], [89424.5, 29000.0], [89425.0, 56310.0], [89428.5, 4000.0], [89431.0, 13970.0], [89431.5, 11010.0], [89432.0, 26000.0], [89432.5, 12850.0], [89434.5, 15790.0], [89435.0, 40000.0], [89437.5, 16810.0]]}}}
{"jsonrpc": "2.0", "method": "subscription", "params": {"channel": "book.BTC-PERPETUAL.none.20.100ms", "data": {"timestamp": 1769615018922, "change_id": 137217692992, "instrument_name": "BTC-PERPETUAL", "bids": [[89399.5, 402230.0], [89399.0, 59230.0], [89398.5, 2880.0], [89395.0, 5000.0], [89392.5, 86560.0], [89392.0, 43800.0], [89391.5, 43800.0], [89391.0, 90.0], [89389.0, 42900.0], [89388.0, 25000.0], [89385.5, 3000.0], [89382.0, 37690.0], [89381.5, 9970.0], [89381.0, 114820.0], [89378.5, 20600.0], [89378.0, 45000.0], [89376.5, 20990.0], [89376.0, 12710.0], [89374.5, 6350.0], [89370.0, 7660.0]], "asks": [[89400.0, 48880.0], [89405.0, 50.0], [89406.0, 510.0], [89409.0, 7280.0], [89419.5, 69160.0], [89420.0, 181810.0], [89422.0, 500.0], [89422.5, 21000.0], [89424.0, 12760.0], [89424.5, 29000.0], [89425.0, 56310.0], [89428.5, 4000.0], [89431.0, 13970.0], [89431.5, 11010.0], [89432.0, 26000.0], [89432.5, 12850.0], [89434.5, 15790.0], [89435.0, 40000.0], [89437.5, 16810.0], [89438.5, 80.0]]}}}
{"jsonrpc": "2.0", "method": "subscription", "params": {"channel": "book.BTC-PERPETUAL.none.20.100ms", "data": {"timestamp": 1769615019237, "change_id": 137217693396, "instrument_name": "BTC-PERPETUAL", "bids": [[89399.5, 501050.0], [89399.0, 59230.0], [89398.5, 2880.0], [89395.0, 5000.0], [89392.5, 86560.0], [89392.0, 43800.0], [89391.5, 43800.0], [89391.0, 90.0], [89389.0, 42900.0], [89388.0, 25000.0], [89385.5, 3000.0], [89382.0, 37690.0], [89381.5, 9970.0], [89381.0, 114820.0], [89378.5, 20600.0], [89378.0, 45000.0], [89376.5, 20990.0], [89376.0, 12710.0], [89374.5, 6350.0], [89370.0, 7660.0]], "asks": [[89400.0, 58630.0], [89405.0, 50.0], [89406.0, 510.0], [89409.0, 7280.0], [89419.5, 69160.0], [89420.0, 181810.0], [89422.0, 500.0], [89422.5, 21000.0], [89424.0, 12760.0], [89424.5, 29000.0], [89425.0, 56310.0], [89428.5, 4000.0], [89430.5, 11000.0], [89431.0, 13970.0], [89431.5, 10.0], [89432.0, 26000.0], [89432.5, 12850.0], [89434.5, 15790.0], [89435.0, 40000.0], [89437.5, 16810.0]]}}}
{"jsonrpc": "2.0", "method": "subscription", "params": {"channel": "book.BTC-PERPETUAL.none.20.100ms", "data": {"timestamp": 1769615019609, "change_id": 137217693697, "instrument_name": "BTC-PERPETUAL", "bids": [[89399.5, 447090.0], [89399.0, 59230.0], [89398.5, 2880.0], [89396.5, 8000.0], [89395.0, 5000.0], [89392.5, 86560.0], [89392.0, 43800.0], [89391.5, 43800.0], [89391.0, 90.0], [89389.0, 42900.0], [89388.0, 8360.0], [89387.5, 25000.0], [89385.5, 3000.0], [89382.0, 37690.0], [89381.5, 30960.0], [89381.0, 114820.0], [89378.5, 20600.0], [89378.0, 45000.0], [89376.0, 12710.0], [89374.5, 6350.0]], "asks": [[89400.0, 88630.0], [89405.0, 50.0], [89406.0, 510.0], [89409.0, 7280.0], [89419.5, 69160.0], [89420.0, 181810.0], [89422.0, 500.0], [89422.5, 21000.0], [89424.0, 12760.0], [89424.5, 18000.0], [89425.0, 56310.0], [89428.5, 4000.0], [89430.0, 7120.0], [89430.5, 11000.0], [89431.5, 10.0], [89432.5, 12850.0], [89434.0, 11000.0], [89434.5, 15790.0], [89435.0, 40000.0], [89437.0, 26000.0]]}}}
{"jsonrpc": "2.0", "method": "subscription", "params": {"channel": "book.BTC-PERPETUAL.none.20.100ms", "data": {"timestamp": 1769615019923, "change_id": 137217694293, "instrument_name": "BTC-PERPETUAL", "bids": [[89399.5, 469880.0], [89399.0, 67640.0], [89397.0, 26810.0], [89396.5, 8000.0], [89395.0, 5000.0], [89392.5, 86560.0], [89392.0, 43800.0], [89391.5, 43800.0], [89391.0, 90.0], [89389.0, 42900.0], [89388.0, 25000.0], [89385.5, 3000.0], [89382.0, 37690.0], [89381.5, 9970.0], [89381.0, 114820.0], [89378.5, 6590.0], [89376.5, 20990.0], [89376.0, 12710.0], [89374.5, 6350.0], [89370.0, 7660.0]], "asks": [[89400.0, 88630.0], [89405.0, 50.0], [89406.0, 510.0], [89409.0, 7280.0], [89417.5, 6420.0], [89418.0, 21000.0], [89419.5, 69160.0], [89420.0, 178930.0], [89423.5, 500.0], [89424.0, 12760.0], [89424.5, 18000.0], [89425.0, 56310.0], [89428.0, 11000.0], [89428.5, 4000.0], [89429.0, 11600.0], [89429.5, 11000.0], [89431.5, 10.0], [89432.0, 26000.0], [89432.5, 12850.0], [89434.5, 15790.0]]}}}
{"jsonrpc": "2.0", "method": "subscription", "params": {"channel": "book.BTC-PERPETUAL.none.20.100ms", "data": {"timestamp": 1769615020271, "change_id": 137217694695, "instrument_name": "BTC-PERPETUAL", "bids": [[89399.5, 452050.0], [89399.0, 23840.0], [89397.0, 26810.0], [89396.5, 8000.0], [89395.0, 5000.0], [89392.5, 86560.0], [89392.0, 43800.0], [89391.5, 43800.0], [89391.0, 90.0], [89389.0, 42900.0], [89388.0, 25000.0], [89385.5, 3000.0], [89382.0, 37690.0], [89381.5, 9970.0], [89381.0, 114820.0], [89378.5, 6590.0], [89376.5, 20990.0], [89376.0, 12710.0], [89374.5, 6350.0], [89370.0, 20620.0]], "asks": [[89400.0, 88630.0], [89405.0, 50.0], [89406.0, 510.0], [89409.0, 7280.0], [89417.5, 6420.0], [89418.0, 21000.0], [89419.5, 69160.0], [89420.0, 178930.0], [89423.5, 500.0], [89424.0, 12760.0], [89424.5, 18000.0], [89425.0, 56310.0], [89427.5, 11000.0], [89428.0, 11000.0], [89428.5, 4000.0], [89429.0, 11600.0], [89431.5, 10.0], [89432.0, 26000.0], [89432.5, 12850.0], [89434.5, 15790.0]]}}}
{"jsonrpc": "2.0", "method": "subscription", "params": {"channel": "book.BTC-PERPETUAL.none.20.100ms", "data": {"timestamp": 1769615020597, "change_id": 137217694900, "instrument_name": "BTC-PERPETUAL", "bids": [[89399.5, 452050.0], [89399.0, 23840.0], [89397.0, 26810.0], [89396.5, 8000.0], [89395.0, 5000.0], [89392.5, 86560.0], [89392.0, 43800.0], [89391.5, 43800.0], [89391.0, 90.0], [89389.0, 42900.0], [89388.0, 25000.0], [89385.5, 3000.0], [89382.0, 37690.0], [89381.5, 9970.0], [89381.0, 114820.0], [89378.5, 6590.0], [89376.5, 20990.0], [89376.0, 12710.0], [89374.5, 6350.0], [89370.0, 20620.0]], "asks": [[89400.0, 88630.0], [89405.0, 50.0], [89406.0, 510.0], [89409.0, 7280.0], [89417.5, 6420.0], [89418.0, 21000.0], [89419.5, 69160.0], [89420.0, 178930.0], [89423.5, 500.0], [89424.0, 12760.0], [89424.5, 18000.0], [89425.0, 56310.0], [89427.5, 11000.0], [89428.5, 4000.0], [89429.0, 11600.0], [89431.5, 11010.0], [89432.0, 26000.0], [89432.5, 12850.0], [89434.5, 15790.0], [89435.0, 40000.0]]}}}
{"jsonrpc": "2.0", "method": "subscription", "params": {"channel": "book.BTC-PERPETUAL.none.20.100ms", "data": {"timestamp": 1769615020930, "change_id": 137217695382, "instrument_name": "BTC-PERPETUAL", "bids": [[89399.5, 452050.0], [89399.0, 23840.0], [89397.0, 26810.0], [89396.5, 8000.0], [89395.0, 5000.0], [89392.5, 86560.0], [89392.0, 43800.0], [89391.5, 43800.0], [89391.0, 90.0], [89389.0, 42900.0], [89388.0, 25000.0], [89385.5, 3000.0], [89382.0, 37690.0], [89381.5, 9970.0], [89381.0, 114820.0], [89378.5, 6590.0], [89376.5, 20990.0], [89376.0, 12710.0], [89374.5, 6350.0], [89370.0, 20620.0]], "asks": [[89400.0, 88630.0], [89405.0, 50.0], [89406.0, 510.0], [89409.0, 7280.0], [89417.5, 6420.0], [89418.0, 21000.0], [89419.5, 69160.0], [89420.0, 178930.0], [89423.5, 500.0], [89424.0, 12760.0], [89424.5, 18000.0], [89425.0, 56310.0], [89427.5, 11000.0], [89428.5, 15000.0], [89429.0, 11600.0], [89431.5, 10.0], [89432.0, 26000.0], [89432.5, 12850.0], [89434.5, 15790.0], [89435.0, 40000.0]]}}}
{"jsonrpc": "2.0", "method": "subscription", "params": {"channel": "book.BTC-PERPETUAL.none.20.100ms", "data": {"timestamp": 1769615021237, "change_id": 137217695758, "instrument_name": "BTC-PERPETUAL", "bids": [[89399.5, 452050.0], [89399.0, 23840.0], [89397.0, 26810.0], [89396.5, 8000.0], [89395.0, 5000.0], [89392.5, 86560.0], [89392.0, 43800.0], [89391.5, 43800.0], [89391.0, 90.0], [89389.0, 42900.0], [89388.0, 25000.0], [89385.5, 3000.0], [89382.0, 37690.0], [89381.5, 9970.0], [89381.0, 114820.0], [89378.5, 12130.0], [89376.5, 20990.0], [89376.0, 12710.0], [89374.5, 6350.0], [89370.0, 20620.0]], "asks": [[89400.0, 88630.0], [89405.0, 50.0], [89406.0, 510.0], [89409.0, 7280.0], [89417.5, 6420.0], [89418.0, 21000.0], [89419.5, 69160.0], [89420.0, 178930.0], [89423.5, 500.0], [89424.0, 12760.0], [89424.5, 18000.0], [89425.0, 56310.0], [89427.5, 11000.0], [89428.5, 4000.0], [89429.0, 11600.0], [89431.5, 11010.0], [89432.0, 26000.0], [89432.5, 12850.0], [89434.5, 15790.0], [89435.0, 40000.0]]}}}
{"jsonrpc": "2.0", "method": "subscription", "params": {"channel": "book.BTC-PERPETUAL.none.20.100ms", "data": {"timestamp": 1769615021601, "change_id": 137217696089, "instrument_name": "BTC-PERPETUAL", "bids": [[89399.5, 402230.0], [89399.0, 22980.0], [89396.5, 8000.0], [89396.0, 26810.0], [89395.0, 5000.0], [89392.5, 86560.0], [89392.0, 43800.0], [89391.5, 43800.0], [89391.0, 90.0], [89389.0, 42900.0], [89388.0, 25000.0], [89385.5, 3000.0], [89382.0, 58680.0], [89381.5, 9970.0], [89381.0, 114820.0], [89378.5, 6590.0], [89376.0, 12710.0], [89374.5, 6350.0], [89370.0, 20620.0], [89368.0, 15010.0]], "asks": [[89400.0, 88630.0], [89405.0, 50.0], [89406.0, 510.0], [89409.0, 170.0], [89412.0, 2120.0], [89412.5, 7110.0], [89419.5, 69160.0], [89420.0, 178930.0], [89423.0, 21000.0], [89423.5, 500.0], [89424.0, 12760.0], [89424.5, 18000.0], [89425.0, 56310.0], [89427.5, 11000.0], [89428.5, 4000.0], [89429.0, 3840.0], [89431.5, 10.0], [89432.5, 12850.0], [89434.0, 11000.0], [89434.5, 15790.0]]}}}
{"jsonrpc": "2.0", "method": "subscription", "params": {"channel": "book.BTC-PERPETUAL.none.20.100ms", "data": {"timestamp": 1769615021927, "change_id": 137217696688, "instrument_name": "BTC-PERPETUAL", "bids": [[89399.5, 416120.0], [89399.0, 22980.0], [89396.5, 8000.0], [89395.0, 31810.0], [89392.5, 111560.0], [89392.0, 43800.0], [89391.5, 43800.0], [89391.0, 90.0], [89390.5, 3000.0], [89389.0, 42900.0], [89382.5, 20990.0], [89382.0, 37690.0], [89381.5, 9970.0], [89381.0, 114820.0], [89378.5, 6590.0], [89378.0, 45000.0], [89376.0, 12710.0], [89374.5, 6350.0], [89370.0, 20620.0], [89368.5, 47500.0]], "asks": [[89400.0, 48630.0], [89405.0, 50.0], [89406.0, 510.0], [89409.0, 170.0], [89412.5, 7110.0], [89417.5, 1010.0], [89418.0, 2880.0], [89419.5, 69160.0], [89420.0, 178930.0], [89422.5, 500.0], [89423.0, 21000.0], [89424.0, 12760.0], [89424.5, 18000.0], [89425.0, 56310.0], [89428.5, 4000.0], [89429.0, 6630.0], [89431.5, 10.0], [89432.0, 11000.0], [89432.5, 12850.0], [89434.5, 15790.0]]}}}
{"jsonrpc": "2.0", "method": "subscription", "params": {"channel": "book.BTC-PERPETUAL.none.20.100ms", "data": {"timestamp": 1769615022265, "change_id": 137217697656, "instrument_name": "BTC-PERPETUAL", "bids": [[89399.5, 464480.0], [89399.0, 22980.0], [89396.5, 8000.0], [89395.0, 30000.0], [89392.5, 86560.0], [89392.0, 43800.0], [89391.5, 43800.0], [89391.0, 90.0], [89390.5, 3000.0], [89389.0, 42900.0], [89388.0, 8010.0], [89387.5, 12340.0], [89386.0, 16080.0], [89382.5, 20990.0], [89382.0, 37690.0], [89381.5, 9970.0], [89381.0, 114820.0], [89378.5, 19290.0], [89378.0, 45000.0], [89376.0, 12710.0]], "asks": [[89400.0, 6160.0], [89405.0, 50.0], [89406.0, 510.0], [89407.5, 10000.0], [89409.0, 170.0], [89419.5, 55530.0], [89420.0, 186040.0], [89424.5, 18000.0], [89425.0, 46490.0], [89428.0, 500.0], [89428.5, 15830.0], [89429.0, 12700.0], [89431.5, 10.0], [89432.0, 11000.0], [89432.5, 12850.0], [89433.0, 6350.0], [89434.5, 15790.0], [89435.0, 40000.0], [89435.5, 21000.0], [89437.5, 39160.0]]}}}
{"jsonrpc": "2.0", "method": "subscription", "params": {"channel": "book.BTC-PERPETUAL.none.20.100ms", "data": {"timestamp": 1769615022595, "change_id": 137217699397, "instrument_name": "BTC-PERPETUAL", "bids": [[89419.5, 177040.0], [89417.0, 34990.0], [89416.5, 72590.0], [89416.0, 2880.0], [89415.0, 74880.0], [89414.0, 50080.0], [89411.0, 33280.0], [89410.5, 16330.0], [89410.0, 43800.0], [89405.0, 16190.0], [89403.5, 20000.0], [89402.0, 25000.0], [89400.5, 3000.0], [89400.0, 37530.0], [89399.5, 119540.0], [89396.5, 3790.0], [89396.0, 12710.0], [89394.5, 6350.0], [89392.5, 20260.0], [89392.0, 43800.0]], "asks": [[89420.0, 188930.0], [89422.5, 7110.0], [89424.5, 18000.0], [89425.0, 43610.0], [89428.5, 4000.0], [89431.5, 10.0], [89433.5, 500.0], [89434.0, 2880.0], [89434.5, 21120.0], [89435.5, 21000.0], [89437.5, 49900.0], [89438.5, 80.0], [89439.0, 45210.0], [89441.0, 40000.0], [89441.5, 11000.0], [89442.0, 12860.0], [89445.0, 12700.0], [89445.5, 14880.0], [89446.0, 26000.0], [89446.5, 12860.0]]}}}
{"jsonrpc": "2.0", "method": "subscription", "params": {"channel": "book.BTC-PERPETUAL.none.20.100ms", "data": {"timestamp": 1769615022915, "change_id": 137217700335, "instrument_name": "BTC-PERPETUAL", "bids": [[89419.5, 81660.0], [89415.5, 9240.0], [89415.0, 24880.0], [89414.5, 22000.0], [89414.0, 50080.0], [89411.5, 50000.0], [89410.5, 35410.0], [89410.0, 63800.0], [89409.0, 27400.0], [89407.5, 7290.0], [89406.0, 70980.0], [89405.5, 25990.0], [89402.0, 490.0], [89401.5, 4970.0], [89400.0, 6270.0], [89399.5, 21010.0], [89396.5, 6100.0], [89396.0, 12710.0], [89394.5, 6350.0], [89392.0, 900.0]], "asks": [[89420.0, 288620.0], [89421.5, 500.0], [89424.0, 2880.0], [89424.5, 18000.0], [89425.0, 43610.0], [89426.0, 21000.0], [89428.5, 4000.0], [89431.5, 10.0], [89434.0, 17270.0], [89434.5, 11000.0], [89435.0, 11000.0], [89437.0, 26000.0], [89437.5, 49900.0], [89439.0, 45210.0], [89441.0, 40000.0], [89442.0, 12860.0], [89444.0, 5000.0], [89444.5, 7630.0], [89445.0, 12700.0], [89446.5, 12860.0]]}}}
{"jsonrpc": "2.0", "method": "subscription", "params": {"channel": "book.BTC-PERPETUAL.none.20.100ms", "data": {"timestamp": 1769615023255, "change_id": 137217701026, "instrument_name": "BTC-PERPETUAL", "bids": [[89419.5, 91560.0], [89416.0, 11000.0], [89415.0, 43900.0], [89414.5, 20240.0], [89411.0, 50000.0], [89410.0, 20000.0], [89409.5, 27420.0], [89409.0, 27400.0], [89408.0, 61590.0], [89406.5, 25990.0], [89406.0, 6690.0], [89405.5, 7290.0], [89402.0, 490.0], [89401.5, 4970.0], [89400.0, 11410.0], [89399.5, 15910.0], [89397.5, 25000.0], [89397.0, 12960.0], [89396.5, 26810.0], [89396.0, 12710.0]], "asks": [[89420.0, 353520.0], [89423.0, 500.0], [89423.5, 9830.0], [89424.0, 33380.0], [89424.5, 18000.0], [89425.0, 43610.0], [89428.5, 4000.0], [89431.5, 10.0], [89434.0, 24990.0], [89434.5, 11000.0], [89437.0, 26000.0], [89437.5, 49900.0], [89439.0, 45210.0], [89441.0, 40000.0], [89442.0, 12860.0], [89444.5, 12630.0], [89445.0, 12700.0], [89446.5, 12860.0], [89447.5, 100.0], [89449.0, 9240.0]]}}}
{"jsonrpc": "2.0", "method": "subscription", "params": {"channel": "book.BTC-PERPETUAL.none.20.100ms", "data": {"timestamp": 1769615023578, "change_id": 137217701334, "instrument_name": "BTC-PERPETUAL", "bids": [[89419.5, 91560.0], [89415.5, 11000.0], [89415.0, 54900.0], [89414.5, 9240.0], [89411.0, 50000.0], [89410.5, 30000.0], [89409.5, 27420.0], [89409.0, 27400.0], [89408.0, 61590.0], [89406.0, 32680.0], [89405.5, 7290.0], [89402.0, 490.0], [89401.5, 4970.0], [89400.0, 11410.0], [89399.5, 15910.0], [89397.5, 25000.0], [89397.0, 12960.0], [89396.5, 26810.0], [89396.0, 12710.0], [89394.5, 6350.0]], "asks": [[89420.0, 356620.0], [89423.0, 500.0], [89423.5, 9830.0], [89424.0, 33380.0], [89424.5, 18000.0], [89425.0, 43610.0], [89428.5, 4000.0], [89431.5, 10.0], [89433.5, 11000.0], [89434.0, 13990.0], [89436.0, 11000.0], [89437.0, 26000.0], [89437.5, 49900.0], [89439.0, 45210.0], [89441.0, 40000.0], [89442.0, 12860.0], [89444.0, 5000.0], [89444.5, 7630.0], [89445.0, 12700.0], [89446.5, 12860.0]]}}}
{"jsonrpc": "2.0", "method": "subscription", "params": {"channel": "book.BTC-PERPETUAL.none.20.100ms", "data": {"timestamp": 1769615023905, "change_id": 137217701870, "instrument_name": "BTC-PERPETUAL", "bids": [[89419.5, 32810.0], [89415.5, 20240.0], [89415.0, 54900.0], [89411.0, 50000.0], [89410.5, 20000.0], [89409.5, 27420.0], [89409.0, 27400.0], [89408.0, 61590.0], [89406.0, 40190.0], [89405.5, 7290.0], [89402.0, 490.0], [89401.5, 31790.0], [89400.0, 12210.0], [89399.5, 15910.0], [89397.5, 25000.0], [89397.0, 5690.0], [89396.0, 12710.0], [89394.5, 6350.0], [89392.0, 900.0], [89391.0, 34330.0]], "asks": [[89420.0, 356880.0], [89423.0, 500.0], [89423.5, 9830.0], [89424.0, 33380.0], [89424.5, 18000.0], [89425.0, 43610.0], [89428.5, 4000.0], [89431.5, 10.0], [89433.5, 22000.0], [89434.0, 13990.0], [89437.0, 26000.0], [89437.5, 49900.0], [89439.0, 45210.0], [89441.0, 40000.0], [89442.0, 12860.0], [89444.0, 5000.0], [89444.5, 7630.0], [89445.0, 12700.0], [89446.5, 12860.0], [89447.5, 100.0]]}}}
{"jsonrpc": "2.0", "method": "subscription", "params": {"channel": "book.BTC-PERPETUAL.none.20.100ms", "data": {"timestamp": 1769615024245, "change_id": 137217702479, "instrument_name": "BTC-PERPETUAL", "bids": [[89419.5, 31610.0], [89415.5, 11000.0], [89411.0, 61000.0], [89410.5, 20000.0], [89410.0, 9240.0], [89409.0, 37400.0], [89406.5, 61590.0], [89406.0, 28870.0], [89403.0, 3810.0], [89402.5, 7290.0], [89402.0, 490.0], [89401.5, 4970.0], [89400.0, 11050.0], [89399.5, 15910.0], [89397.0, 26810.0], [89396.5, 5690.0], [89396.0, 12710.0], [89394.5, 6350.0], [89392.0, 900.0], [89391.0, 41800.0]], "asks": [[89420.0, 357420.0], [89423.0, 500.0], [89423.5, 9830.0], [89424.0, 33380.0], [89424.5, 18000.0], [89425.0, 43610.0], [89428.5, 4000.0], [89431.5, 15230.0], [89432.0, 40000.0], [89433.0, 36900.0], [89437.0, 26000.0], [89437.5, 49900.0], [89439.0, 45210.0], [89441.0, 40000.0], [89442.0, 12860.0], [89444.0, 5000.0], [89444.5, 7630.0], [89445.0, 12700.0], [89446.5, 12860.0], [89447.5, 100.0]]}}}
{"jsonrpc": "2.0", "method": "subscription", "params": {"channel": "book.BTC-PERPETUAL.none.20.100ms", "data": {"timestamp": 1769615024577, "change_id": 137217702832, "instrument_name": "BTC-PERPETUAL", "bids": [[89419.5, 5010.0], [89413.5, 11000.0], [89412.0, 11000.0], [89411.5, 9240.0], [89411.0, 50000.0], [89410.5, 35000.0], [89409.5, 12020.0], [89409.0, 27400.0], [89406.0, 2880.0], [89405.5, 500.0], [89405.0, 48180.0], [89404.5, 61590.0], [89402.5, 7290.0], [89401.5, 4970.0], [89399.5, 910.0], [89396.5, 5690.0], [89396.0, 12710.0], [89394.5, 6350.0], [89392.0, 900.0], [89391.0, 7550.0]], "asks": [[89420.0, 357420.0], [89423.5, 1010.0], [89424.0, 3380.0], [89424.5, 18000.0], [89425.0, 43610.0], [89428.5, 4000.0], [89431.5, 15230.0], [89432.0, 40000.0], [89433.0, 25900.0], [89436.5, 11000.0], [89437.0, 26000.0], [89437.5, 49900.0], [89439.0, 45210.0], [89441.0, 40000.0], [89442.0, 12860.0], [89444.0, 5000.0], [89444.5, 7630.0], [89445.0, 12700.0], [89446.5, 12860.0], [89447.5, 100.0]]}}}
{"jsonrpc": "2.0", "method": "subscription", "params": {"channel": "book.BTC-PERPETUAL.none.20.100ms", "data": {"timestamp": 1769615024904, "change_id": 137217703381, "instrument_name": "BTC-PERPETUAL", "bids": [[89419.5, 5010.0], [89414.5, 11000.0], [89413.0, 20240.0], [89411.0, 70000.0], [89410.5, 25000.0], [89409.5, 12020.0], [89409.0, 27400.0], [89406.0, 2880.0], [89405.0, 48180.0], [89404.5, 61590.0], [89402.5, 7290.0], [89401.5, 4970.0], [89400.0, 490.0], [89399.5, 910.0], [89398.0, 7460.0], [89397.0, 25000.0], [89396.5, 5690.0], [89396.0, 12710.0], [89394.5, 6350.0], [89392.0, 900.0]], "asks": [[89420.0, 357920.0], [89423.5, 1010.0], [89424.0, 2880.0], [89424.5, 18000.0], [89425.0, 43610.0], [89428.5, 4000.0], [89431.5, 15230.0], [89432.0, 40000.0], [89433.0, 25900.0], [89436.5, 11000.0], [89437.0, 26000.0], [89437.5, 49900.0], [89439.0, 45210.0], [89441.0, 40000.0], [89442.0, 12860.0], [89444.0, 5000.0], [89444.5, 7630.0], [89445.0, 12700.0], [89446.5, 12860.0], [89447.5, 100.0]]}}}
{"jsonrpc": "2.0", "method": "subscription", "params": {"channel": "book.BTC-PERPETUAL.none.20.100ms", "data": {"timestamp": 1769615025241, "change_id": 137217703879, "instrument_name": "BTC-PERPETUAL", "bids": [[89419.5, 5010.0], [89414.0, 20240.0], [89413.5, 11000.0], [89411.0, 70000.0], [89410.5, 25000.0], [89409.5, 12020.0], [89409.0, 27400.0], [89406.0, 2880.0], [89405.5, 25990.0], [89405.0, 22190.0], [89404.5, 61590.0], [89403.0, 500.0], [89401.5, 4970.0], [89399.5, 910.0], [89396.5, 19710.0], [89396.0, 37710.0], [89394.5, 6350.0], [89392.0, 900.0], [89391.0, 90.0], [89388.0, 14370.0]], "asks": [[89420.0, 313520.0], [89423.0, 500.0], [89423.5, 11860.0], [89424.0, 40180.0], [89424.5, 18000.0], [89425.0, 43610.0], [89428.5, 4000.0], [89431.0, 11000.0], [89431.5, 15230.0], [89432.0, 40000.0], [89432.5, 11000.0], [89433.0, 14900.0], [89437.0, 26000.0], [89437.5, 49900.0], [89439.0, 45210.0], [89441.0, 40000.0], [89442.0, 12860.0], [89444.0, 5000.0], [89444.5, 7630.0], [89445.0, 12700.0]]}}}
{"jsonrpc": "2.0", "method": "subscription", "params": {"channel": "book.BTC-PERPETUAL.none.20.100ms", "data": {"timestamp": 1769615025554, "change_id": 137217704320, "instrument_name": "BTC-PERPETUAL", "bids": [[89419.5, 5010.0], [89411.5, 11000.0], [89411.0, 20000.0], [89410.5, 15000.0], [89410.0, 20240.0], [89409.0, 10000.0], [89406.0, 50000.0], [89405.0, 20550.0], [89403.0, 27630.0], [89402.5, 61590.0], [89402.0, 25990.0], [89401.5, 4970.0], [89400.5, 1280.0], [89400.0, 2880.0], [89399.5, 910.0], [89397.0, 490.0], [89396.5, 20250.0], [89396.0, 12710.0], [89394.5, 33160.0], [89392.0, 900.0]], "asks": [[89420.0, 314020.0], [89423.5, 11860.0], [89424.0, 40180.0], [89424.5, 18000.0], [89425.0, 43610.0], [89428.5, 4000.0], [89430.0, 19700.0], [89430.5, 11000.0], [89431.0, 11000.0], [89431.5, 10.0], [89432.0, 40000.0], [89436.5, 11610.0], [89437.0, 26000.0], [89437.5, 49900.0], [89439.0, 45210.0], [89441.0, 40000.0], [89442.0, 12860.0], [89444.0, 5000.0], [89444.5, 7630.0], [89445.0, 12700.0]]}}}
{"jsonrpc": "2.0", "method": "subscription", "params": {"channel": "book.BTC-PERPETUAL.none.20.100ms", "data": {"timestamp": 1769615025877, "change_id": 137217704875, "instrument_name": "BTC-PERPETUAL", "bids": [[89419.5, 5010.0], [89411.5, 22000.0], [89410.5, 15000.0], [89410.0, 29240.0], [89409.0, 10000.0], [89406.0, 50000.0], [89405.0, 20550.0], [89403.0, 27630.0], [89402.5, 61590.0], [89402.0, 25990.0], [89401.5, 4970.0], [89400.5, 3290.0], [89400.0, 2880.0], [89399.5, 910.0], [89399.0, 7290.0], [89397.0, 490.0], [89396.5, 12960.0], [89396.0, 12710.0], [89394.5, 6350.0], [89393.0, 26810.0]], "asks": [[89420.0, 314120.0], [89423.5, 11860.0], [89424.0, 40180.0], [89424.5, 18000.0], [89425.0, 43610.0], [89428.5, 4000.0], [89429.0, 18510.0], [89429.5, 22000.0], [89431.5, 10.0], [89432.0, 40000.0], [89435.5, 11610.0], [89436.0, 26000.0], [89437.5, 49900.0], [89439.0, 45210.0], [89441.0, 40000.0], [89442.0, 12860.0], [89444.0, 5000.0], [89444.5, 7630.0], [89445.0, 12700.0], [89446.0, 9240.0]]}}}
{"jsonrpc": "2.0", "method": "subscription", "params": {"channel": "book.BTC-PERPETUAL.none.20.100ms", "data": {"timestamp": 1769615026225, "change_id": 137217705326, "instrument_name": "BTC-PERPETUAL", "bids": [[89419.5, 5010.0], [89411.5, 22000.0], [89410.5, 15000.0], [89410.0, 29240.0], [89409.5, 50000.0], [89409.0, 10000.0], [89405.0, 20550.0], [89403.0, 27630.0], [89402.5, 61590.0], [89402.0, 25990.0], [89401.5, 4970.0], [89400.5, 3290.0], [89400.0, 2880.0], [89399.5, 1410.0], [89399.0, 7290.0], [89396.5, 12960.0], [89396.0, 12710.0], [89394.5, 6350.0], [89394.0, 26810.0], [89392.0, 900.0]], "asks": [[89420.0, 357920.0], [89422.5, 12620.0], [89423.0, 39400.0], [89424.0, 2880.0], [89424.5, 18000.0], [89425.0, 43610.0], [89428.5, 4000.0], [89429.0, 18510.0], [89431.0, 11000.0], [89431.5, 11010.0], [89432.0, 40000.0], [89434.5, 11610.0], [89435.0, 26000.0], [89437.5, 49900.0], [89439.0, 45210.0], [89441.0, 40000.0], [89442.0, 12860.0], [89444.0, 5000.0], [89444.5, 7630.0], [89445.0, 12700.0]]}}}
{"jsonrpc": "2.0", "method": "subscription", "params": {"channel": "book.BTC-PERPETUAL.none.20.100ms", "data": {"timestamp": 1769615026555, "change_id": 137217705867, "instrument_name": "BTC-PERPETUAL", "bids": [[89419.5, 41360.0], [89415.0, 10000.0], [89412.5, 42460.0], [89412.0, 20240.0], [89411.5, 11000.0], [89410.5, 85000.0], [89406.5, 18380.0], [89406.0, 73870.0], [89405.5, 28870.0], [89404.5, 7290.0], [89401.5, 4970.0], [89400.0, 490.0], [89399.5, 910.0], [89396.5, 5690.0], [89396.0, 12710.0], [89394.5, 6350.0], [89393.5, 26810.0], [89392.0, 900.0], [89391.0, 90.0], [89389.0, 35990.0]], "asks": [[89420.0, 293040.0], [89424.0, 2880.0], [89424.5, 18000.0], [89425.0, 70610.0], [89428.5, 4000.0], [89431.5, 10.0], [89433.5, 7140.0], [89434.0, 11000.0], [89436.5, 11000.0], [89437.5, 41270.0], [89438.5, 26000.0], [89439.0, 45210.0], [89440.5, 5000.0], [89441.0, 40000.0], [89442.0, 12860.0], [89444.5, 7630.0], [89445.0, 12700.0], [89446.5, 12860.0], [89447.5, 100.0], [89448.0, 25000.0]]}}}
{"jsonrpc": "2.0", "method": "subscription", "params": {"channel": "book.BTC-PERPETUAL.none.20.100ms", "data": {"timestamp": 1769615026882, "change_id": 137217706451, "instrument_name": "BTC-PERPETUAL", "bids": [[89419.5, 5010.0], [89415.5, 50790.0], [89413.0, 11000.0], [89412.5, 4480.0], [89410.5, 15000.0], [89410.0, 28650.0], [89409.5, 20000.0], [89407.5, 25990.0], [89406.5, 50000.0], [89406.0, 22330.0], [89405.5, 2880.0], [89404.5, 7290.0], [89404.0, 61590.0], [89401.5, 4970.0], [89400.0, 490.0], [89399.5, 910.0], [89396.5, 5690.0], [89396.0, 12710.0], [89394.5, 6350.0], [89392.0, 900.0]], "asks": [[89420.0, 320230.0], [89424.0, 2880.0], [89424.5, 18000.0], [89425.0, 43610.0], [89428.5, 4000.0], [89429.0, 3290.0], [89431.5, 10.0], [89433.0, 11000.0], [89433.5, 7140.0], [89436.5, 11000.0], [89437.5, 41270.0], [89438.5, 26000.0], [89439.0, 45210.0], [89440.5, 5000.0], [89441.0, 40000.0], [89442.0, 12860.0], [89444.5, 7630.0], [89445.0, 12700.0], [89446.5, 12860.0], [89447.5, 100.0]]}}}
{"jsonrpc": "2.0", "method": "subscription", "params": {"channel": "book.BTC-PERPETUAL.none.20.100ms", "data": {"timestamp": 1769615027225, "change_id": 137217706906, "instrument_name": "BTC-PERPETUAL", "bids": [[89419.5, 48810.0], [89416.5, 10000.0], [89416.0, 20240.0], [89415.5, 20550.0], [89411.5, 7760.0], [89411.0, 11000.0], [89410.5, 15000.0], [89410.0, 43370.0], [89409.5, 20000.0], [89407.0, 61590.0], [89406.5, 75990.0], [89406.0, 4520.0], [89405.5, 2880.0], [89404.5, 7290.0], [89401.5, 4970.0], [89400.0, 490.0], [89399.5, 910.0], [89396.5, 5690.0], [89396.0, 12710.0], [89394.5, 6350.0]], "asks": [[89420.0, 347580.0], [89423.5, 9810.0], [89424.0, 32880.0], [89424.5, 18000.0], [89425.0, 43610.0], [89428.5, 4000.0], [89431.5, 10.0], [89434.5, 18180.0], [89435.0, 22000.0], [89437.0, 26000.0], [89437.5, 41270.0], [89439.0, 45210.0], [89440.5, 5000.0], [89441.0, 40000.0], [89442.0, 12860.0], [89444.5, 7630.0], [89445.0, 12700.0], [89446.5, 12860.0], [89447.5, 100.0], [89448.0, 25000.0]]}}}
{"jsonrpc": "2.0", "method": "subscription", "params": {"channel": "book.BTC-PERPETUAL.none.20.100ms", "data": {"timestamp": 1769615027556, "change_id": 137217707199, "instrument_name": "BTC-PERPETUAL", "bids": [[89419.5, 69360.0], [89417.5, 10000.0], [89416.0, 20240.0], [89412.5, 21690.0], [89412.0, 11000.0], [89410.5, 65000.0], [89410.0, 48650.0], [89408.5, 61590.0], [89406.5, 25990.0], [89406.0, 4520.0], [89405.5, 2880.0], [89404.5, 7290.0], [89401.5, 4970.0], [89400.0, 490.0], [89399.5, 910.0], [89396.5, 5690.0], [89396.0, 12710.0], [89394.5, 6350.0], [89392.0, 900.0], [89391.0, 90.0]], "asks": [[89420.0, 320280.0], [89423.0, 13010.0], [89423.5, 40700.0], [89424.0, 2880.0], [89424.5, 18000.0], [89425.0, 43610.0], [89428.5, 4000.0], [89431.5, 10.0], [89434.5, 18180.0], [89435.0, 22000.0], [89437.0, 26000.0], [89437.5, 41270.0], [89439.0, 45210.0], [89440.5, 5000.0], [89441.0, 40000.0], [89442.0, 12860.0], [89444.5, 7630.0], [89445.0, 12700.0], [89446.5, 12860.0], [89447.5, 100.0]]}}}
{"jsonrpc": "2.0", "method": "subscription", "params": {"channel": "book.BTC-PERPETUAL.none.20.100ms", "data": {"timestamp": 1769615027872, "change_id": 137217707716, "instrument_name": "BTC-PERPETUAL", "bids": [[89419.5, 5010.0], [89417.5, 10000.0], [89416.0, 20240.0], [89415.5, 20550.0], [89412.5, 12740.0], [89412.0, 11000.0], [89410.5, 35000.0], [89410.0, 28650.0], [89409.0, 50000.0], [89406.5, 25990.0], [89406.0, 22330.0], [89405.5, 2880.0], [89404.5, 7290.0], [89404.0, 61590.0], [89401.5, 4970.0], [89400.0, 490.0], [89399.5, 910.0], [89396.5, 5690.0], [89396.0, 12710.0], [89394.5, 33160.0]], "asks": [[89420.0, 320020.0], [89423.0, 13010.0], [89423.5, 40700.0], [89424.0, 2880.0], [89424.5, 18000.0], [89425.0, 43610.0], [89428.5, 4000.0], [89431.5, 10.0], [89434.5, 18180.0], [89435.0, 22000.0], [89437.0, 26000.0], [89437.5, 41270.0], [89439.0, 45210.0], [89440.5, 5000.0], [89441.0, 40000.0], [89442.0, 12860.0], [89444.5, 7630.0], [89445.0, 12700.0], [89446.5, 12860.0], [89447.5, 100.0]]}}}
{"jsonrpc": "2.0", "method": "subscription", "params": {"channel": "book.BTC-PERPETUAL.none.20.100ms", "data": {"timestamp": 1769615028214, "change_id": 137217708173, "instrument_name": "BTC-PERPETUAL", "bids": [[89419.5, 69360.0], [89417.5, 10000.0], [89416.5, 9240.0], [89416.0, 11000.0], [89413.5, 11000.0], [89412.5, 27030.0], [89410.5, 85000.0], [89407.0, 7760.0], [89406.5, 25990.0], [89406.0, 22330.0], [89405.5, 2880.0], [89404.5, 7290.0], [89404.0, 61590.0], [89401.5, 4970.0], [89400.0, 490.0], [89399.5, 910.0], [89397.5, 8000.0], [89397.0, 26810.0], [89396.5, 5690.0], [89396.0, 12710.0]], "asks": [[89420.0, 347240.0], [89422.0, 6140.0], [89422.5, 17700.0], [89424.0, 2880.0], [89424.5, 18000.0], [89425.0, 43610.0], [89428.5, 4000.0], [89431.5, 10.0], [89434.5, 18180.0], [89435.0, 22000.0], [89437.0, 26000.0], [89437.5, 41270.0], [89439.0, 45210.0], [89440.5, 5000.0], [89441.0, 40000.0], [89442.0, 12860.0], [89444.5, 7630.0], [89445.0, 12700.0], [89446.5, 12860.0], [89447.5, 100.0]]}}}
{"jsonrpc": "2.0", "method": "subscription", "params": {"channel": "book.BTC-PERPETUAL.none.20.100ms", "data": {"timestamp": 1769615028547, "change_id": 137217708446, "instrument_name": "BTC-PERPETUAL", "bids": [[89419.5, 48810.0], [89418.5, 10000.0], [89416.5, 9240.0], [89415.5, 20550.0], [89413.5, 11000.0], [89413.0, 11000.0], [89412.5, 10450.0], [89411.0, 20000.0], [89410.5, 15000.0], [89408.5, 38170.0], [89408.0, 50000.0], [89407.5, 61590.0], [89406.5, 25990.0], [89406.0, 4520.0], [89405.5, 2880.0], [89404.5, 7290.0], [89401.5, 4970.0], [89400.0, 490.0], [89399.5, 910.0], [89396.5, 5690.0]], "asks": [[89420.0, 320340.0], [89422.0, 6140.0], [89422.5, 17700.0], [89424.0, 2880.0], [89424.5, 18000.0], [89425.0, 43610.0], [89428.5, 4000.0], [89431.5, 10.0], [89434.0, 11000.0], [89434.5, 7140.0], [89435.0, 11000.0], [89437.5, 41270.0], [89438.5, 26000.0], [89439.0, 45210.0], [89440.5, 5000.0], [89441.0, 40000.0], [89442.0, 12860.0], [89444.5, 7630.0], [89445.0, 12700.0], [89446.5, 12860.0]]}}}
{"jsonrpc": "2.0", "method": "subscription", "params": {"channel": "book.BTC-PERPETUAL.none.20.100ms", "data": {"timestamp": 1769615028882, "change_id": 137217709045, "instrument_name": "BTC-PERPETUAL", "bids": [[89419.5, 5010.0], [89413.5, 20240.0], [89413.0, 11000.0], [89412.5, 15250.0], [89411.5, 20550.0], [89411.0, 20000.0], [89410.5, 15000.0], [89408.5, 15490.0], [89408.0, 50000.0], [89406.0, 29170.0], [89405.5, 2880.0], [89405.0, 25990.0], [89404.5, 7290.0], [89404.0, 61590.0], [89401.5, 4970.0], [89400.0, 490.0], [89399.5, 910.0], [89396.5, 5690.0], [89396.0, 12710.0], [89394.5, 6350.0]], "asks": [[89420.0, 320390.0], [89422.0, 6140.0], [89422.5, 17700.0], [89424.0, 2880.0], [89424.5, 18000.0], [89425.0, 43610.0], [89428.5, 4000.0], [89431.5, 10.0], [89434.0, 11000.0], [89434.5, 13990.0], [89435.0, 11000.0], [89437.0, 26000.0], [89437.5, 41270.0], [89439.0, 45210.0], [89440.5, 5000.0], [89441.0, 40000.0], [89442.0, 12860.0], [89444.5, 7630.0], [89445.0, 12700.0], [89446.5, 37860.0]]}}}
{"jsonrpc": "2.0", "method": "subscription", "params": {"channel": "book.BTC-PERPETUAL.none.20.100ms", "data": {"timestamp": 1769615029174, "change_id": 137217709345, "instrument_name": "BTC-PERPETUAL", "bids": [[89419.5, 30010.0], [89413.5, 20240.0], [89413.0, 11000.0], [89412.5, 15250.0], [89411.5, 20550.0], [89411.0, 20000.0], [89410.5, 15000.0], [89408.5, 15490.0], [89408.0, 50000.0], [89406.0, 29170.0], [89405.5, 2880.0], [89405.0, 25990.0], [89404.5, 7290.0], [89404.0, 61590.0], [89401.5, 4970.0], [89400.0, 490.0], [89399.5, 910.0], [89396.5, 5690.0], [89396.0, 12710.0], [89394.5, 6350.0]], "asks": [[89420.0, 364150.0], [89423.5, 5040.0], [89424.0, 16880.0], [89424.5, 18000.0], [89425.0, 43610.0], [89428.5, 4000.0], [89431.5, 10.0], [89434.0, 25900.0], [89435.0, 11000.0], [89437.0, 26000.0], [89437.5, 41270.0], [89439.0, 45210.0], [89440.5, 5000.0], [89441.0, 40000.0], [89442.0, 12860.0], [89444.5, 7630.0], [89445.0, 12700.0], [89446.5, 12860.0], [89447.5, 25100.0], [89449.0, 9240.0]]}}}
{"jsonrpc": "2.0", "method": "subscription", "params": {"channel": "book.BTC-PERPETUAL.none.20.100ms", "data": {"timestamp": 1769615029508, "change_id": 137217709632, "instrument_name": "BTC-PERPETUAL", "bids": [[89419.5, 30010.0], [89413.5, 20240.0], [89413.0, 11000.0], [89412.5, 15250.0], [89411.5, 20550.0], [89411.0, 20000.0], [89410.5, 15000.0], [89408.5, 15490.0], [89408.0, 50000.0], [89406.0, 29170.0], [89405.0, 25990.0], [89404.5, 7290.0], [89404.0, 61590.0], [89401.5, 6250.0], [89401.0, 2880.0], [89400.0, 490.0], [89399.5, 910.0], [89396.5, 5690.0], [89396.0, 12710.0], [89394.5, 6350.0]], "asks": [[89420.0, 364150.0], [89423.5, 5040.0], [89424.0, 16880.0], [89424.5, 18000.0], [89425.0, 43610.0], [89428.5, 4000.0], [89431.5, 11950.0], [89432.0, 40000.0], [89434.0, 25900.0], [89434.5, 26000.0], [89435.0, 11000.0], [89437.5, 41270.0], [89439.0, 45210.0], [89440.5, 5000.0], [89441.0, 40000.0], [89442.0, 12860.0], [89444.5, 7630.0], [89445.0, 12700.0], [89446.5, 12860.0], [89447.0, 25000.0]]}}}
{"jsonrpc": "2.0", "method": "subscription", "params": {"channel": "book.BTC-PERPETUAL.none.20.100ms", "data": {"timestamp": 1769615029873, "change_id": 137217710180, "instrument_name": "BTC-PERPETUAL", "bids": [[89419.5, 5010.0], [89413.5, 11000.0], [89412.0, 9240.0], [89411.5, 11000.0], [89410.5, 15000.0], [89409.5, 50000.0], [89409.0, 20000.0], [89408.5, 6130.0], [89406.5, 20550.0], [89406.0, 29170.0], [89404.0, 61590.0], [89402.0, 25990.0], [89401.5, 8570.0], [89401.0, 2880.0], [89399.5, 910.0], [89397.0, 490.0], [89396.5, 12960.0], [89396.0, 39520.0], [89394.5, 6350.0], [89392.0, 900.0]], "asks": [[89420.0, 364030.0], [89423.5, 5040.0], [89424.0, 16880.0], [89424.5, 18000.0], [89425.0, 43610.0], [89428.5, 4000.0], [89431.0, 11000.0], [89431.5, 22950.0], [89432.0, 40000.0], [89434.0, 14900.0], [89434.5, 26000.0], [89437.5, 41270.0], [89439.0, 45210.0], [89440.5, 5000.0], [89441.0, 40000.0], [89442.0, 12860.0], [89444.5, 7630.0], [89445.0, 12700.0], [89446.0, 9240.0], [89446.5, 12860.0]]}}}
{"jsonrpc": "2.0", "method": "subscription", "params": {"channel": "book.BTC-PERPETUAL.none.20.100ms", "data": {"timestamp": 1769615030191, "change_id": 137217710485, "instrument_name": "BTC-PERPETUAL", "bids": [[89419.5, 5010.0], [89413.0, 11000.0], [89412.5, 11000.0], [89412.0, 9240.0], [89410.5, 15000.0], [89409.5, 70000.0], [89408.5, 6130.0], [89406.5, 20550.0], [89406.0, 29170.0], [89404.5, 25990.0], [89404.0, 61590.0], [89401.5, 16410.0], [89401.0, 2880.0], [89399.5, 910.0], [89397.0, 27300.0], [89396.5, 5690.0], [89396.0, 12710.0], [89394.5, 6350.0], [89392.0, 900.0], [89391.0, 90.0]], "asks": [[89420.0, 363940.0], [89423.0, 10230.0], [89423.5, 31400.0], [89424.0, 2880.0], [89424.5, 18000.0], [89425.0, 43610.0], [89428.5, 4000.0], [89431.0, 11000.0], [89431.5, 22950.0], [89432.0, 40000.0], [89434.0, 14900.0], [89434.5, 26000.0], [89437.5, 41270.0], [89439.0, 45210.0], [89440.5, 5000.0], [89441.0, 40000.0], [89442.0, 12860.0], [89444.5, 7630.0], [89445.0, 12700.0], [89446.0, 9240.0]]}}}
{"jsonrpc": "2.0", "method": "subscription", "params": {"channel": "book.BTC-PERPETUAL.none.20.100ms", "data": {"timestamp": 1769615030532, "change_id": 137217710766, "instrument_name": "BTC-PERPETUAL", "bids": [[89419.5, 5010.0], [89413.0, 11000.0], [89412.5, 11000.0], [89412.0, 9240.0], [89410.5, 15000.0], [89409.5, 20000.0], [89409.0, 50000.0], [89408.5, 6130.0], [89406.5, 20550.0], [89406.0, 29170.0], [89404.5, 25990.0], [89404.0, 61590.0], [89401.5, 13540.0], [89401.0, 2880.0], [89399.5, 900.0], [89397.0, 490.0], [89396.5, 12960.0], [89396.0, 39520.0], [89394.5, 6350.0], [89392.0, 900.0]], "asks": [[89420.0, 363820.0], [89423.0, 10230.0], [89423.5, 31400.0], [89424.0, 2880.0], [89424.5, 18000.0], [89425.0, 43610.0], [89428.5, 4000.0], [89431.0, 11000.0], [89431.5, 22950.0], [89432.0, 40000.0], [89433.0, 11610.0], [89437.0, 26000.0], [89437.5, 41270.0], [89439.0, 45210.0], [89440.5, 5000.0], [89441.0, 40000.0], [89442.0, 12860.0], [89444.5, 7630.0], [89445.0, 12700.0], [89446.0, 9240.0]]}}}
{"jsonrpc": "2.0", "method": "subscription", "params": {"channel": "book.BTC-PERPETUAL.none.20.100ms", "data": {"timestamp": 1769615030866, "change_id": 137217711258, "instrument_name": "BTC-PERPETUAL", "bids": [[89419.5, 8410.0], [89413.5, 11000.0], [89413.0, 11000.0], [89412.0, 9240.0], [89410.5, 42030.0], [89410.0, 50000.0], [89409.5, 20000.0], [89406.5, 20550.0], [89406.0, 29170.0], [89404.5, 25990.0], [89404.0, 61590.0], [89401.5, 8570.0], [89401.0, 2880.0], [89400.0, 490.0], [89399.5, 900.0], [89396.5, 5690.0], [89396.0, 12710.0], [89394.5, 6350.0], [89393.5, 26810.0], [89392.0, 900.0]], "asks": [[89420.0, 364720.0], [89424.0, 2880.0], [89424.5, 18000.0], [89425.0, 43610.0], [89428.5, 4000.0], [89431.0, 11000.0], [89431.5, 22950.0], [89432.0, 40000.0], [89433.0, 11610.0], [89437.0, 26000.0], [89437.5, 41270.0], [89439.0, 45210.0], [89440.5, 5000.0], [89441.0, 40000.0], [89442.0, 12860.0], [89444.5, 7630.0], [89445.0, 12700.0], [89446.0, 9240.0], [89446.5, 12860.0], [89447.5, 25100.0]]}}}
{"jsonrpc": "2.0", "method": "subscription", "params": {"channel": "book.BTC-PERPETUAL.none.20.100ms", "data": {"timestamp": 1769615031177, "change_id": 137217711569, "instrument_name": "BTC-PERPETUAL", "bids": [[89419.5, 5910.0], [89415.5, 10000.0], [89413.0, 11000.0], [89412.5, 11000.0], [89412.0, 9240.0], [89410.5, 42030.0], [89410.0, 70000.0], [89406.5, 20550.0], [89406.0, 29170.0], [89404.5, 25990.0], [89404.0, 61590.0], [89401.5, 13540.0], [89401.0, 2880.0], [89400.0, 490.0], [89399.5, 900.0], [89396.5, 5690.0], [89396.0, 12710.0], [89394.5, 6350.0], [89393.5, 26810.0], [89392.0, 900.0]], "asks": [[89420.0, 320920.0], [89423.5, 11460.0], [89424.0, 38380.0], [89424.5, 18000.0], [89425.0, 43610.0], [89428.5, 4000.0], [89431.0, 11000.0], [89431.5, 11950.0], [89432.0, 40000.0], [89432.5, 11000.0], [89433.0, 11610.0], [89437.0, 26000.0], [89437.5, 41270.0], [89439.0, 45210.0], [89440.5, 5000.0], [89441.0, 40000.0], [89442.0, 12860.0], [89444.5, 7630.0], [89445.0, 12700.0], [89446.5, 12860.0]]}}}
{"jsonrpc": "2.0", "method": "subscription", "params": {"channel": "book.BTC-PERPETUAL.none.20.100ms", "data": {"timestamp": 1769615031519, "change_id": 137217711852, "instrument_name": "BTC-PERPETUAL", "bids": [[89419.5, 5910.0], [89415.0, 10000.0], [89413.0, 11000.0], [89412.5, 11000.0], [89412.0, 9240.0], [89410.5, 42030.0], [89410.0, 20000.0], [89407.0, 50000.0], [89406.5, 20550.0], [89406.0, 29170.0], [89404.0, 61590.0], [89402.0, 25990.0], [89401.5, 13540.0], [89401.0, 2880.0], [89399.5, 900.0], [89397.0, 490.0], [89396.5, 12960.0], [89396.0, 12710.0], [89394.5, 6350.0], [89392.5, 26810.0]], "asks": [[89420.0, 320920.0], [89423.5, 11460.0], [89424.0, 38380.0], [89424.5, 18000.0], [89425.0, 43610.0], [89428.5, 4000.0], [89430.5, 18510.0], [89431.0, 22000.0], [89431.5, 10.0], [89432.0, 40000.0], [89433.0, 11610.0], [89437.0, 26000.0], [89437.5, 41270.0], [89439.0, 45210.0], [89440.5, 5000.0], [89441.0, 40000.0], [89442.0, 12860.0], [89444.5, 7630.0], [89445.0, 12700.0], [89446.0, 9240.0]]}}}
{"jsonrpc": "2.0", "method": "subscription", "params": {"channel": "book.BTC-PERPETUAL.none.20.100ms", "data": {"timestamp": 1769615031859, "change_id": 137217712932, "instrument_name": "BTC-PERPETUAL", "bids": [[89419.5, 5910.0], [89410.5, 15000.0], [89406.0, 20000.0], [89405.5, 11000.0], [89401.5, 4970.0], [89400.0, 20240.0], [89399.5, 900.0], [89397.5, 14930.0], [89397.0, 50000.0], [89395.5, 22190.0], [89395.0, 61590.0], [89393.0, 12750.0], [89392.0, 12630.0], [89391.5, 6370.0], [89391.0, 90.0], [89390.5, 7290.0], [89389.5, 25990.0], [89388.0, 9450.0], [89387.5, 3370.0], [89386.0, 28790.0]], "asks": [[89420.0, 332070.0], [89422.5, 19220.0], [89423.0, 37000.0], [89424.0, 38380.0], [89424.5, 18000.0], [89425.0, 43610.0], [89428.0, 5000.0], [89428.5, 4000.0], [89429.5, 11940.0], [89431.5, 10.0], [89432.0, 40000.0], [89433.0, 6120.0], [89437.0, 9240.0], [89437.5, 64060.0], [89439.0, 45210.0], [89440.0, 61620.0], [89441.0, 40000.0], [89442.0, 12860.0], [89444.5, 7630.0], [89445.0, 12700.0]]}}}
{"jsonrpc": "2.0", "method": "subscription", "params": {"channel": "book.BTC-PERPETUAL.none.20.100ms", "data": {"timestamp": 1769615032186, "change_id": 137217713364, "instrument_name": "BTC-PERPETUAL", "bids": [[89419.5, 5910.0], [89410.5, 15000.0], [89406.0, 20000.0], [89402.0, 31240.0], [89399.5, 900.0], [89398.5, 20320.0], [89398.0, 50000.0], [89397.0, 20550.0], [89396.5, 28470.0], [89394.0, 61590.0], [89393.5, 25990.0], [89393.0, 12750.0], [89392.0, 4870.0], [89391.5, 6370.0], [89391.0, 90.0], [89390.5, 7290.0], [89388.5, 500.0], [89388.0, 9450.0], [89387.5, 2880.0], [89386.0, 28790.0]], "asks": [[89420.0, 376030.0], [89420.5, 38860.0], [89421.0, 43800.0], [89421.5, 11000.0], [89423.5, 26000.0], [89424.0, 38380.0], [89424.5, 18000.0], [89425.0, 43610.0], [89428.5, 4000.0], [89429.5, 11940.0], [89431.5, 5010.0], [89432.0, 40000.0], [89433.0, 18170.0], [89436.0, 41350.0], [89437.0, 9240.0], [89437.5, 46430.0], [89439.0, 45210.0], [89441.0, 40000.0], [89441.5, 2950.0], [89442.0, 12860.0]]}}}
{"jsonrpc": "2.0", "method": "subscription", "params": {"channel": "book.BTC-PERPETUAL.none.20.100ms", "data": {"timestamp": 1769615032522, "change_id": 137217713899, "instrument_name": "BTC-PERPETUAL", "bids": [[89410.5, 15400.0], [89406.0, 20000.0], [89400.5, 22000.0], [89399.5, 50900.0], [89399.0, 9240.0], [89398.5, 5780.0], [89397.0, 20550.0], [89396.5, 28470.0], [89393.0, 12750.0], [89392.5, 73870.0], [89392.0, 900.0], [89391.5, 6370.0], [89391.0, 26080.0], [89390.5, 7290.0], [89389.0, 500.0], [89388.0, 9450.0], [89387.5, 2880.0], [89386.0, 28790.0], [89379.0, 52620.0], [89378.5, 70900.0]], "asks": [[89411.0, 300010.0], [89415.0, 25010.0], [89415.5, 40000.0], [89419.5, 147370.0], [89420.0, 203630.0], [89420.5, 26000.0], [89424.0, 35500.0], [89424.5, 25340.0], [89425.0, 88610.0], [89428.5, 4000.0], [89429.0, 5000.0], [89429.5, 11940.0], [89431.5, 10.0], [89432.0, 40000.0], [89433.0, 18170.0], [89435.5, 9240.0], [89436.0, 54080.0], [89437.5, 46430.0], [89439.0, 210.0], [89440.0, 3000.0]]}}}
{"jsonrpc": "2.0", "method": "subscription", "params": {"channel": "book.BTC-PERPETUAL.none.20.100ms", "data": {"timestamp": 1769615032853, "change_id": 137217714726, "instrument_name": "BTC-PERPETUAL", "bids": [[89410.5, 400.0], [89400.5, 20000.0], [89399.5, 900.0], [89399.0, 11000.0], [89393.5, 70240.0], [89392.0, 900.0], [89391.0, 90.0], [89389.5, 18380.0], [89389.0, 61590.0], [89388.0, 19220.0], [89386.5, 25990.0], [89386.0, 28790.0], [89385.5, 13660.0], [89379.0, 490.0], [89378.5, 900.0], [89376.0, 12710.0], [89375.0, 112760.0], [89373.5, 25000.0], [89371.0, 3000.0], [89370.5, 80.0]], "asks": [[89411.0, 303510.0], [89414.5, 11000.0], [89415.0, 25010.0], [89415.5, 40000.0], [89419.0, 26000.0], [89419.5, 115030.0], [89420.0, 191930.0], [89424.0, 35500.0], [89424.5, 25340.0], [89425.0, 88610.0], [89428.0, 5000.0], [89428.5, 4000.0], [89429.0, 9240.0], [89429.5, 11940.0], [89431.0, 3000.0], [89431.5, 10.0], [89432.0, 40000.0], [89433.0, 18170.0], [89436.0, 54080.0], [89437.0, 61620.0]]}}}
{"jsonrpc": "2.0", "method": "subscription", "params": {"channel": "book.BTC-PERPETUAL.none.20.100ms", "data": {"timestamp": 1769615033164, "change_id": 137217715457, "instrument_name": "BTC-PERPETUAL", "bids": [[89410.5, 400.0], [89399.5, 900.0], [89397.5, 10000.0], [89394.0, 20000.0], [89393.5, 22000.0], [89392.5, 9240.0], [89392.0, 900.0], [89391.5, 33340.0], [89391.0, 50090.0], [89390.0, 61590.0], [89386.5, 15790.0], [89386.0, 25990.0], [89385.5, 26920.0], [89385.0, 7290.0], [89382.5, 4810.0], [89382.0, 12760.0], [89379.5, 490.0], [89379.0, 2880.0], [89378.5, 900.0], [89376.0, 12710.0]], "asks": [[89411.0, 303610.0], [89414.0, 43700.0], [89414.5, 11000.0], [89415.0, 36010.0], [89415.5, 40000.0], [89419.0, 26000.0], [89419.5, 115030.0], [89420.0, 180830.0], [89423.5, 5000.0], [89424.5, 25340.0], [89425.0, 88610.0], [89428.5, 4000.0], [89429.0, 14210.0], [89429.5, 11940.0], [89431.5, 2960.0], [89432.0, 40000.0], [89433.0, 18170.0], [89436.0, 57080.0], [89436.5, 25000.0], [89437.0, 61620.0]]}}}
{"jsonrpc": "2.0", "method": "subscription", "params": {"channel": "book.BTC-PERPETUAL.none.20.100ms", "data": {"timestamp": 1769615033515, "change_id": 137217715843, "instrument_name": "BTC-PERPETUAL", "bids": [[89410.5, 2400.0], [89399.5, 900.0], [89397.5, 10000.0], [89394.5, 11000.0], [89394.0, 20000.0], [89393.5, 11000.0], [89393.0, 50000.0], [89392.5, 9240.0], [89392.0, 900.0], [89391.0, 90.0], [89390.0, 6130.0], [89389.5, 20550.0], [89387.5, 22460.0], [89387.0, 61590.0], [89386.0, 25990.0], [89385.5, 6370.0], [89385.0, 7290.0], [89383.0, 490.0], [89382.5, 4810.0], [89382.0, 12760.0]], "asks": [[89411.0, 303510.0], [89413.5, 27330.0], [89414.0, 43700.0], [89414.5, 11000.0], [89415.0, 25010.0], [89415.5, 40000.0], [89419.0, 26000.0], [89419.5, 115030.0], [89420.0, 180830.0], [89424.0, 5000.0], [89424.5, 25340.0], [89425.0, 88610.0], [89428.5, 4000.0], [89429.0, 9240.0], [89429.5, 11940.0], [89431.5, 10.0], [89432.0, 40000.0], [89433.0, 18170.0], [89435.5, 25000.0], [89436.0, 57080.0]]}}}
{"jsonrpc": "2.0", "method": "subscription", "params": {"channel": "book.BTC-PERPETUAL.none.20.100ms", "data": {"timestamp": 1769615033846, "change_id": 137217716407, "instrument_name": "BTC-PERPETUAL", "bids": [[89410.5, 2400.0], [89399.5, 900.0], [89396.5, 10000.0], [89395.5, 11000.0], [89392.5, 11000.0], [89392.0, 900.0], [89391.5, 20000.0], [89391.0, 9330.0], [89390.0, 50000.0], [89389.5, 20550.0], [89387.5, 22460.0], [89387.0, 61590.0], [89385.5, 6370.0], [89385.0, 7290.0], [89383.5, 11960.0], [89383.0, 25990.0], [89382.0, 12760.0], [89379.5, 490.0], [89379.0, 2880.0], [89378.5, 900.0]], "asks": [[89411.0, 307510.0], [89412.5, 11000.0], [89413.0, 11000.0], [89413.5, 16330.0], [89414.0, 43700.0], [89415.0, 51010.0], [89415.5, 40000.0], [89419.5, 115030.0], [89420.0, 180730.0], [89424.0, 5000.0], [89424.5, 25340.0], [89425.0, 88610.0], [89428.0, 9240.0], [89428.5, 4000.0], [89429.5, 11940.0], [89431.5, 10.0], [89432.0, 40000.0], [89433.0, 18170.0], [89435.0, 61620.0], [89435.5, 25000.0]]}}}
{"jsonrpc": "2.0", "method": "subscription", "params": {"channel": "book.BTC-PERPETUAL.none.20.100ms", "data": {"timestamp": 1769615034173, "change_id": 137217717709, "instrument_name": "BTC-PERPETUAL", "bids": [[89399.5, 900.0], [89394.0, 20000.0], [89393.5, 31240.0], [89392.0, 900.0], [89391.0, 90.0], [89388.5, 14930.0], [89388.0, 50000.0], [89387.5, 34450.0], [89385.5, 46540.0], [89385.0, 7290.0], [89384.5, 61590.0], [89383.5, 4810.0], [89382.0, 12760.0], [89379.0, 2880.0], [89378.5, 900.0], [89376.5, 490.0], [89376.0, 12710.0], [89375.5, 33660.0], [89375.0, 112760.0], [89372.5, 6380.0]], "asks": [[89400.0, 270280.0], [89406.0, 13040.0], [89410.5, 63850.0], [89413.5, 11000.0], [89414.5, 11000.0], [89415.0, 64480.0], [89415.5, 40000.0], [89419.0, 31000.0], [89419.5, 71230.0], [89420.0, 180730.0], [89424.0, 12770.0], [89424.5, 18000.0], [89425.0, 56370.0], [89428.0, 9240.0], [89428.5, 4000.0], [89429.0, 4970.0], [89429.5, 11940.0], [89431.5, 10.0], [89432.0, 40000.0], [89432.5, 12770.0]]}}}
{"jsonrpc": "2.0", "method": "subscription", "params": {"channel": "book.BTC-PERPETUAL.none.20.100ms", "data": {"timestamp": 1769615034505, "change_id": 137217718741, "instrument_name": "BTC-PERPETUAL", "bids": [[89399.5, 900.0], [89392.0, 900.0], [89391.0, 90.0], [89389.0, 20000.0], [89386.5, 11000.0], [89382.5, 11000.0], [89380.5, 30300.0], [89380.0, 50000.0], [89379.5, 20550.0], [89378.5, 19280.0], [89378.0, 61590.0], [89374.0, 14810.0], [89373.5, 38760.0], [89372.5, 13670.0], [89370.5, 80.0], [89370.0, 490.0], [89369.5, 2880.0], [89368.5, 7670.0], [89368.0, 12860.0], [89367.5, 12340.0]], "asks": [[89400.0, 273280.0], [89404.5, 11000.0], [89405.0, 22940.0], [89405.5, 40000.0], [89406.0, 19140.0], [89410.0, 26000.0], [89410.5, 58630.0], [89414.5, 5000.0], [89415.0, 58430.0], [89415.5, 40000.0], [89419.5, 80470.0], [89420.0, 180730.0], [89423.5, 61620.0], [89424.0, 12770.0], [89424.5, 23000.0], [89425.0, 56370.0], [89426.0, 25000.0], [89428.5, 46920.0], [89429.5, 11940.0], [89431.5, 10.0]]}}}
