{"jsonrpc": "2.0", "id": 1, "result": ["book.BTC-PERPETUAL.none.20.100ms"], "usIn": 1770343842934224, "usOut": 1770343842934474, "usDiff": 250, "testnet": false}
{"jsonrpc": "2.0", "method": "subscription", "params": {"channel": "book.BTC-PERPETUAL.none.20.100ms", "data": {"timestamp": 1770343842933, "change_id": 138891486992, "instrument_name": "BTC-PERPETUAL", "bids": [[65000.0, 485520.0], [64999.5, 90.0], [64995.5, 2000.0], [64989.0, 490.0], [64988.5, 3000.0], [64984.5, 1790.0], [64981.5, 5980.0], [64980.5, 5740.0], [64978.5, 8240.0], [64978.0, 10990.0], [64977.5, 1720.0], [64977.0, 5750.0], [64974.0, 5210.0], [64973.5, 5770.0], [64971.0, 75040.0], [64970.5, 13080.0], [64969.0, 580.0], [64967.5, 9230.0], [64967.0, 1790.0], [64966.0, 30890.0]], "asks": [[65000.5, 57980.0], [65002.0, 9000.0], [65002.5, 10990.0], [65003.0, 490.0], [65003.5, 10000.0], [65004.0, 17470.0], [65007.0, 33480.0], [65007.5, 20210.0], [65008.0, 8900.0], [65008.5, 9170.0], [65009.0, 46190.0], [65010.0, 2150.0], [65010.5, 7190.0], [65017.5, 1860.0], [65019.0, 200.0], [65019.5, 6030.0], [65020.0, 3010.0], [65022.5, 75010.0], [65023.0, 13430.0], [65025.0, 45000.0]]}}}
{"jsonrpc": "2.0", "method": "subscription", "params": {"channel": "book.BTC-PERPETUAL.none.20.100ms", "data": {"timestamp": 1770343842948, "change_id": 138891487015, "instrument_name": "BTC-PERPETUAL", "bids": [[65000.0, 498520.0], [64996.5, 90.0], [64995.5, 2000.0], [64989.0, 490.0], [64988.5, 3000.0], [64984.5, 1790.0], [64981.5, 5980.0], [64980.5, 5740.0], [64978.5, 8240.0], [64978.0, 10990.0], [64977.5, 1720.0], [64977.0, 5750.0], [64974.0, 5210.0], [64973.5, 5770.0], [64971.0, 75040.0], [64970.5, 13080.0], [64969.0, 580.0], [64967.5, 9230.0], [64967.0, 1790.0], [64966.0, 30890.0]], "asks": [[65000.5, 59850.0], [65001.5, 10890.0], [65002.0, 9000.0], [65003.0, 490.0], [65003.5, 37730.0], [65006.5, 31640.0], [65007.0, 34210.0], [65008.0, 8900.0], [65008.5, 9170.0], [65009.0, 46190.0], [65010.0, 2150.0], [65010.5, 7190.0], [65017.5, 1860.0], [65019.0, 200.0], [65019.5, 6030.0], [65020.0, 3010.0], [65022.5, 75010.0], [65023.0, 13430.0], [65025.0, 45000.0], [65027.5, 6020.0]]}}}
{"jsonrpc": "2.0", "method": "subscription", "params": {"channel": "book.BTC-PERPETUAL.none.20.100ms", "data": {"timestamp": 1770343843276, "change_id": 138891487867, "instrument_name": "BTC-PERPETUAL", "bids": [[65000.0, 518300.0], [64990.0, 6330.0], [64989.5, 19230.0], [64989.0, 490.0], [64988.5, 3000.0], [64987.0, 580.0], [64981.5, 5980.0], [64980.5, 7190.0], [64977.5, 47880.0], [64977.0, 5750.0], [64974.0, 27360.0], [64973.5, 5770.0], [64971.5, 19480.0], [64971.0, 75040.0], [64970.5, 5890.0], [64970.0, 3000.0], [64967.0, 39790.0], [64966.0, 5890.0], [64965.5, 25000.0], [64965.0, 45000.0]], "asks": [[65000.5, 32760.0], [65008.5, 10.0], [65009.0, 10000.0], [65010.0, 490.0], [65018.0, 29580.0], [65018.5, 13990.0], [65019.0, 85720.0], [65019.5, 6030.0], [65020.0, 3010.0], [65023.0, 13430.0], [65025.0, 45000.0], [65027.5, 6020.0], [65029.0, 10.0], [65032.0, 75010.0], [65033.0, 100.0], [65034.5, 6020.0], [65038.0, 6020.0], [65039.0, 3000.0], [65039.5, 9950.0], [65041.0, 1800.0]]}}}
{"jsonrpc": "2.0", "method": "subscription", "params": {"channel": "book.BTC-PERPETUAL.none.20.100ms", "data": {"timestamp": 1770343843607, "change_id": 138891488674, "instrument_name": "BTC-PERPETUAL", "bids": [[65000.0, 503700.0], [64990.0, 1040.0], [64988.5, 3000.0], [64983.0, 7020.0], [64982.5, 490.0], [64981.5, 5980.0], [64981.0, 19230.0], [64978.5, 580.0], [64977.5, 1720.0], [64977.0, 5750.0], [64974.5, 7190.0], [64973.5, 5770.0], [64971.0, 90.0], [64970.5, 5890.0], [64970.0, 3000.0], [64968.5, 84180.0], [64967.0, 1790.0], [64966.0, 5890.0], [64965.5, 25000.0], [64965.0, 45000.0]], "asks": [[65000.5, 26940.0], [65007.0, 5320.0], [65007.5, 19230.0], [65008.5, 500.0], [65009.0, 32860.0], [65009.5, 72610.0], [65010.0, 33480.0], [65011.0, 610.0], [65013.0, 3040.0], [65019.0, 200.0], [65019.5, 6030.0], [65020.0, 3010.0], [65022.5, 75010.0], [65023.0, 13430.0], [65025.0, 45000.0], [65027.5, 6020.0], [65029.0, 10.0], [65032.5, 71840.0], [65033.0, 100.0], [65034.5, 6020.0]]}}}
{"jsonrpc": "2.0", "method": "subscription", "params": {"channel": "book.BTC-PERPETUAL.none.20.100ms", "data": {"timestamp": 1770343843912, "change_id": 138891489539, "instrument_name": "BTC-PERPETUAL", "bids": [[65000.0, 505700.0], [64990.5, 490.0], [64990.0, 1040.0], [64988.5, 3000.0], [64984.5, 7530.0], [64984.0, 8240.0], [64983.5, 10990.0], [64981.5, 5980.0], [64978.5, 580.0], [64977.5, 1720.0], [64977.0, 5750.0], [64974.5, 7190.0], [64973.5, 5770.0], [64971.0, 75040.0], [64970.5, 15120.0], [64970.0, 3000.0], [64967.0, 1790.0], [64966.5, 63000.0], [64966.0, 52050.0], [64965.0, 45000.0]], "asks": [[65000.5, 52660.0], [65008.0, 27260.0], [65008.5, 47460.0], [65009.5, 25340.0], [65010.0, 13990.0], [65010.5, 46190.0], [65011.0, 610.0], [65019.0, 200.0], [65019.5, 6030.0], [65020.0, 3010.0], [65022.5, 75010.0], [65023.0, 13430.0], [65025.0, 45000.0], [65027.5, 6020.0], [65029.0, 10.0], [65032.5, 71840.0], [65033.0, 100.0], [65034.5, 6020.0], [65035.0, 3000.0], [65038.0, 6020.0]]}}}
{"jsonrpc": "2.0", "method": "subscription", "params": {"channel": "book.BTC-PERPETUAL.none.20.100ms", "data": {"timestamp": 1770343844268, "change_id": 138891490282, "instrument_name": "BTC-PERPETUAL", "bids": [[65000.0, 492790.0], [64994.0, 2990.0], [64993.5, 10000.0], [64992.0, 490.0], [64991.5, 1040.0], [64988.5, 3000.0], [64985.0, 3280.0], [64984.5, 15230.0], [64982.5, 8240.0], [64981.5, 5980.0], [64978.5, 580.0], [64977.5, 1720.0], [64977.0, 5750.0], [64974.5, 7190.0], [64973.5, 5770.0], [64971.0, 90.0], [64970.5, 15120.0], [64970.0, 3000.0], [64968.0, 74950.0], [64967.0, 47550.0]], "asks": [[65000.5, 41000.0], [65006.5, 28440.0], [65007.0, 19980.0], [65008.5, 27480.0], [65009.0, 20290.0], [65009.5, 7190.0], [65010.0, 13990.0], [65010.5, 46190.0], [65011.0, 610.0], [65019.0, 200.0], [65019.5, 6030.0], [65020.0, 3010.0], [65022.5, 75000.0], [65023.0, 13430.0], [65025.0, 45000.0], [65027.5, 6020.0], [65029.0, 3010.0], [65031.0, 3040.0], [65032.5, 71840.0], [65033.0, 100.0]]}}}
{"jsonrpc": "2.0", "method": "subscription", "params": {"channel": "book.BTC-PERPETUAL.none.20.100ms", "data": {"timestamp": 1770343844601, "change_id": 138891490908, "instrument_name": "BTC-PERPETUAL", "bids": [[65000.0, 505300.0], [64992.0, 490.0], [64988.5, 3000.0], [64987.5, 5580.0], [64987.0, 19230.0], [64986.5, 580.0], [64984.5, 1790.0], [64981.5, 5980.0], [64977.5, 3640.0], [64977.0, 5750.0], [64975.0, 9230.0], [64974.0, 38000.0], [64973.5, 5770.0], [64972.5, 74950.0], [64972.0, 25000.0], [64971.5, 46160.0], [64971.0, 90.0], [64970.5, 5890.0], [64970.0, 3000.0], [64967.0, 1790.0]], "asks": [[65000.5, 24140.0], [65008.0, 19490.0], [65008.5, 10010.0], [65009.5, 17470.0], [65010.0, 13990.0], [65010.5, 10990.0], [65011.0, 610.0], [65015.5, 3040.0], [65018.5, 3770.0], [65019.0, 690.0], [65019.5, 13220.0], [65020.0, 3010.0], [65023.0, 13430.0], [65025.0, 45000.0], [65027.5, 6020.0], [65029.0, 10.0], [65032.0, 75010.0], [65033.0, 100.0], [65034.5, 6020.0], [65038.0, 9020.0]]}}}
{"jsonrpc": "2.0", "method": "subscription", "params": {"channel": "book.BTC-PERPETUAL.none.20.100ms", "data": {"timestamp": 1770343844932, "change_id": 138891492094, "instrument_name": "BTC-PERPETUAL", "bids": [[65000.0, 503390.0], [64994.5, 2000.0], [64990.0, 490.0], [64989.5, 4180.0], [64988.5, 3000.0], [64988.0, 15470.0], [64987.5, 7190.0], [64987.0, 8240.0], [64986.5, 580.0], [64984.5, 1790.0], [64981.5, 5980.0], [64977.5, 4470.0], [64977.0, 5750.0], [64974.5, 9230.0], [64973.5, 80720.0], [64972.0, 28000.0], [64971.0, 46250.0], [64970.5, 5890.0], [64967.0, 1790.0], [64966.5, 57480.0]], "asks": [[65000.5, 29980.0], [65008.5, 10.0], [65010.0, 55950.0], [65010.5, 28950.0], [65011.0, 60180.0], [65019.0, 810.0], [65019.5, 13220.0], [65020.0, 3010.0], [65022.5, 75000.0], [65023.0, 13430.0], [65025.0, 45000.0], [65027.5, 6020.0], [65029.0, 10.0], [65033.0, 100.0], [65034.5, 6020.0], [65035.5, 3000.0], [65038.0, 6020.0], [65039.5, 9950.0], [65041.0, 21440.0], [65041.5, 6020.0]]}}}
{"jsonrpc": "2.0", "method": "subscription", "params": {"channel": "book.BTC-PERPETUAL.none.20.100ms", "data": {"timestamp": 1770343845253, "change_id": 138891492770, "instrument_name": "BTC-PERPETUAL", "bids": [[65000.0, 505370.0], [64990.0, 490.0], [64989.5, 4180.0], [64989.0, 8240.0], [64988.5, 3000.0], [64987.5, 3450.0], [64987.0, 10990.0], [64986.5, 580.0], [64984.5, 1790.0], [64981.5, 5980.0], [64980.5, 2150.0], [64980.0, 7190.0], [64977.5, 33740.0], [64977.0, 80700.0], [64976.5, 25000.0], [64974.5, 9230.0], [64973.5, 5770.0], [64972.0, 3000.0], [64971.0, 46250.0], [64970.5, 5890.0]], "asks": [[65000.5, 24670.0], [65008.5, 10.0], [65009.5, 19230.0], [65010.0, 9230.0], [65010.5, 9860.0], [65011.0, 19490.0], [65011.5, 3040.0], [65012.5, 26920.0], [65013.0, 60670.0], [65019.0, 4760.0], [65019.5, 13220.0], [65020.0, 3010.0], [65023.0, 34100.0], [65024.5, 75000.0], [65025.0, 45000.0], [65027.5, 6020.0], [65029.0, 10.0], [65030.5, 3000.0], [65033.0, 100.0], [65034.5, 6020.0]]}}}
{"jsonrpc": "2.0", "method": "subscription", "params": {"channel": "book.BTC-PERPETUAL.none.20.100ms", "data": {"timestamp": 1770343845591, "change_id": 138891493289, "instrument_name": "BTC-PERPETUAL", "bids": [[65000.0, 505460.0], [64989.0, 490.0], [64988.5, 3000.0], [64985.5, 3280.0], [64985.0, 10990.0], [64984.5, 4240.0], [64982.0, 8240.0], [64981.5, 5980.0], [64980.5, 2150.0], [64980.0, 7190.0], [64978.0, 580.0], [64977.5, 11360.0], [64977.0, 5750.0], [64976.0, 25000.0], [64973.5, 5770.0], [64971.0, 90.0], [64970.5, 5890.0], [64968.0, 84180.0], [64967.0, 1790.0], [64966.5, 41000.0]], "asks": [[65000.5, 21630.0], [65007.5, 10990.0], [65008.0, 19490.0], [65008.5, 10.0], [65009.0, 17470.0], [65010.0, 23620.0], [65010.5, 46800.0], [65011.5, 3040.0], [65012.5, 4180.0], [65013.0, 13990.0], [65019.0, 4150.0], [65019.5, 13220.0], [65020.0, 3010.0], [65022.5, 75010.0], [65023.0, 13430.0], [65025.0, 45000.0], [65027.5, 6020.0], [65029.0, 10.0], [65030.5, 3000.0], [65033.0, 100.0]]}}}
{"jsonrpc": "2.0", "method": "subscription", "params": {"channel": "book.BTC-PERPETUAL.none.20.100ms", "data": {"timestamp": 1770343845918, "change_id": 138891494340, "instrument_name": "BTC-PERPETUAL", "bids": [[65000.0, 514350.0], [64999.0, 490.0], [64990.5, 10990.0], [64990.0, 6780.0], [64989.5, 8240.0], [64988.5, 3000.0], [64988.0, 7190.0], [64987.5, 580.0], [64984.0, 9250.0], [64983.5, 25000.0], [64981.5, 5980.0], [64978.5, 84180.0], [64977.5, 11360.0], [64977.0, 5750.0], [64975.0, 45000.0], [64974.0, 84160.0], [64973.5, 5770.0], [64971.0, 90.0], [64970.5, 5890.0], [64967.5, 19480.0]], "asks": [[65000.5, 9470.0], [65001.0, 10000.0], [65015.5, 35170.0], [65016.0, 99320.0], [65016.5, 19230.0], [65019.0, 200.0], [65019.5, 13830.0], [65020.0, 3010.0], [65023.0, 13430.0], [65025.0, 45000.0], [65027.5, 6020.0], [65029.0, 10.0], [65033.0, 100.0], [65034.0, 120.0], [65034.5, 6020.0], [65038.0, 6020.0], [65039.0, 75010.0], [65039.5, 9950.0], [65040.5, 3000.0], [65041.0, 26800.0]]}}}
{"jsonrpc": "2.0", "method": "subscription", "params": {"channel": "book.BTC-PERPETUAL.none.20.100ms", "data": {"timestamp": 1770343846252, "change_id": 138891494950, "instrument_name": "BTC-PERPETUAL", "bids": [[65000.5, 35920.0], [65000.0, 524570.0], [64991.5, 8930.0], [64991.0, 8730.0], [64990.5, 10990.0], [64988.5, 3000.0], [64988.0, 7190.0], [64987.5, 580.0], [64984.0, 9250.0], [64983.5, 25000.0], [64981.5, 5980.0], [64979.0, 74950.0], [64978.5, 9230.0], [64977.5, 39710.0], [64977.0, 5750.0], [64975.5, 3000.0], [64975.0, 45000.0], [64974.0, 84160.0], [64973.5, 5770.0], [64971.0, 19570.0]], "asks": [[65001.0, 10000.0], [65014.0, 9720.0], [65014.5, 49080.0], [65015.0, 33220.0], [65015.5, 10000.0], [65016.0, 50380.0], [65019.0, 200.0], [65019.5, 13830.0], [65020.0, 3010.0], [65023.0, 13430.0], [65025.0, 45000.0], [65027.0, 1800.0], [65027.5, 6020.0], [65029.0, 10.0], [65030.5, 6040.0], [65033.0, 100.0], [65034.0, 120.0], [65034.5, 6020.0], [65038.0, 6020.0], [65039.0, 75010.0]]}}}
{"jsonrpc": "2.0", "method": "subscription", "params": {"channel": "book.BTC-PERPETUAL.none.20.100ms", "data": {"timestamp": 1770343846583, "change_id": 138891495404, "instrument_name": "BTC-PERPETUAL", "bids": [[65000.5, 37410.0], [65000.0, 510520.0], [64993.0, 5430.0], [64992.5, 19230.0], [64991.5, 3040.0], [64988.5, 3000.0], [64988.0, 7190.0], [64987.5, 580.0], [64985.0, 2760.0], [64984.0, 9250.0], [64983.5, 25000.0], [64982.0, 9230.0], [64981.5, 5980.0], [64977.5, 46160.0], [64977.0, 5750.0], [64975.5, 77950.0], [64975.0, 45000.0], [64974.5, 19480.0], [64974.0, 38000.0], [64973.5, 5770.0]], "asks": [[65001.0, 10000.0], [65013.5, 10990.0], [65014.5, 1050.0], [65015.5, 490.0], [65016.0, 3040.0], [65018.5, 43700.0], [65019.0, 83350.0], [65019.5, 13830.0], [65020.0, 3010.0], [65023.0, 13430.0], [65025.0, 45000.0], [65027.0, 1800.0], [65027.5, 6020.0], [65029.0, 10.0], [65033.0, 100.0], [65034.0, 120.0], [65034.5, 6020.0], [65035.0, 3000.0], [65038.0, 6020.0], [65039.0, 75010.0]]}}}
{"jsonrpc": "2.0", "method": "subscription", "params": {"channel": "book.BTC-PERPETUAL.none.20.100ms", "data": {"timestamp": 1770343846911, "change_id": 138891496240, "instrument_name": "BTC-PERPETUAL", "bids": [[65000.5, 54500.0], [65000.0, 510520.0], [64991.5, 5930.0], [64989.5, 8240.0], [64989.0, 10990.0], [64988.5, 3000.0], [64988.0, 7190.0], [64987.5, 580.0], [64984.0, 9250.0], [64983.5, 25000.0], [64981.5, 5980.0], [64978.5, 3000.0], [64977.5, 9230.0], [64977.0, 5750.0], [64976.5, 74950.0], [64975.0, 45000.0], [64974.0, 38000.0], [64973.5, 5770.0], [64972.5, 46160.0], [64971.0, 90.0]], "asks": [[65001.0, 10000.0], [65012.0, 31200.0], [65012.5, 83800.0], [65013.0, 19490.0], [65014.0, 13990.0], [65014.5, 490.0], [65018.0, 4190.0], [65019.0, 200.0], [65019.5, 13830.0], [65020.0, 3010.0], [65023.0, 13430.0], [65025.0, 45000.0], [65027.0, 1800.0], [65027.5, 6020.0], [65029.0, 10.0], [65033.0, 100.0], [65034.0, 120.0], [65034.5, 6020.0], [65035.5, 3000.0], [65038.0, 6020.0]]}}}
{"jsonrpc": "2.0", "method": "subscription", "params": {"channel": "book.BTC-PERPETUAL.none.20.100ms", "data": {"timestamp": 1770343847239, "change_id": 138891496755, "instrument_name": "BTC-PERPETUAL", "bids": [[65000.5, 53990.0], [65000.0, 510520.0], [64993.0, 490.0], [64991.5, 8130.0], [64989.0, 19230.0], [64988.5, 3000.0], [64988.0, 7190.0], [64987.5, 580.0], [64984.0, 9250.0], [64983.5, 25000.0], [64981.5, 5980.0], [64978.5, 3000.0], [64978.0, 74950.0], [64977.0, 5750.0], [64976.0, 9230.0], [64975.0, 45000.0], [64974.0, 38000.0], [64973.5, 5770.0], [64971.5, 46160.0], [64971.0, 90.0]], "asks": [[65001.0, 10000.0], [65011.0, 55420.0], [65011.5, 490.0], [65012.0, 13450.0], [65012.5, 18380.0], [65013.0, 29490.0], [65014.0, 13990.0], [65014.5, 3040.0], [65018.0, 4190.0], [65019.0, 200.0], [65019.5, 13830.0], [65020.0, 3010.0], [65023.0, 13430.0], [65024.5, 75000.0], [65025.0, 45000.0], [65027.0, 1800.0], [65027.5, 6020.0], [65029.0, 10.0], [65030.5, 3000.0], [65033.0, 100.0]]}}}
{"jsonrpc": "2.0", "method": "subscription", "params": {"channel": "book.BTC-PERPETUAL.none.20.100ms", "data": {"timestamp": 1770343847576, "change_id": 138891497321, "instrument_name": "BTC-PERPETUAL", "bids": [[65000.5, 54540.0], [65000.0, 485520.0], [64994.5, 5740.0], [64994.0, 8240.0], [64992.0, 10990.0], [64991.5, 3040.0], [64988.5, 3000.0], [64988.0, 7190.0], [64987.5, 580.0], [64985.0, 22370.0], [64984.5, 74950.0], [64984.0, 9250.0], [64983.5, 25000.0], [64981.5, 5980.0], [64979.0, 9230.0], [64978.5, 3000.0], [64977.0, 5750.0], [64975.5, 46160.0], [64975.0, 45000.0], [64974.0, 57480.0]], "asks": [[65001.0, 10000.0], [65012.5, 13260.0], [65013.5, 19490.0], [65014.0, 33220.0], [65017.0, 39960.0], [65017.5, 46680.0], [65019.0, 200.0], [65019.5, 13830.0], [65020.0, 3010.0], [65023.0, 13430.0], [65025.0, 45000.0], [65027.0, 1800.0], [65027.5, 6020.0], [65029.0, 10.0], [65033.0, 100.0], [65034.5, 6020.0], [65035.5, 3000.0], [65038.0, 6020.0], [65039.0, 75000.0], [65039.5, 9950.0]]}}}
{"jsonrpc": "2.0", "method": "subscription", "params": {"channel": "book.BTC-PERPETUAL.none.20.100ms", "data": {"timestamp": 1770343847905, "change_id": 138891498560, "instrument_name": "BTC-PERPETUAL", "bids": [[65015.0, 7250.0], [65006.5, 1000.0], [65003.0, 3670.0], [65002.5, 12290.0], [65001.0, 9000.0], [65000.5, 206930.0], [65000.0, 485520.0], [64997.0, 1810.0], [64996.5, 6050.0], [64995.5, 3500.0], [64991.5, 9120.0], [64990.0, 6050.0], [64989.0, 19230.0], [64988.0, 7190.0], [64987.5, 580.0], [64984.0, 9250.0], [64983.5, 25000.0], [64981.5, 5980.0], [64978.0, 74950.0], [64977.0, 5750.0]], "asks": [[65015.5, 154010.0], [65016.0, 4720.0], [65019.0, 9000.0], [65019.5, 7800.0], [65023.0, 35010.0], [65023.5, 3040.0], [65024.5, 75000.0], [65025.0, 45000.0], [65027.0, 1800.0], [65027.5, 6020.0], [65029.0, 10.0], [65033.0, 100.0], [65034.0, 120.0], [65034.5, 6020.0], [65035.0, 3020.0], [65035.5, 3000.0], [65038.0, 6020.0], [65039.5, 9950.0], [65041.0, 1800.0], [65041.5, 6020.0]]}}}
{"jsonrpc": "2.0", "method": "subscription", "params": {"channel": "book.BTC-PERPETUAL.none.20.100ms", "data": {"timestamp": 1770343848224, "change_id": 138891499226, "instrument_name": "BTC-PERPETUAL", "bids": [[65015.0, 12250.0], [65010.5, 1000.0], [65004.5, 3810.0], [65002.5, 12290.0], [65001.0, 9000.0], [65000.5, 179420.0], [65000.0, 485520.0], [64997.5, 2700.0], [64996.5, 6050.0], [64995.5, 3010.0], [64995.0, 3280.0], [64992.0, 10990.0], [64991.5, 5910.0], [64990.5, 8240.0], [64990.0, 6050.0], [64988.0, 7190.0], [64987.5, 580.0], [64983.5, 25000.0], [64981.5, 5980.0], [64979.0, 74950.0]], "asks": [[65015.5, 196360.0], [65016.0, 5160.0], [65019.0, 9000.0], [65019.5, 7800.0], [65023.0, 13430.0], [65023.5, 3040.0], [65025.0, 45000.0], [65027.0, 1800.0], [65027.5, 6020.0], [65029.0, 10.0], [65033.0, 100.0], [65034.5, 6020.0], [65035.0, 6020.0], [65038.0, 6020.0], [65038.5, 25360.0], [65039.0, 75000.0], [65039.5, 9950.0], [65041.0, 1800.0], [65041.5, 6020.0], [65046.5, 6020.0]]}}}
{"jsonrpc": "2.0", "method": "subscription", "params": {"channel": "book.BTC-PERPETUAL.none.20.100ms", "data": {"timestamp": 1770343848566, "change_id": 138891499923, "instrument_name": "BTC-PERPETUAL", "bids": [[65002.5, 25820.0], [65001.0, 9000.0], [65000.5, 178930.0], [65000.0, 495520.0], [64992.0, 490.0], [64991.5, 6910.0], [64990.0, 6050.0], [64988.5, 10990.0], [64988.0, 15430.0], [64987.5, 580.0], [64983.5, 25000.0], [64983.0, 3010.0], [64981.5, 5980.0], [64977.0, 5750.0], [64976.0, 74950.0], [64975.0, 48000.0], [64974.5, 9230.0], [64973.5, 5770.0], [64971.0, 46250.0], [64970.5, 5890.0]], "asks": [[65003.0, 19500.0], [65010.5, 37690.0], [65011.0, 57180.0], [65011.5, 23400.0], [65012.0, 610.0], [65014.5, 10000.0], [65015.0, 36700.0], [65015.5, 78580.0], [65016.0, 5160.0], [65019.0, 9000.0], [65019.5, 7190.0], [65022.0, 6050.0], [65022.5, 75000.0], [65023.0, 13430.0], [65024.5, 3000.0], [65025.0, 45000.0], [65027.0, 1800.0], [65027.5, 6020.0], [65029.0, 10.0], [65033.0, 100.0]]}}}
{"jsonrpc": "2.0", "method": "subscription", "params": {"channel": "book.BTC-PERPETUAL.none.20.100ms", "data": {"timestamp": 1770343848893, "change_id": 138891500778, "instrument_name": "BTC-PERPETUAL", "bids": [[65002.5, 20110.0], [65001.0, 9000.0], [65000.5, 181910.0], [65000.0, 485520.0], [64993.5, 5890.0], [64993.0, 8240.0], [64992.5, 10990.0], [64992.0, 490.0], [64991.5, 3640.0], [64990.0, 6050.0], [64988.0, 7190.0], [64987.5, 580.0], [64983.5, 25000.0], [64983.0, 3010.0], [64981.5, 5980.0], [64977.0, 83700.0], [64976.5, 9230.0], [64975.5, 46160.0], [64975.0, 45000.0], [64973.5, 43770.0]], "asks": [[65003.0, 10000.0], [65010.0, 12780.0], [65010.5, 33480.0], [65012.0, 610.0], [65012.5, 20990.0], [65013.0, 46730.0], [65013.5, 46190.0], [65014.0, 490.0], [65015.0, 13240.0], [65015.5, 27210.0], [65016.0, 2150.0], [65019.5, 7190.0], [65022.0, 6050.0], [65023.0, 13430.0], [65024.5, 75010.0], [65025.0, 45000.0], [65027.0, 1800.0], [65027.5, 6020.0], [65029.0, 10.0], [65033.0, 100.0]]}}}
{"jsonrpc": "2.0", "method": "subscription", "params": {"channel": "book.BTC-PERPETUAL.none.20.100ms", "data": {"timestamp": 1770343849225, "change_id": 138891501328, "instrument_name": "BTC-PERPETUAL", "bids": [[65002.5, 25110.0], [65001.0, 9000.0], [65000.5, 181910.0], [65000.0, 485520.0], [64992.0, 490.0], [64991.5, 8930.0], [64990.0, 6050.0], [64988.5, 19230.0], [64988.0, 7190.0], [64987.5, 580.0], [64983.5, 25000.0], [64983.0, 3010.0], [64981.5, 5980.0], [64978.0, 74950.0], [64977.0, 8750.0], [64975.0, 45000.0], [64974.0, 9230.0], [64973.5, 43770.0], [64971.0, 90.0], [64970.5, 5890.0]], "asks": [[65003.0, 10500.0], [65009.0, 490.0], [65010.0, 51370.0], [65010.5, 66410.0], [65011.0, 19490.0], [65011.5, 13990.0], [65012.0, 610.0], [65013.0, 6050.0], [65014.5, 3040.0], [65015.0, 13240.0], [65016.0, 2150.0], [65019.5, 7190.0], [65022.0, 28440.0], [65022.5, 75000.0], [65023.0, 13430.0], [65025.0, 45000.0], [65027.0, 1800.0], [65027.5, 6020.0], [65029.0, 10.0], [65033.0, 100.0]]}}}
{"jsonrpc": "2.0", "method": "subscription", "params": {"channel": "book.BTC-PERPETUAL.none.20.100ms", "data": {"timestamp": 1770343849557, "change_id": 138891501745, "instrument_name": "BTC-PERPETUAL", "bids": [[65002.5, 35290.0], [65001.0, 9000.0], [65000.5, 181910.0], [65000.0, 485520.0], [64992.0, 490.0], [64991.5, 8930.0], [64990.5, 10990.0], [64990.0, 6050.0], [64988.0, 8240.0], [64987.5, 580.0], [64983.5, 25000.0], [64983.0, 3010.0], [64981.5, 5980.0], [64979.5, 7190.0], [64977.0, 5750.0], [64976.5, 74960.0], [64975.0, 45000.0], [64974.0, 9230.0], [64973.5, 46770.0], [64971.0, 46250.0]], "asks": [[65003.0, 10000.0], [65009.0, 28720.0], [65009.5, 34230.0], [65010.0, 10000.0], [65011.5, 19230.0], [65012.0, 610.0], [65012.5, 46190.0], [65013.0, 3950.0], [65014.0, 490.0], [65015.0, 13240.0], [65016.0, 2150.0], [65019.5, 7190.0], [65022.0, 6050.0], [65023.0, 13430.0], [65025.0, 45000.0], [65027.0, 1800.0], [65027.5, 6020.0], [65029.0, 10.0], [65033.0, 100.0], [65034.5, 6020.0]]}}}
{"jsonrpc": "2.0", "method": "subscription", "params": {"channel": "book.BTC-PERPETUAL.none.20.100ms", "data": {"timestamp": 1770343849872, "change_id": 138891502724, "instrument_name": "BTC-PERPETUAL", "bids": [[65010.5, 17250.0], [65003.0, 9800.0], [65002.5, 30180.0], [65001.0, 9000.0], [65000.5, 156910.0], [65000.0, 485520.0], [64997.0, 2630.0], [64996.5, 8240.0], [64996.0, 580.0], [64994.0, 3280.0], [64993.5, 10990.0], [64991.0, 3010.0], [64990.0, 6050.0], [64988.0, 4130.0], [64987.5, 7190.0], [64986.5, 25000.0], [64985.5, 6050.0], [64984.5, 84180.0], [64981.5, 5980.0], [64980.5, 38000.0]], "asks": [[65011.0, 23960.0], [65013.5, 9000.0], [65014.0, 2690.0], [65015.0, 9000.0], [65017.5, 10000.0], [65018.0, 59510.0], [65019.0, 55910.0], [65019.5, 7190.0], [65021.0, 610.0], [65021.5, 4180.0], [65022.0, 13990.0], [65023.0, 13430.0], [65025.0, 48040.0], [65027.0, 1800.0], [65027.5, 6020.0], [65030.5, 3020.0], [65033.0, 100.0], [65034.5, 6020.0], [65037.5, 120.0], [65038.0, 6020.0]]}}}
{"jsonrpc": "2.0", "method": "subscription", "params": {"channel": "book.BTC-PERPETUAL.none.20.100ms", "data": {"timestamp": 1770343850214, "change_id": 138891503587, "instrument_name": "BTC-PERPETUAL", "bids": [[65007.0, 7250.0], [65002.5, 180.0], [65002.0, 1000.0], [65000.5, 25000.0], [65000.0, 485520.0], [64991.5, 6130.0], [64991.0, 3010.0], [64990.0, 6050.0], [64986.5, 5260.0], [64985.5, 6050.0], [64984.5, 580.0], [64981.5, 5980.0], [64978.5, 25000.0], [64978.0, 7190.0], [64977.0, 5750.0], [64975.5, 41560.0], [64975.0, 45000.0], [64974.0, 74940.0], [64973.5, 5770.0], [64971.0, 90.0]], "asks": [[65007.5, 35090.0], [65010.5, 36400.0], [65011.0, 76100.0], [65012.5, 22440.0], [65013.0, 57180.0], [65013.5, 9000.0], [65015.0, 9000.0], [65016.5, 2290.0], [65019.5, 7190.0], [65022.0, 22390.0], [65022.5, 75000.0], [65023.0, 13430.0], [65025.0, 45000.0], [65027.0, 4820.0], [65027.5, 6020.0], [65030.5, 3020.0], [65033.0, 100.0], [65033.5, 3000.0], [65034.5, 6020.0], [65038.0, 6020.0]]}}}
{"jsonrpc": "2.0", "method": "subscription", "params": {"channel": "book.BTC-PERPETUAL.none.20.100ms", "data": {"timestamp": 1770343850538, "change_id": 138891503981, "instrument_name": "BTC-PERPETUAL", "bids": [[65007.0, 8040.0], [65002.5, 180.0], [65002.0, 26000.0], [65000.0, 485520.0], [64991.5, 3190.0], [64991.0, 3010.0], [64990.0, 6050.0], [64987.5, 5260.0], [64985.5, 6050.0], [64985.0, 10990.0], [64984.5, 4820.0], [64984.0, 8240.0], [64981.5, 5980.0], [64978.5, 25000.0], [64978.0, 7190.0], [64977.0, 5750.0], [64975.5, 74950.0], [64975.0, 45000.0], [64973.5, 5770.0], [64972.5, 9230.0]], "asks": [[65007.5, 148640.0], [65009.5, 6940.0], [65010.5, 1100.0], [65011.0, 22160.0], [65012.5, 5370.0], [65013.5, 9000.0], [65015.0, 9000.0], [65016.5, 2290.0], [65019.5, 7190.0], [65021.0, 22390.0], [65021.5, 75000.0], [65023.0, 13430.0], [65025.0, 45000.0], [65026.0, 3000.0], [65027.0, 4820.0], [65027.5, 6020.0], [65033.0, 100.0], [65034.5, 6020.0], [65037.5, 4770.0], [65038.0, 6020.0]]}}}
{"jsonrpc": "2.0", "method": "subscription", "params": {"channel": "book.BTC-PERPETUAL.none.20.100ms", "data": {"timestamp": 1770343850876, "change_id": 138891504828, "instrument_name": "BTC-PERPETUAL", "bids": [[65007.0, 8040.0], [65002.5, 9180.0], [65002.0, 26000.0], [65000.0, 485520.0], [64998.0, 10000.0], [64991.5, 3190.0], [64991.0, 3010.0], [64990.0, 6050.0], [64987.5, 5260.0], [64985.5, 14290.0], [64985.0, 10990.0], [64984.5, 2370.0], [64981.5, 5980.0], [64978.5, 25000.0], [64978.0, 7190.0], [64977.0, 5750.0], [64975.5, 74950.0], [64975.0, 45000.0], [64973.5, 5770.0], [64972.5, 9230.0]], "asks": [[65007.5, 149230.0], [65008.0, 9000.0], [65008.5, 1800.0], [65011.0, 6040.0], [65016.5, 24240.0], [65019.5, 82190.0], [65023.0, 13430.0], [65025.0, 45000.0], [65027.0, 4820.0], [65027.5, 6020.0], [65029.5, 3000.0], [65033.0, 100.0], [65034.5, 6020.0], [65037.5, 4770.0], [65038.0, 6020.0], [65039.5, 9950.0], [65041.0, 1800.0], [65041.5, 31020.0], [65046.0, 120.0], [65046.5, 6020.0]]}}}
{"jsonrpc": "2.0", "method": "subscription", "params": {"channel": "book.BTC-PERPETUAL.none.20.100ms", "data": {"timestamp": 1770343851198, "change_id": 138891505360, "instrument_name": "BTC-PERPETUAL", "bids": [[65007.0, 8040.0], [65002.5, 180.0], [65002.0, 1000.0], [65000.0, 485520.0], [64991.5, 3190.0], [64991.0, 3010.0], [64990.0, 6050.0], [64987.5, 5260.0], [64985.5, 14290.0], [64985.0, 10990.0], [64984.5, 2370.0], [64981.5, 5980.0], [64978.5, 25000.0], [64978.0, 7190.0], [64977.0, 5750.0], [64976.0, 38560.0], [64975.5, 74950.0], [64975.0, 45000.0], [64974.0, 9230.0], [64973.5, 5770.0]], "asks": [[65007.5, 151420.0], [65008.0, 9000.0], [65011.0, 3000.0], [65016.5, 2290.0], [65019.5, 7190.0], [65021.0, 22390.0], [65021.5, 75000.0], [65023.0, 13430.0], [65025.0, 45000.0], [65027.0, 4820.0], [65027.5, 6020.0], [65033.0, 3100.0], [65034.5, 6020.0], [65037.5, 11620.0], [65038.0, 31020.0], [65039.5, 9950.0], [65041.0, 1800.0], [65041.5, 6020.0], [65046.0, 120.0], [65046.5, 6020.0]]}}}
{"jsonrpc": "2.0", "method": "subscription", "params": {"channel": "book.BTC-PERPETUAL.none.20.100ms", "data": {"timestamp": 1770343851538, "change_id": 138891505683, "instrument_name": "BTC-PERPETUAL", "bids": [[65007.0, 21040.0], [65002.5, 180.0], [65002.0, 1000.0], [65000.0, 485520.0], [64999.5, 10000.0], [64991.5, 3190.0], [64991.0, 3010.0], [64990.0, 6050.0], [64987.5, 5260.0], [64985.5, 14290.0], [64985.0, 10990.0], [64984.5, 2370.0], [64981.5, 5980.0], [64978.5, 25000.0], [64978.0, 7190.0], [64977.0, 5750.0], [64975.5, 74950.0], [64975.0, 45000.0], [64974.0, 9230.0], [64973.5, 5770.0]], "asks": [[65007.5, 159710.0], [65008.0, 9000.0], [65011.0, 3000.0], [65016.5, 24240.0], [65019.5, 82190.0], [65023.0, 13430.0], [65025.0, 45000.0], [65027.0, 4820.0], [65027.5, 6020.0], [65033.0, 3100.0], [65034.5, 6030.0], [65037.0, 59370.0], [65037.5, 11620.0], [65038.0, 31020.0], [65039.5, 9950.0], [65041.0, 1800.0], [65041.5, 6020.0], [65046.0, 120.0], [65046.5, 6020.0], [65048.0, 10.0]]}}}
{"jsonrpc": "2.0", "method": "subscription", "params": {"channel": "book.BTC-PERPETUAL.none.20.100ms", "data": {"timestamp": 1770343851873, "change_id": 138891506792, "instrument_name": "BTC-PERPETUAL", "bids": [[65007.0, 18000.0], [65002.5, 9180.0], [65002.0, 1000.0], [65000.5, 147910.0], [65000.0, 495520.0], [64991.5, 8270.0], [64991.0, 3010.0], [64990.0, 6050.0], [64988.0, 10990.0], [64987.5, 4190.0], [64985.5, 6050.0], [64985.0, 8240.0], [64984.5, 2370.0], [64981.5, 5980.0], [64979.5, 2150.0], [64979.0, 7190.0], [64977.0, 30750.0], [64975.5, 74950.0], [64975.0, 45000.0], [64974.0, 9230.0]], "asks": [[65007.5, 171380.0], [65010.0, 3040.0], [65010.5, 9000.0], [65011.0, 3000.0], [65016.0, 610.0], [65016.5, 2290.0], [65019.5, 7190.0], [65022.0, 22390.0], [65022.5, 75010.0], [65023.0, 13430.0], [65025.0, 45000.0], [65027.0, 4820.0], [65027.5, 6020.0], [65031.0, 3000.0], [65033.0, 100.0], [65034.5, 6030.0], [65037.0, 59370.0], [65037.5, 4770.0], [65038.0, 6020.0], [65039.5, 9950.0]]}}}
{"jsonrpc": "2.0", "method": "subscription", "params": {"channel": "book.BTC-PERPETUAL.none.20.100ms", "data": {"timestamp": 1770343852201, "change_id": 138891507393, "instrument_name": "BTC-PERPETUAL", "bids": [[65007.0, 18000.0], [65002.5, 180.0], [65000.0, 485520.0], [64995.5, 1000.0], [64991.5, 3110.0], [64991.0, 3010.0], [64990.0, 6050.0], [64987.5, 1980.0], [64985.5, 6050.0], [64984.5, 7490.0], [64982.0, 19230.0], [64981.5, 5980.0], [64979.5, 2150.0], [64979.0, 7190.0], [64977.0, 30750.0], [64975.0, 45000.0], [64973.5, 5770.0], [64972.0, 25060.0], [64971.5, 77960.0], [64971.0, 90.0]], "asks": [[65007.5, 181020.0], [65009.0, 3580.0], [65010.5, 9000.0], [65011.0, 3000.0], [65016.5, 2290.0], [65019.5, 7190.0], [65020.0, 22390.0], [65020.5, 75000.0], [65023.0, 13430.0], [65025.0, 45000.0], [65027.0, 4820.0], [65027.5, 6020.0], [65028.5, 3000.0], [65033.0, 100.0], [65034.5, 6030.0], [65036.5, 17720.0], [65037.0, 59370.0], [65037.5, 4770.0], [65038.0, 6020.0], [65039.5, 9950.0]]}}}
{"jsonrpc": "2.0", "method": "subscription", "params": {"channel": "book.BTC-PERPETUAL.none.20.100ms", "data": {"timestamp": 1770343852534, "change_id": 138891508192, "instrument_name": "BTC-PERPETUAL", "bids": [[65002.5, 180.0], [65000.0, 485520.0], [64995.5, 1000.0], [64987.5, 3010.0], [64984.5, 4840.0], [64982.0, 10990.0], [64981.5, 5980.0], [64980.5, 2460.0], [64979.5, 8240.0], [64977.5, 1890.0], [64977.0, 5750.0], [64976.5, 580.0], [64973.5, 5770.0], [64971.0, 90.0], [64970.5, 38090.0], [64968.0, 74960.0], [64967.5, 58390.0], [64967.0, 1790.0], [64966.0, 5890.0], [64965.0, 45000.0]], "asks": [[65003.0, 79650.0], [65003.5, 2690.0], [65004.0, 9000.0], [65006.5, 10000.0], [65007.0, 26350.0], [65007.5, 52060.0], [65008.0, 7200.0], [65009.0, 28170.0], [65010.0, 75000.0], [65010.5, 9000.0], [65015.5, 13430.0], [65016.0, 48000.0], [65020.5, 21380.0], [65022.0, 6060.0], [65022.5, 3030.0], [65027.0, 1800.0], [65027.5, 6020.0], [65032.5, 71940.0], [65033.0, 100.0], [65034.5, 6030.0]]}}}
{"jsonrpc": "2.0", "method": "subscription", "params": {"channel": "book.BTC-PERPETUAL.none.20.100ms", "data": {"timestamp": 1770343852863, "change_id": 138891509088, "instrument_name": "BTC-PERPETUAL", "bids": [[65002.5, 180.0], [65000.0, 485520.0], [64991.5, 2000.0], [64987.5, 3010.0], [64984.5, 4840.0], [64981.5, 5980.0], [64979.0, 3280.0], [64978.5, 10990.0], [64977.5, 4110.0], [64977.0, 13990.0], [64976.5, 580.0], [64973.5, 5770.0], [64971.0, 25090.0], [64970.5, 13090.0], [64967.5, 49160.0], [64967.0, 76740.0], [64966.0, 5890.0], [64965.0, 45000.0], [64961.0, 9230.0], [64960.5, 19480.0]], "asks": [[65003.0, 118490.0], [65004.5, 2690.0], [65005.0, 9000.0], [65005.5, 14630.0], [65006.0, 10000.0], [65007.0, 9000.0], [65007.5, 9160.0], [65008.0, 7200.0], [65009.5, 22390.0], [65010.0, 75000.0], [65013.5, 14330.0], [65016.0, 48000.0], [65020.5, 21380.0], [65022.0, 6060.0], [65022.5, 3030.0], [65027.0, 1800.0], [65027.5, 6020.0], [65031.5, 59040.0], [65032.5, 71940.0], [65033.0, 100.0]]}}}
{"jsonrpc": "2.0", "method": "subscription", "params": {"channel": "book.BTC-PERPETUAL.none.20.100ms", "data": {"timestamp": 1770343853196, "change_id": 138891509620, "instrument_name": "BTC-PERPETUAL", "bids": [[65002.5, 5180.0], [65000.0, 485520.0], [64991.5, 2000.0], [64990.0, 2990.0], [64989.5, 10000.0], [64987.5, 3010.0], [64984.5, 1790.0], [64981.5, 5980.0], [64981.0, 5740.0], [64980.5, 10990.0], [64978.0, 8240.0], [64977.5, 1890.0], [64977.0, 5750.0], [64976.5, 580.0], [64973.5, 5770.0], [64971.0, 25090.0], [64970.5, 13090.0], [64967.5, 58390.0], [64967.0, 1790.0], [64966.0, 5890.0]], "asks": [[65003.0, 131520.0], [65004.5, 2690.0], [65005.0, 9000.0], [65005.5, 5900.0], [65007.0, 9000.0], [65008.0, 7200.0], [65012.5, 34100.0], [65015.5, 75000.0], [65016.0, 45000.0], [65020.5, 21380.0], [65021.0, 3000.0], [65022.0, 6060.0], [65022.5, 3030.0], [65027.0, 1800.0], [65027.5, 6020.0], [65031.5, 59040.0], [65032.0, 25000.0], [65032.5, 71940.0], [65033.0, 100.0], [65034.5, 6030.0]]}}}
{"jsonrpc": "2.0", "method": "subscription", "params": {"channel": "book.BTC-PERPETUAL.none.20.100ms", "data": {"timestamp": 1770343853505, "change_id": 138891509878, "instrument_name": "BTC-PERPETUAL", "bids": [[65002.5, 5180.0], [65000.0, 485520.0], [64995.0, 2000.0], [64987.5, 3010.0], [64984.5, 4840.0], [64982.0, 10990.0], [64981.5, 5980.0], [64978.5, 2460.0], [64978.0, 8240.0], [64977.5, 1890.0], [64977.0, 5750.0], [64976.5, 580.0], [64973.5, 5770.0], [64971.0, 90.0], [64970.5, 38090.0], [64968.5, 9230.0], [64968.0, 74950.0], [64967.5, 49160.0], [64967.0, 1790.0], [64966.0, 5890.0]], "asks": [[65003.0, 147520.0], [65003.5, 2690.0], [65005.0, 9000.0], [65005.5, 5900.0], [65007.0, 9000.0], [65008.0, 7200.0], [65011.5, 22390.0], [65012.0, 75000.0], [65012.5, 13430.0], [65016.0, 45000.0], [65020.5, 21380.0], [65022.0, 6060.0], [65022.5, 3030.0], [65025.5, 3000.0], [65027.0, 1810.0], [65027.5, 6020.0], [65031.0, 39130.0], [65031.5, 59040.0], [65032.5, 71940.0], [65033.0, 100.0]]}}}
{"jsonrpc": "2.0", "method": "subscription", "params": {"channel": "book.BTC-PERPETUAL.none.20.100ms", "data": {"timestamp": 1770343853856, "change_id": 138891510690, "instrument_name": "BTC-PERPETUAL", "bids": [[65002.5, 5180.0], [65000.0, 485520.0], [64995.0, 2000.0], [64993.5, 10000.0], [64987.5, 3010.0], [64984.5, 5070.0], [64982.0, 19230.0], [64981.5, 5980.0], [64977.5, 1890.0], [64977.0, 5750.0], [64976.5, 580.0], [64973.5, 5770.0], [64971.0, 75050.0], [64970.5, 38090.0], [64968.5, 9230.0], [64967.5, 49160.0], [64967.0, 1790.0], [64966.0, 5890.0], [64965.0, 45000.0], [64963.5, 38000.0]], "asks": [[65003.0, 138470.0], [65003.5, 2690.0], [65005.0, 9000.0], [65005.5, 4560.0], [65007.5, 9000.0], [65008.0, 7200.0], [65012.5, 34100.0], [65015.5, 75000.0], [65016.0, 45000.0], [65020.5, 21380.0], [65022.0, 6060.0], [65022.5, 3030.0], [65025.5, 3000.0], [65027.0, 1810.0], [65027.5, 6020.0], [65031.0, 39130.0], [65031.5, 59040.0], [65032.5, 71940.0], [65033.0, 100.0], [65034.5, 6020.0]]}}}
{"jsonrpc": "2.0", "method": "subscription", "params": {"channel": "book.BTC-PERPETUAL.none.20.100ms", "data": {"timestamp": 1770343854188, "change_id": 138891511514, "instrument_name": "BTC-PERPETUAL", "bids": [[65005.5, 40750.0], [65003.0, 6520.0], [65002.5, 15160.0], [65000.5, 145520.0], [65000.0, 485520.0], [64991.5, 580.0], [64988.5, 5430.0], [64988.0, 8240.0], [64987.5, 3010.0], [64984.5, 5070.0], [64982.5, 74970.0], [64982.0, 7200.0], [64981.5, 5980.0], [64981.0, 38000.0], [64978.0, 9230.0], [64977.5, 1890.0], [64977.0, 5750.0], [64974.0, 25000.0], [64973.5, 5770.0], [64972.5, 38000.0]], "asks": [[65006.0, 7550.0], [65015.0, 9230.0], [65017.0, 610.0], [65025.5, 3000.0], [65027.0, 1810.0], [65027.5, 6020.0], [65031.0, 7490.0], [65032.0, 25000.0], [65033.0, 100.0], [65034.0, 1800.0], [65034.5, 6020.0], [65038.0, 6020.0], [65040.5, 120.0], [65041.0, 1800.0], [65041.5, 6020.0], [65046.5, 6020.0], [65048.0, 10.0], [65049.5, 1800.0], [65050.0, 6020.0], [65051.0, 1800.0]]}}}
{"jsonrpc": "2.0", "method": "subscription", "params": {"channel": "book.BTC-PERPETUAL.none.20.100ms", "data": {"timestamp": 1770343854516, "change_id": 138891512850, "instrument_name": "BTC-PERPETUAL", "bids": [[65005.5, 3040.0], [65002.5, 14160.0], [65000.0, 485520.0], [64996.5, 2000.0], [64988.0, 2710.0], [64987.5, 3010.0], [64987.0, 6080.0], [64984.5, 4190.0], [64983.0, 8240.0], [64982.0, 580.0], [64981.5, 5980.0], [64981.0, 7460.0], [64980.5, 25000.0], [64979.5, 9460.0], [64977.0, 5750.0], [64973.5, 21880.0], [64973.0, 45000.0], [64972.0, 74960.0], [64971.0, 90.0], [64970.5, 5890.0]], "asks": [[65006.0, 39760.0], [65006.5, 10000.0], [65007.5, 4180.0], [65008.0, 13990.0], [65012.0, 610.0], [65014.0, 10990.0], [65016.5, 5130.0], [65017.0, 10000.0], [65017.5, 7200.0], [65024.5, 75000.0], [65025.5, 48040.0], [65027.5, 6020.0], [65031.5, 10090.0], [65033.0, 100.0], [65034.5, 6020.0], [65037.0, 120.0], [65037.5, 1800.0], [65038.0, 6020.0], [65041.0, 1800.0], [65041.5, 6020.0]]}}}
{"jsonrpc": "2.0", "method": "subscription", "params": {"channel": "book.BTC-PERPETUAL.none.20.100ms", "data": {"timestamp": 1770343854849, "change_id": 138891513751, "instrument_name": "BTC-PERPETUAL", "bids": [[65005.5, 5000.0], [65002.5, 14160.0], [65000.0, 485520.0], [64996.0, 2000.0], [64988.0, 2710.0], [64987.5, 3010.0], [64987.0, 6080.0], [64984.5, 7060.0], [64982.5, 19230.0], [64982.0, 580.0], [64981.5, 5980.0], [64980.5, 2820.0], [64979.5, 9460.0], [64977.0, 5750.0], [64973.5, 96830.0], [64973.0, 45000.0], [64972.5, 25000.0], [64971.0, 90.0], [64970.5, 5890.0], [64970.0, 9230.0]], "asks": [[65006.0, 156700.0], [65006.5, 10000.0], [65016.0, 2150.0], [65017.5, 7200.0], [65022.0, 22390.0], [65025.0, 75000.0], [65025.5, 48040.0], [65026.0, 3000.0], [65027.5, 6020.0], [65031.5, 10090.0], [65033.0, 100.0], [65034.5, 6020.0], [65037.0, 120.0], [65037.5, 1800.0], [65038.0, 6020.0], [65041.0, 1800.0], [65041.5, 6020.0], [65042.5, 25000.0], [65046.5, 6020.0], [65048.0, 10.0]]}}}
{"jsonrpc": "2.0", "method": "subscription", "params": {"channel": "book.BTC-PERPETUAL.none.20.100ms", "data": {"timestamp": 1770343855172, "change_id": 138891514451, "instrument_name": "BTC-PERPETUAL", "bids": [[65005.5, 10540.0], [65002.5, 14160.0], [65000.0, 485520.0], [64988.0, 5650.0], [64987.5, 3010.0], [64987.0, 6080.0], [64985.0, 19230.0], [64984.5, 1960.0], [64982.0, 580.0], [64981.5, 5980.0], [64980.5, 2820.0], [64979.5, 7200.0], [64978.0, 25000.0], [64977.0, 5750.0], [64974.0, 9230.0], [64973.5, 99830.0], [64973.0, 45000.0], [64971.0, 90.0], [64970.5, 5890.0], [64967.0, 1790.0]], "asks": [[65006.0, 114390.0], [65006.5, 10000.0], [65015.0, 20520.0], [65015.5, 55420.0], [65016.0, 2150.0], [65017.5, 7200.0], [65025.0, 75000.0], [65025.5, 48040.0], [65027.5, 6020.0], [65031.5, 13090.0], [65033.0, 100.0], [65034.5, 6020.0], [65037.0, 120.0], [65037.5, 1800.0], [65038.0, 6020.0], [65040.0, 25000.0], [65041.0, 1800.0], [65041.5, 6020.0], [65046.5, 6020.0], [65048.0, 10.0]]}}}
{"jsonrpc": "2.0", "method": "subscription", "params": {"channel": "book.BTC-PERPETUAL.none.20.100ms", "data": {"timestamp": 1770343855508, "change_id": 138891514880, "instrument_name": "BTC-PERPETUAL", "bids": [[65005.5, 4310.0], [65002.5, 14160.0], [65000.0, 485520.0], [64988.5, 490.0], [64987.5, 4820.0], [64987.0, 6080.0], [64984.5, 5240.0], [64982.5, 19230.0], [64982.0, 580.0], [64981.5, 5980.0], [64980.5, 2820.0], [64979.5, 7200.0], [64978.0, 25000.0], [64977.0, 5750.0], [64974.0, 74950.0], [64973.5, 24880.0], [64973.0, 45000.0], [64971.0, 9320.0], [64970.5, 5890.0], [64967.5, 46160.0]], "asks": [[65006.0, 157820.0], [65006.5, 10000.0], [65011.0, 3040.0], [65013.5, 490.0], [65016.0, 2150.0], [65017.5, 7200.0], [65024.5, 36730.0], [65025.0, 75000.0], [65025.5, 48040.0], [65027.5, 9020.0], [65029.5, 25000.0], [65031.5, 10090.0], [65032.5, 10.0], [65033.0, 100.0], [65034.5, 6020.0], [65037.0, 120.0], [65037.5, 1800.0], [65038.0, 6020.0], [65041.0, 1800.0], [65041.5, 6020.0]]}}}
{"jsonrpc": "2.0", "method": "subscription", "params": {"channel": "book.BTC-PERPETUAL.none.20.100ms", "data": {"timestamp": 1770343855837, "change_id": 138891515694, "instrument_name": "BTC-PERPETUAL", "bids": [[65002.5, 1160.0], [65000.0, 485520.0], [64996.5, 2000.0], [64988.5, 490.0], [64987.5, 4820.0], [64987.0, 6080.0], [64984.5, 5240.0], [64982.5, 10990.0], [64982.0, 580.0], [64981.5, 5980.0], [64980.5, 9250.0], [64980.0, 8240.0], [64979.5, 7200.0], [64978.0, 25000.0], [64977.0, 5750.0], [64974.0, 74960.0], [64973.5, 24880.0], [64973.0, 45000.0], [64971.0, 90.0], [64970.5, 5890.0]], "asks": [[65003.0, 39030.0], [65005.5, 9000.0], [65006.0, 145470.0], [65016.0, 2150.0], [65017.5, 7200.0], [65022.0, 6080.0], [65022.5, 3040.0], [65025.0, 75000.0], [65025.5, 45000.0], [65027.5, 9020.0], [65029.5, 25000.0], [65031.5, 10090.0], [65032.5, 10.0], [65033.0, 100.0], [65034.5, 6020.0], [65036.5, 61250.0], [65037.0, 120.0], [65037.5, 1800.0], [65038.0, 6020.0], [65041.0, 1800.0]]}}}
{"jsonrpc": "2.0", "method": "subscription", "params": {"channel": "book.BTC-PERPETUAL.none.20.100ms", "data": {"timestamp": 1770343856169, "change_id": 138891516600, "instrument_name": "BTC-PERPETUAL", "bids": [[65002.5, 3630.0], [65000.0, 485520.0], [64996.5, 2000.0], [64987.5, 8250.0], [64987.0, 6080.0], [64985.0, 8730.0], [64984.5, 4990.0], [64982.5, 10990.0], [64982.0, 580.0], [64981.5, 5980.0], [64977.5, 8960.0], [64977.0, 5750.0], [64974.0, 99960.0], [64973.5, 21880.0], [64973.0, 45000.0], [64971.5, 7200.0], [64971.0, 9320.0], [64970.5, 5890.0], [64969.0, 3000.0], [64967.0, 1790.0]], "asks": [[65003.0, 79800.0], [65004.5, 18240.0], [65005.0, 66900.0], [65005.5, 9000.0], [65006.0, 22660.0], [65009.5, 7200.0], [65022.0, 6080.0], [65022.5, 3040.0], [65024.5, 3000.0], [65025.0, 75000.0], [65025.5, 45000.0], [65027.5, 6020.0], [65031.5, 10090.0], [65032.5, 71950.0], [65033.0, 100.0], [65034.5, 6020.0], [65037.0, 120.0], [65037.5, 26800.0], [65038.0, 6020.0], [65041.0, 1800.0]]}}}
{"jsonrpc": "2.0", "method": "subscription", "params": {"channel": "book.BTC-PERPETUAL.none.20.100ms", "data": {"timestamp": 1770343856501, "change_id": 138891517808, "instrument_name": "BTC-PERPETUAL", "bids": [[65002.5, 5590.0], [65000.0, 485520.0], [64987.5, 6970.0], [64987.0, 6080.0], [64983.0, 490.0], [64982.0, 1790.0], [64981.5, 5980.0], [64978.5, 5740.0], [64978.0, 10990.0], [64977.5, 10130.0], [64977.0, 5750.0], [64974.0, 580.0], [64973.5, 28540.0], [64973.0, 45000.0], [64972.0, 25000.0], [64971.5, 7200.0], [64971.0, 90.0], [64970.5, 5890.0], [64969.0, 3000.0], [64967.0, 76740.0]], "asks": [[65003.0, 144110.0], [65003.5, 2690.0], [65005.5, 9000.0], [65006.0, 3000.0], [65009.0, 2150.0], [65009.5, 7200.0], [65021.0, 3000.0], [65022.0, 6080.0], [65022.5, 3040.0], [65024.0, 75000.0], [65025.5, 45000.0], [65027.5, 6020.0], [65031.5, 10090.0], [65032.5, 130170.0], [65033.0, 100.0], [65034.5, 6020.0], [65036.0, 25000.0], [65037.0, 120.0], [65037.5, 1800.0], [65038.0, 6020.0]]}}}
{"jsonrpc": "2.0", "method": "subscription", "params": {"channel": "book.BTC-PERPETUAL.none.20.100ms", "data": {"timestamp": 1770343856834, "change_id": 138891519411, "instrument_name": "BTC-PERPETUAL", "bids": [[65000.0, 485520.0], [64991.0, 2000.0], [64984.0, 6090.0], [64983.0, 3020.0], [64980.5, 3430.0], [64980.0, 11480.0], [64977.5, 4110.0], [64977.0, 5750.0], [64974.5, 8240.0], [64974.0, 4090.0], [64973.5, 5770.0], [64971.0, 90.0], [64970.5, 5890.0], [64967.0, 1790.0], [64966.0, 30890.0], [64965.5, 3000.0], [64964.0, 7200.0], [64963.0, 45000.0], [64961.5, 74950.0], [64960.5, 19480.0]], "asks": [[65000.5, 26630.0], [65002.5, 62510.0], [65003.0, 147090.0], [65005.5, 9000.0], [65009.0, 2150.0], [65009.5, 7200.0], [65015.0, 13430.0], [65015.5, 45000.0], [65018.5, 3000.0], [65020.0, 3040.0], [65022.0, 6080.0], [65022.5, 3040.0], [65025.0, 75000.0], [65027.5, 6020.0], [65031.0, 25000.0], [65031.5, 10090.0], [65032.5, 130170.0], [65033.0, 100.0], [65034.5, 6020.0], [65037.0, 120.0]]}}}
{"jsonrpc": "2.0", "method": "subscription", "params": {"channel": "book.BTC-PERPETUAL.none.20.100ms", "data": {"timestamp": 1770343857163, "change_id": 138891520644, "instrument_name": "BTC-PERPETUAL", "bids": [[65000.0, 485520.0], [64991.0, 2000.0], [64989.5, 10000.0], [64984.0, 6090.0], [64983.0, 3020.0], [64981.0, 3430.0], [64978.0, 490.0], [64977.5, 15100.0], [64977.0, 5750.0], [64974.5, 8240.0], [64974.0, 4090.0], [64973.5, 5770.0], [64971.0, 90.0], [64970.5, 5890.0], [64967.5, 22380.0], [64967.0, 76750.0], [64966.5, 25000.0], [64966.0, 5890.0], [64965.5, 3000.0], [64964.0, 7200.0]], "asks": [[65000.5, 87470.0], [65001.0, 10000.0], [65001.5, 24980.0], [65002.5, 9000.0], [65003.0, 28380.0], [65005.5, 9000.0], [65009.0, 40500.0], [65009.5, 7200.0], [65010.0, 75000.0], [65010.5, 60180.0], [65014.0, 13430.0], [65015.5, 45000.0], [65019.5, 3000.0], [65020.0, 3040.0], [65022.0, 6080.0], [65027.5, 6020.0], [65028.0, 25000.0], [65031.5, 10090.0], [65032.5, 71950.0], [65033.0, 100.0]]}}}
{"jsonrpc": "2.0", "method": "subscription", "params": {"channel": "book.BTC-PERPETUAL.none.20.100ms", "data": {"timestamp": 1770343857493, "change_id": 138891521104, "instrument_name": "BTC-PERPETUAL", "bids": [[65000.0, 485520.0], [64991.0, 2000.0], [64989.5, 10000.0], [64984.5, 2870.0], [64984.0, 6090.0], [64983.0, 3020.0], [64978.5, 490.0], [64977.5, 7070.0], [64977.0, 5750.0], [64975.0, 10990.0], [64974.5, 8240.0], [64974.0, 4090.0], [64973.5, 5770.0], [64971.0, 90.0], [64970.5, 5890.0], [64967.5, 22380.0], [64967.0, 76750.0], [64966.5, 25000.0], [64966.0, 5890.0], [64965.5, 3000.0]], "asks": [[65000.5, 117340.0], [65001.5, 14810.0], [65002.5, 9000.0], [65003.0, 9480.0], [65005.5, 9000.0], [65007.0, 13790.0], [65007.5, 46190.0], [65009.0, 27900.0], [65009.5, 7200.0], [65010.0, 75000.0], [65010.5, 13990.0], [65014.0, 13430.0], [65015.5, 45000.0], [65019.5, 3000.0], [65020.0, 3040.0], [65022.0, 6080.0], [65024.5, 10.0], [65025.5, 2190.0], [65026.5, 58840.0], [65027.5, 31020.0]]}}}
{"jsonrpc": "2.0", "method": "subscription", "params": {"channel": "book.BTC-PERPETUAL.none.20.100ms", "data": {"timestamp": 1770343857826, "change_id": 138891521878, "instrument_name": "BTC-PERPETUAL", "bids": [[65000.0, 490520.0], [64994.5, 2000.0], [64991.5, 3580.0], [64991.0, 10000.0], [64985.0, 490.0], [64984.5, 2870.0], [64984.0, 6090.0], [64983.0, 3020.0], [64978.0, 5320.0], [64977.5, 21120.0], [64977.0, 5750.0], [64974.0, 4090.0], [64973.5, 5770.0], [64971.0, 90.0], [64970.5, 5890.0], [64968.0, 34230.0], [64967.0, 76750.0], [64966.0, 5890.0], [64965.5, 3000.0], [64964.5, 38000.0]], "asks": [[65000.5, 115330.0], [65001.0, 9100.0], [65001.5, 5370.0], [65002.5, 9000.0], [65005.5, 9000.0], [65006.0, 13990.0], [65006.5, 13790.0], [65007.5, 46190.0], [65009.0, 2150.0], [65009.5, 7200.0], [65013.0, 34110.0], [65013.5, 75010.0], [65015.5, 45000.0], [65020.0, 3040.0], [65022.0, 6080.0], [65024.0, 3000.0], [65024.5, 10.0], [65025.5, 2190.0], [65026.5, 58840.0], [65027.5, 6020.0]]}}}
{"jsonrpc": "2.0", "method": "subscription", "params": {"channel": "book.BTC-PERPETUAL.none.20.100ms", "data": {"timestamp": 1770343858149, "change_id": 138891522880, "instrument_name": "BTC-PERPETUAL", "bids": [[65000.0, 505300.0], [64993.0, 2990.0], [64992.5, 10000.0], [64985.0, 490.0], [64984.5, 7990.0], [64984.0, 6090.0], [64983.0, 3020.0], [64982.0, 19230.0], [64981.5, 580.0], [64977.5, 1890.0], [64977.0, 5750.0], [64974.0, 5810.0], [64973.5, 5770.0], [64973.0, 7200.0], [64971.0, 90.0], [64970.5, 5890.0], [64969.0, 9230.0], [64968.5, 74960.0], [64968.0, 25000.0], [64967.0, 1790.0]], "asks": [[65000.5, 73480.0], [65003.0, 11030.0], [65003.5, 9720.0], [65005.0, 10000.0], [65005.5, 9000.0], [65006.5, 13790.0], [65007.5, 46190.0], [65008.0, 13990.0], [65009.0, 2760.0], [65009.5, 7200.0], [65013.0, 34100.0], [65015.0, 75000.0], [65015.5, 45000.0], [65020.0, 3040.0], [65022.0, 6080.0], [65024.0, 3000.0], [65024.5, 10.0], [65025.5, 2190.0], [65026.5, 58840.0], [65027.5, 6020.0]]}}}
{"jsonrpc": "2.0", "method": "subscription", "params": {"channel": "book.BTC-PERPETUAL.none.20.100ms", "data": {"timestamp": 1770343858485, "change_id": 138891523323, "instrument_name": "BTC-PERPETUAL", "bids": [[65000.0, 505300.0], [64993.0, 2990.0], [64992.5, 10000.0], [64985.0, 490.0], [64984.5, 5800.0], [64984.0, 6090.0], [64983.0, 3020.0], [64982.5, 10990.0], [64982.0, 8240.0], [64981.5, 580.0], [64977.5, 1890.0], [64977.0, 5750.0], [64973.5, 5770.0], [64973.0, 7200.0], [64971.0, 90.0], [64970.5, 5890.0], [64969.5, 84190.0], [64968.0, 25000.0], [64967.0, 1790.0], [64966.0, 5890.0]], "asks": [[65000.5, 70640.0], [65001.5, 14310.0], [65002.0, 10990.0], [65003.0, 19720.0], [65005.5, 9000.0], [65006.5, 19140.0], [65008.0, 13990.0], [65008.5, 46190.0], [65009.0, 2760.0], [65009.5, 7200.0], [65013.0, 34100.0], [65015.0, 75000.0], [65015.5, 45000.0], [65020.0, 3040.0], [65022.0, 6080.0], [65024.0, 3000.0], [65024.5, 10.0], [65025.5, 2190.0], [65026.0, 17560.0], [65026.5, 58840.0]]}}}
{"jsonrpc": "2.0", "method": "subscription", "params": {"channel": "book.BTC-PERPETUAL.none.20.100ms", "data": {"timestamp": 1770343858816, "change_id": 138891524120, "instrument_name": "BTC-PERPETUAL", "bids": [[65000.0, 490520.0], [64989.5, 2000.0], [64988.0, 10000.0], [64984.0, 6090.0], [64983.0, 3020.0], [64978.0, 3770.0], [64977.5, 15170.0], [64977.0, 5750.0], [64974.0, 13900.0], [64973.5, 5770.0], [64973.0, 7200.0], [64972.5, 580.0], [64971.0, 90.0], [64970.5, 5890.0], [64967.5, 22380.0], [64967.0, 76750.0], [64966.5, 25000.0], [64966.0, 5890.0], [64965.5, 3000.0], [64963.0, 45000.0]], "asks": [[65000.5, 96300.0], [65003.5, 5730.0], [65004.0, 10000.0], [65005.0, 9200.0], [65005.5, 38060.0], [65008.0, 88990.0], [65008.5, 46190.0], [65009.0, 2150.0], [65009.5, 7200.0], [65013.0, 13430.0], [65015.5, 45000.0], [65016.0, 3000.0], [65020.0, 3040.0], [65022.0, 6080.0], [65024.5, 10.0], [65025.5, 2190.0], [65026.0, 42560.0], [65026.5, 58840.0], [65027.5, 6020.0], [65031.5, 10090.0]]}}}
{"jsonrpc": "2.0", "method": "subscription", "params": {"channel": "book.BTC-PERPETUAL.none.20.100ms", "data": {"timestamp": 1770343859146, "change_id": 138891525020, "instrument_name": "BTC-PERPETUAL", "bids": [[65000.0, 450190.0], [64989.0, 10000.0], [64986.0, 2000.0], [64983.0, 2410.0], [64981.5, 6090.0], [64981.0, 1050.0], [64980.5, 3020.0], [64978.0, 490.0], [64977.5, 4780.0], [64977.0, 5750.0], [64974.0, 16660.0], [64973.5, 5770.0], [64973.0, 8240.0], [64972.5, 580.0], [64971.0, 90.0], [64970.5, 5890.0], [64967.0, 1790.0], [64966.0, 5890.0], [64965.5, 3000.0], [64964.5, 7200.0]], "asks": [[65000.5, 116160.0], [65001.0, 26660.0], [65001.5, 7200.0], [65004.5, 75000.0], [65005.0, 9200.0], [65005.5, 17960.0], [65008.0, 13990.0], [65008.5, 46190.0], [65013.0, 13430.0], [65015.5, 45000.0], [65016.0, 3000.0], [65020.0, 3040.0], [65022.0, 6080.0], [65024.0, 25000.0], [65024.5, 10.0], [65025.5, 2190.0], [65026.0, 17560.0], [65026.5, 58840.0], [65027.5, 6020.0], [65031.5, 10090.0]]}}}
{"jsonrpc": "2.0", "method": "subscription", "params": {"channel": "book.BTC-PERPETUAL.none.20.100ms", "data": {"timestamp": 1770343859466, "change_id": 138891525413, "instrument_name": "BTC-PERPETUAL", "bids": [[65000.0, 450190.0], [64990.0, 10000.0], [64986.0, 2000.0], [64983.0, 2410.0], [64982.0, 490.0], [64981.5, 6090.0], [64981.0, 1050.0], [64980.5, 3020.0], [64977.5, 1720.0], [64977.0, 5750.0], [64974.0, 8700.0], [64973.5, 16760.0], [64973.0, 8240.0], [64972.5, 580.0], [64971.0, 90.0], [64970.5, 5890.0], [64967.0, 76750.0], [64966.5, 25000.0], [64966.0, 5890.0], [64965.5, 3000.0]], "asks": [[65000.5, 108650.0], [65001.5, 7200.0], [65004.5, 2750.0], [65005.0, 9200.0], [65005.5, 38060.0], [65008.0, 88990.0], [65008.5, 46190.0], [65013.0, 13430.0], [65015.5, 45000.0], [65016.0, 3000.0], [65019.5, 2720.0], [65020.0, 3040.0], [65022.0, 6080.0], [65022.5, 10.0], [65024.0, 25000.0], [65025.5, 2190.0], [65026.0, 17560.0], [65026.5, 58840.0], [65027.5, 6020.0], [65031.5, 10090.0]]}}}
{"jsonrpc": "2.0", "method": "subscription", "params": {"channel": "book.BTC-PERPETUAL.none.20.100ms", "data": {"timestamp": 1770343859804, "change_id": 138891526117, "instrument_name": "BTC-PERPETUAL", "bids": [[65000.0, 450190.0], [64986.0, 2000.0], [64983.0, 2410.0], [64982.0, 490.0], [64981.5, 6090.0], [64981.0, 1050.0], [64980.5, 3020.0], [64977.0, 5750.0], [64974.5, 19230.0], [64974.0, 3680.0], [64973.5, 5770.0], [64972.5, 580.0], [64971.0, 90.0], [64970.5, 5890.0], [64967.0, 76750.0], [64966.5, 25000.0], [64966.0, 5890.0], [64965.5, 3000.0], [64964.5, 7200.0], [64963.0, 45000.0]], "asks": [[65000.5, 91970.0], [65001.0, 10000.0], [65001.5, 7200.0], [65004.0, 9200.0], [65004.5, 2750.0], [65005.0, 9200.0], [65005.5, 38060.0], [65007.5, 75000.0], [65008.0, 13990.0], [65008.5, 46190.0], [65013.0, 13430.0], [65015.5, 45000.0], [65016.0, 3000.0], [65019.5, 2720.0], [65020.0, 3040.0], [65022.0, 6080.0], [65022.5, 10.0], [65024.0, 25000.0], [65025.5, 2190.0], [65026.0, 17560.0]]}}}
{"jsonrpc": "2.0", "method": "subscription", "params": {"channel": "book.BTC-PERPETUAL.none.20.100ms", "data": {"timestamp": 1770343860115, "change_id": 138891526773, "instrument_name": "BTC-PERPETUAL", "bids": [[65000.0, 142190.0], [64971.0, 90.0], [64970.5, 5890.0], [64966.5, 4800.0], [64966.0, 5890.0], [64965.5, 3000.0], [64962.0, 10220.0], [64960.0, 9200.0], [64959.5, 30890.0], [64958.5, 800.0], [64956.5, 41980.0], [64955.5, 5930.0], [64954.0, 100.0], [64953.0, 45000.0], [64952.0, 4200.0], [64951.5, 5930.0], [64950.0, 7770.0], [64948.0, 90.0], [64945.5, 1770.0], [64945.0, 5930.0]], "asks": [[65000.5, 96360.0], [65001.0, 10000.0], [65001.5, 7200.0], [65004.0, 9200.0], [65004.5, 2750.0], [65005.0, 9200.0], [65005.5, 38060.0], [65006.0, 3000.0], [65007.5, 75000.0], [65008.0, 13990.0], [65008.5, 46190.0], [65013.0, 13430.0], [65015.5, 45000.0], [65019.5, 2720.0], [65020.0, 3040.0], [65022.0, 6080.0], [65022.5, 10.0], [65024.0, 25000.0], [65025.5, 2190.0], [65026.0, 17560.0]]}}}
{"jsonrpc": "2.0", "method": "subscription", "params": {"channel": "book.BTC-PERPETUAL.none.20.100ms", "data": {"timestamp": 1770343860412, "change_id": 138891528796, "instrument_name": "BTC-PERPETUAL", "bids": [[64971.0, 8190.0], [64967.0, 490.0], [64963.0, 5740.0], [64959.5, 3770.0], [64959.0, 9550.0], [64958.5, 1380.0], [64957.0, 3000.0], [64956.0, 23920.0], [64955.5, 5930.0], [64952.0, 6610.0], [64951.5, 5930.0], [64951.0, 3020.0], [64950.5, 7200.0], [64950.0, 7770.0], [64948.0, 90.0], [64947.5, 2760.0], [64945.0, 5930.0], [64943.5, 13430.0], [64943.0, 45000.0], [64942.5, 1770.0]], "asks": [[64971.5, 4240.0], [64979.5, 23540.0], [64982.0, 610.0], [64987.5, 2150.0], [64988.0, 7200.0], [64990.0, 5530.0], [64990.5, 6100.0], [64996.0, 7260.0], [64997.0, 9300.0], [64998.5, 6100.0], [65000.0, 64530.0], [65000.5, 206630.0], [65001.0, 10000.0], [65003.0, 5490.0], [65005.0, 15300.0], [65005.5, 17960.0], [65008.5, 46190.0], [65009.5, 1820.0], [65010.0, 6100.0], [65013.0, 2710.0]]}}}
{"jsonrpc": "2.0", "method": "subscription", "params": {"channel": "book.BTC-PERPETUAL.none.20.100ms", "data": {"timestamp": 1770343860765, "change_id": 138891530356, "instrument_name": "BTC-PERPETUAL", "bids": [[64971.0, 13340.0], [64968.0, 2990.0], [64963.5, 490.0], [64960.0, 10990.0], [64959.5, 8240.0], [64958.5, 1380.0], [64956.0, 2670.0], [64955.5, 5930.0], [64953.0, 3000.0], [64952.0, 7140.0], [64951.5, 5930.0], [64951.0, 3020.0], [64950.5, 82160.0], [64950.0, 7770.0], [64947.5, 25000.0], [64946.5, 2760.0], [64946.0, 9230.0], [64945.0, 5930.0], [64943.5, 25490.0], [64943.0, 91160.0]], "asks": [[64971.5, 31060.0], [64975.0, 19490.0], [64975.5, 2520.0], [64979.0, 23470.0], [64979.5, 37700.0], [64981.5, 46190.0], [64982.0, 610.0], [64986.5, 15940.0], [64987.0, 490.0], [64988.0, 7200.0], [64989.5, 7600.0], [64990.0, 14750.0], [64990.5, 6100.0], [64991.0, 3050.0], [64992.0, 10000.0], [64996.0, 30650.0], [64996.5, 75000.0], [64997.0, 4050.0], [64998.5, 6100.0], [65000.0, 22330.0]]}}}
{"jsonrpc": "2.0", "method": "subscription", "params": {"channel": "book.BTC-PERPETUAL.none.20.100ms", "data": {"timestamp": 1770343861125, "change_id": 138891532167, "instrument_name": "BTC-PERPETUAL", "bids": [[64971.0, 36870.0], [64963.0, 2000.0], [64959.5, 2700.0], [64959.0, 8240.0], [64958.5, 800.0], [64956.0, 5190.0], [64955.5, 5930.0], [64953.0, 4990.0], [64951.5, 5930.0], [64951.0, 77980.0], [64950.0, 7770.0], [64949.5, 3000.0], [64948.5, 2320.0], [64948.0, 7780.0], [64945.0, 5930.0], [64943.0, 90.0], [64942.5, 47930.0], [64942.0, 5930.0], [64939.5, 2100.0], [64938.5, 7200.0]], "asks": [[64971.5, 16810.0], [64978.0, 19490.0], [64980.5, 2460.0], [64981.0, 8240.0], [64982.5, 610.0], [64986.5, 6400.0], [64987.5, 9230.0], [64989.0, 29530.0], [64990.5, 6100.0], [64991.0, 3050.0], [64995.0, 4870.0], [64998.5, 6100.0], [64999.0, 1210.0], [65000.0, 10.0], [65000.5, 1060.0], [65001.5, 3000.0], [65003.0, 17300.0], [65005.0, 51100.0], [65009.0, 120.0], [65009.5, 1820.0]]}}}
{"jsonrpc": "2.0", "method": "subscription", "params": {"channel": "book.BTC-PERPETUAL.none.20.100ms", "data": {"timestamp": 1770343861463, "change_id": 138891533302, "instrument_name": "BTC-PERPETUAL", "bids": [[64967.5, 12980.0], [64963.5, 490.0], [64963.0, 2000.0], [64961.0, 2780.0], [64960.5, 9300.0], [64955.5, 4930.0], [64955.0, 7200.0], [64953.5, 9300.0], [64951.0, 1990.0], [64950.5, 580.0], [64949.5, 6090.0], [64946.0, 27800.0], [64945.5, 14360.0], [64943.5, 81050.0], [64943.0, 90.0], [64939.5, 4860.0], [64939.0, 9230.0], [64935.5, 31910.0], [64935.0, 6090.0], [64933.5, 63000.0]], "asks": [[64968.0, 9290.0], [64971.0, 9300.0], [64971.5, 2570.0], [64976.0, 610.0], [64977.0, 3280.0], [64977.5, 10990.0], [64978.0, 3040.0], [64980.0, 4180.0], [64980.5, 14490.0], [64985.0, 20450.0], [64985.5, 29490.0], [64986.0, 52280.0], [64988.0, 3970.0], [64990.5, 6100.0], [64991.5, 7200.0], [64998.5, 6100.0], [65000.0, 10.0], [65000.5, 1060.0], [65001.5, 9090.0], [65003.0, 17300.0]]}}}
{"jsonrpc": "2.0", "method": "subscription", "params": {"channel": "book.BTC-PERPETUAL.none.20.100ms", "data": {"timestamp": 1770343861793, "change_id": 138891534248, "instrument_name": "BTC-PERPETUAL", "bids": [[64976.5, 21760.0], [64976.0, 3810.0], [64973.0, 1000.0], [64972.5, 3540.0], [64971.5, 9300.0], [64967.5, 2490.0], [64958.5, 580.0], [64957.5, 22380.0], [64957.0, 77980.0], [64955.5, 4930.0], [64955.0, 7200.0], [64954.0, 14330.0], [64951.0, 5010.0], [64949.5, 6090.0], [64948.0, 3020.0], [64946.0, 9310.0], [64945.0, 25000.0], [64943.5, 6090.0], [64943.0, 90.0], [64941.0, 25740.0]], "asks": [[64977.0, 17520.0], [64981.0, 13850.0], [64981.5, 27100.0], [64982.0, 36960.0], [64984.5, 14600.0], [64985.0, 10000.0], [64985.5, 15610.0], [64986.0, 46190.0], [64988.0, 3690.0], [64990.5, 6090.0], [64991.5, 7200.0], [64994.5, 1820.0], [64995.0, 6090.0], [64998.0, 2310.0], [64998.5, 6100.0], [65000.0, 3950.0], [65000.5, 4100.0], [65001.0, 3000.0], [65001.5, 6090.0], [65003.0, 2190.0]]}}}
{"jsonrpc": "2.0", "method": "subscription", "params": {"channel": "book.BTC-PERPETUAL.none.20.100ms", "data": {"timestamp": 1770343862122, "change_id": 138891535859, "instrument_name": "BTC-PERPETUAL", "bids": [[64984.0, 2000.0], [64976.5, 490.0], [64972.5, 4830.0], [64972.0, 8240.0], [64971.5, 9300.0], [64967.5, 580.0], [64966.5, 1820.0], [64966.0, 6090.0], [64964.5, 3020.0], [64963.0, 9340.0], [64962.0, 25000.0], [64959.0, 33960.0], [64958.5, 6090.0], [64958.0, 74960.0], [64956.0, 46160.0], [64954.0, 6090.0], [64951.0, 4840.0], [64949.5, 6090.0], [64948.5, 3000.0], [64948.0, 5810.0]], "asks": [[64984.5, 28140.0], [64993.0, 610.0], [64993.5, 14120.0], [64994.0, 44470.0], [64994.5, 490.0], [64995.0, 6090.0], [64996.5, 3040.0], [64997.0, 25610.0], [64997.5, 63660.0], [64998.5, 6100.0], [64999.5, 4290.0], [65000.0, 7210.0], [65000.5, 1060.0], [65001.5, 6090.0], [65004.0, 75000.0], [65004.5, 15250.0], [65005.0, 51100.0], [65006.5, 10.0], [65009.0, 120.0], [65009.5, 1820.0]]}}}
{"jsonrpc": "2.0", "method": "subscription", "params": {"channel": "book.BTC-PERPETUAL.none.20.100ms", "data": {"timestamp": 1770343862416, "change_id": 138891536642, "instrument_name": "BTC-PERPETUAL", "bids": [[64976.5, 23570.0], [64973.0, 6250.0], [64972.5, 10010.0], [64971.5, 9300.0], [64964.0, 2460.0], [64963.5, 8240.0], [64959.0, 23960.0], [64958.5, 106050.0], [64958.0, 580.0], [64957.0, 3020.0], [64956.5, 3970.0], [64954.5, 7200.0], [64954.0, 6090.0], [64951.5, 9230.0], [64951.0, 15340.0], [64950.0, 46160.0], [64949.5, 6090.0], [64947.0, 5810.0], [64946.5, 19480.0], [64946.0, 28100.0]], "asks": [[64977.0, 1800.0], [64983.5, 33480.0], [64984.5, 21060.0], [64989.5, 5610.0], [64990.0, 11600.0], [64991.5, 14610.0], [64992.0, 10000.0], [64992.5, 8240.0], [64994.5, 490.0], [64995.0, 6090.0], [64996.5, 3040.0], [64997.0, 15610.0], [64997.5, 55420.0], [64998.5, 6100.0], [64999.5, 2140.0], [65000.0, 10.0], [65000.5, 1060.0], [65001.5, 6090.0], [65003.5, 37640.0], [65004.0, 78000.0]]}}}
{"jsonrpc": "2.0", "method": "subscription", "params": {"channel": "book.BTC-PERPETUAL.none.20.100ms", "data": {"timestamp": 1770343862780, "change_id": 138891537921, "instrument_name": "BTC-PERPETUAL", "bids": [[64996.0, 8790.0], [64990.0, 8580.0], [64989.5, 12780.0], [64989.0, 9300.0], [64986.5, 2000.0], [64981.0, 4320.0], [64978.0, 6090.0], [64977.5, 11660.0], [64977.0, 9300.0], [64974.5, 580.0], [64972.5, 10.0], [64971.5, 1820.0], [64971.0, 6090.0], [64968.0, 1820.0], [64967.5, 6090.0], [64965.5, 3970.0], [64965.0, 7200.0], [64964.5, 6090.0], [64961.0, 2760.0], [64960.0, 28530.0]], "asks": [[64996.5, 12780.0], [65000.0, 9230.0], [65002.0, 6000.0], [65002.5, 7200.0], [65006.5, 10.0], [65007.5, 1820.0], [65008.0, 6090.0], [65014.0, 6090.0], [65014.5, 35170.0], [65015.0, 75010.0], [65016.0, 1820.0], [65018.0, 6100.0], [65019.5, 1810.0], [65022.0, 9080.0], [65027.0, 1900.0], [65027.5, 6020.0], [65031.0, 6100.0], [65031.5, 10090.0], [65032.0, 21500.0], [65032.5, 71940.0]]}}}
{"jsonrpc": "2.0", "method": "subscription", "params": {"channel": "book.BTC-PERPETUAL.none.20.100ms", "data": {"timestamp": 1770343863114, "change_id": 138891539511, "instrument_name": "BTC-PERPETUAL", "bids": [[64999.5, 4210.0], [64982.0, 1820.0], [64981.5, 6580.0], [64980.0, 3020.0], [64979.0, 7580.0], [64978.5, 10000.0], [64978.0, 6090.0], [64977.5, 9300.0], [64974.5, 580.0], [64972.5, 4290.0], [64972.0, 8240.0], [64971.0, 6090.0], [64969.5, 24190.0], [64969.0, 74960.0], [64967.5, 6090.0], [64965.5, 3970.0], [64965.0, 7200.0], [64964.5, 6090.0], [64962.0, 13500.0], [64961.5, 20220.0]], "asks": [[65000.0, 170060.0], [65002.0, 2150.0], [65002.5, 7200.0], [65007.0, 610.0], [65013.5, 24000.0], [65014.0, 6090.0], [65014.5, 100.0], [65015.0, 75000.0], [65016.0, 16160.0], [65017.0, 45000.0], [65018.0, 6100.0], [65019.5, 4850.0], [65022.0, 6080.0], [65026.0, 3000.0], [65027.0, 1800.0], [65027.5, 6020.0], [65030.0, 44490.0], [65030.5, 60880.0], [65031.0, 6100.0], [65031.5, 10210.0]]}}}
{"jsonrpc": "2.0", "method": "subscription", "params": {"channel": "book.BTC-PERPETUAL.none.20.100ms", "data": {"timestamp": 1770343863421, "change_id": 138891540549, "instrument_name": "BTC-PERPETUAL", "bids": [[64984.5, 4210.0], [64978.0, 2780.0], [64977.5, 9300.0], [64975.5, 2000.0], [64975.0, 3160.0], [64973.0, 1850.0], [64972.5, 10.0], [64971.5, 90.0], [64971.0, 6090.0], [64970.0, 490.0], [64969.5, 1820.0], [64967.5, 6090.0], [64965.0, 3020.0], [64964.5, 6090.0], [64963.5, 580.0], [64962.5, 2460.0], [64960.5, 8240.0], [64959.0, 25000.0], [64958.5, 6090.0], [64956.5, 6920.0]], "asks": [[64985.0, 98580.0], [64989.0, 610.0], [64992.5, 7200.0], [64996.0, 3000.0], [64998.5, 4240.0], [64999.0, 19300.0], [64999.5, 62300.0], [65000.0, 184070.0], [65002.0, 2150.0], [65003.0, 6090.0], [65009.0, 6090.0], [65014.0, 6090.0], [65014.5, 100.0], [65016.0, 1820.0], [65018.0, 6100.0], [65019.5, 1810.0], [65022.0, 6080.0], [65025.0, 25000.0], [65026.0, 7460.0], [65027.0, 1800.0]]}}}
{"jsonrpc": "2.0", "method": "subscription", "params": {"channel": "book.BTC-PERPETUAL.none.20.100ms", "data": {"timestamp": 1770343863775, "change_id": 138891541847, "instrument_name": "BTC-PERPETUAL", "bids": [[64974.0, 23570.0], [64972.5, 10.0], [64968.0, 490.0], [64963.5, 580.0], [64961.0, 2460.0], [64960.5, 8240.0], [64959.0, 26820.0], [64958.5, 6090.0], [64956.5, 28720.0], [64956.0, 90.0], [64955.5, 10990.0], [64955.0, 82160.0], [64954.5, 3020.0], [64954.0, 6090.0], [64950.5, 1820.0], [64949.5, 6090.0], [64947.5, 9230.0], [64946.0, 100.0], [64945.0, 41270.0], [64944.5, 46160.0]], "asks": [[64974.5, 10000.0], [64978.5, 28260.0], [64984.0, 36020.0], [64984.5, 61630.0], [64985.0, 48830.0], [64988.5, 490.0], [64989.0, 610.0], [64990.5, 3370.0], [64991.0, 11710.0], [64991.5, 26790.0], [64992.5, 13290.0], [64994.0, 3040.0], [64995.5, 3980.0], [64996.0, 3000.0], [64996.5, 6090.0], [64998.5, 79240.0], [64999.0, 4270.0], [65000.0, 11970.0], [65002.0, 14980.0], [65003.0, 6090.0]]}}}
{"jsonrpc": "2.0", "method": "subscription", "params": {"channel": "book.BTC-PERPETUAL.none.20.100ms", "data": {"timestamp": 1770343864103, "change_id": 138891543081, "instrument_name": "BTC-PERPETUAL", "bids": [[64978.0, 43660.0], [64976.0, 580.0], [64972.5, 10.0], [64967.0, 17160.0], [64966.5, 25000.0], [64964.5, 10990.0], [64964.0, 7200.0], [64963.0, 22020.0], [64962.5, 74960.0], [64960.0, 42890.0], [64958.5, 9110.0], [64957.0, 84160.0], [64955.0, 7630.0], [64954.0, 6090.0], [64952.5, 3000.0], [64951.5, 19480.0], [64951.0, 13160.0], [64950.5, 38000.0], [64949.5, 6090.0], [64948.0, 90.0]], "asks": [[64978.5, 1530.0], [64984.5, 10.0], [64985.0, 10470.0], [64989.0, 19490.0], [64990.5, 13990.0], [64991.5, 10990.0], [64996.0, 17470.0], [64996.5, 6090.0], [64998.0, 1100.0], [64998.5, 13580.0], [64999.0, 46190.0], [65000.5, 3040.0], [65001.5, 2190.0], [65002.5, 1820.0], [65003.0, 6090.0], [65008.0, 3970.0], [65008.5, 7200.0], [65009.0, 6090.0], [65013.0, 8460.0], [65014.0, 6090.0]]}}}
{"jsonrpc": "2.0", "method": "subscription", "params": {"channel": "book.BTC-PERPETUAL.none.20.100ms", "data": {"timestamp": 1770343864436, "change_id": 138891544200, "instrument_name": "BTC-PERPETUAL", "bids": [[64984.0, 33170.0], [64983.0, 490.0], [64982.5, 9300.0], [64979.0, 9310.0], [64978.5, 14300.0], [64976.0, 580.0], [64972.5, 10.0], [64970.0, 25000.0], [64968.5, 24840.0], [64968.0, 83200.0], [64967.0, 15860.0], [64966.0, 6090.0], [64964.5, 3020.0], [64964.0, 7200.0], [64961.5, 2760.0], [64961.0, 9230.0], [64958.5, 31210.0], [64958.0, 46160.0], [64957.0, 38000.0], [64956.0, 7630.0]], "asks": [[64984.5, 11890.0], [64992.5, 24980.0], [64993.5, 19490.0], [64995.5, 46190.0], [64996.0, 8240.0], [64997.0, 10000.0], [64997.5, 9720.0], [64998.0, 3650.0], [65002.5, 1820.0], [65003.0, 6090.0], [65008.0, 3970.0], [65008.5, 7200.0], [65009.0, 6090.0], [65011.5, 22390.0], [65012.0, 75000.0], [65012.5, 2750.0], [65013.0, 3000.0], [65014.0, 6090.0], [65014.5, 100.0], [65015.0, 10.0]]}}}
{"jsonrpc": "2.0", "method": "subscription", "params": {"channel": "book.BTC-PERPETUAL.none.20.100ms", "data": {"timestamp": 1770343864759, "change_id": 138891545338, "instrument_name": "BTC-PERPETUAL", "bids": [[64984.0, 31630.0], [64979.0, 9800.0], [64978.5, 5000.0], [64977.5, 10000.0], [64976.0, 580.0], [64972.5, 10.0], [64971.0, 2610.0], [64970.5, 8240.0], [64967.0, 7530.0], [64966.5, 10990.0], [64966.0, 6090.0], [64964.5, 3020.0], [64964.0, 7200.0], [64963.0, 22380.0], [64960.5, 99960.0], [64960.0, 11180.0], [64958.5, 6090.0], [64957.0, 38000.0], [64956.5, 9230.0], [64955.0, 15600.0]], "asks": [[64984.5, 31860.0], [64991.0, 10990.0], [64991.5, 35410.0], [64992.0, 83920.0], [64992.5, 23220.0], [64993.0, 490.0], [64995.0, 1090.0], [64998.0, 3650.0], [65000.0, 2150.0], [65000.5, 7200.0], [65002.5, 1820.0], [65003.0, 6090.0], [65006.0, 3000.0], [65008.0, 1820.0], [65009.0, 6090.0], [65009.5, 22390.0], [65010.0, 75000.0], [65012.5, 1850.0], [65014.0, 6090.0], [65014.5, 100.0]]}}}
{"jsonrpc": "2.0", "method": "subscription", "params": {"channel": "book.BTC-PERPETUAL.none.20.100ms", "data": {"timestamp": 1770343865091, "change_id": 138891546479, "instrument_name": "BTC-PERPETUAL", "bids": [[64979.0, 10.0], [64978.5, 5000.0], [64972.5, 10.0], [64967.0, 2720.0], [64966.0, 6090.0], [64964.5, 3020.0], [64962.0, 6090.0], [64961.5, 2460.0], [64961.0, 8240.0], [64960.0, 26830.0], [64958.5, 6090.0], [64956.5, 28970.0], [64956.0, 7200.0], [64954.0, 6090.0], [64953.0, 5470.0], [64949.5, 6090.0], [64948.0, 90.0], [64946.5, 13060.0], [64946.0, 3100.0], [64945.5, 2100.0]], "asks": [[64980.5, 40880.0], [64981.0, 9300.0], [64984.0, 1000.0], [64984.5, 129180.0], [64989.5, 610.0], [64990.0, 10490.0], [64990.5, 18460.0], [64995.0, 1090.0], [64997.0, 3000.0], [64998.0, 3040.0], [65000.0, 25870.0], [65000.5, 7200.0], [65002.0, 78040.0], [65002.5, 15020.0], [65003.0, 6090.0], [65005.5, 45000.0], [65008.0, 1820.0], [65009.0, 6090.0], [65012.5, 1850.0], [65014.0, 6090.0]]}}}
{"jsonrpc": "2.0", "method": "subscription", "params": {"channel": "book.BTC-PERPETUAL.none.20.100ms", "data": {"timestamp": 1770343865422, "change_id": 138891547686, "instrument_name": "BTC-PERPETUAL", "bids": [[64979.0, 13010.0], [64974.0, 2000.0], [64972.5, 10.0], [64967.5, 490.0], [64967.0, 5180.0], [64966.0, 6090.0], [64965.0, 8240.0], [64964.5, 3020.0], [64962.5, 5010.0], [64962.0, 17080.0], [64960.0, 580.0], [64959.0, 1820.0], [64958.5, 6090.0], [64956.5, 10920.0], [64956.0, 7200.0], [64954.0, 31090.0], [64953.0, 26360.0], [64951.0, 74960.0], [64950.5, 9230.0], [64949.5, 6090.0]], "asks": [[64979.5, 53170.0], [64980.0, 9310.0], [64980.5, 19300.0], [64983.0, 8240.0], [64983.5, 13990.0], [64984.0, 1000.0], [64984.5, 3140.0], [64985.5, 9230.0], [64986.0, 57670.0], [64986.5, 10000.0], [64988.5, 3040.0], [64989.5, 610.0], [64992.0, 2150.0], [64992.5, 7200.0], [64996.5, 6390.0], [64998.0, 3040.0], [64998.5, 6090.0], [65001.5, 23290.0], [65002.0, 75000.0], [65002.5, 15020.0]]}}}
{"jsonrpc": "2.0", "method": "subscription", "params": {"channel": "book.BTC-PERPETUAL.none.20.100ms", "data": {"timestamp": 1770343865754, "change_id": 138891548457, "instrument_name": "BTC-PERPETUAL", "bids": [[64979.0, 20000.0], [64972.5, 10.0], [64967.5, 490.0], [64967.0, 5180.0], [64966.0, 6090.0], [64965.0, 8240.0], [64964.5, 3020.0], [64963.5, 5020.0], [64962.5, 10990.0], [64962.0, 6090.0], [64960.0, 580.0], [64959.0, 1820.0], [64958.5, 6090.0], [64956.5, 25840.0], [64956.0, 7200.0], [64954.0, 6090.0], [64953.5, 74960.0], [64953.0, 11450.0], [64952.5, 25000.0], [64950.5, 9230.0]], "asks": [[64979.5, 52350.0], [64980.0, 9310.0], [64980.5, 10000.0], [64983.0, 10990.0], [64983.5, 22230.0], [64984.0, 10230.0], [64984.5, 10.0], [64985.0, 490.0], [64985.5, 46190.0], [64986.0, 10000.0], [64989.5, 610.0], [64992.0, 2150.0], [64992.5, 7200.0], [64996.5, 3390.0], [64998.0, 3040.0], [64998.5, 6090.0], [64999.5, 23280.0], [65000.0, 75000.0], [65001.0, 3000.0], [65002.5, 15020.0]]}}}
{"jsonrpc": "2.0", "method": "subscription", "params": {"channel": "book.BTC-PERPETUAL.none.20.100ms", "data": {"timestamp": 1770343866084, "change_id": 138891549555, "instrument_name": "BTC-PERPETUAL", "bids": [[64979.0, 34810.0], [64973.5, 2460.0], [64973.0, 8240.0], [64972.5, 10.0], [64970.0, 2610.0], [64968.0, 10990.0], [64967.5, 620.0], [64967.0, 2720.0], [64966.0, 6090.0], [64964.5, 3020.0], [64963.5, 1990.0], [64962.0, 6090.0], [64960.0, 26390.0], [64959.5, 74960.0], [64959.0, 9230.0], [64958.5, 6090.0], [64956.5, 37100.0], [64956.0, 7200.0], [64955.0, 46160.0], [64954.5, 25000.0]], "asks": [[64979.5, 20410.0], [64980.0, 10.0], [64980.5, 10000.0], [64984.0, 1000.0], [64984.5, 10.0], [64991.0, 44470.0], [64991.5, 10000.0], [64995.5, 16290.0], [64996.0, 64150.0], [64998.0, 3040.0], [64998.5, 6720.0], [65000.0, 2150.0], [65000.5, 7200.0], [65003.0, 6090.0], [65005.0, 13430.0], [65005.5, 75510.0], [65007.0, 100010.0], [65007.5, 3000.0], [65009.0, 6090.0], [65012.0, 18470.0]]}}}
{"jsonrpc": "2.0", "method": "subscription", "params": {"channel": "book.BTC-PERPETUAL.none.20.100ms", "data": {"timestamp": 1770343866419, "change_id": 138891550477, "instrument_name": "BTC-PERPETUAL", "bids": [[64979.0, 18000.0], [64973.0, 2000.0], [64972.5, 10.0], [64967.0, 2870.0], [64966.0, 6090.0], [64965.0, 490.0], [64964.5, 3020.0], [64963.5, 7040.0], [64962.5, 10990.0], [64962.0, 6090.0], [64960.5, 8240.0], [64959.0, 1820.0], [64958.5, 6090.0], [64956.5, 3970.0], [64956.0, 7200.0], [64954.0, 6090.0], [64953.0, 34410.0], [64952.5, 74960.0], [64952.0, 25000.0], [64949.5, 15320.0]], "asks": [[64979.5, 45420.0], [64980.0, 10.0], [64980.5, 10000.0], [64983.0, 9230.0], [64983.5, 24980.0], [64984.0, 11000.0], [64984.5, 46200.0], [64990.5, 630.0], [64992.5, 7200.0], [64995.5, 3060.0], [64996.0, 3000.0], [64998.0, 3040.0], [64998.5, 6090.0], [65003.0, 6090.0], [65003.5, 35820.0], [65004.0, 75000.0], [65005.5, 45000.0], [65006.5, 2720.0], [65007.0, 10.0], [65009.0, 6090.0]]}}}
{"jsonrpc": "2.0", "method": "subscription", "params": {"channel": "book.BTC-PERPETUAL.none.20.100ms", "data": {"timestamp": 1770343866750, "change_id": 138891551507, "instrument_name": "BTC-PERPETUAL", "bids": [[64979.0, 18000.0], [64971.0, 2000.0], [64967.0, 1050.0], [64965.5, 490.0], [64963.0, 4870.0], [64960.5, 10990.0], [64960.0, 5280.0], [64959.5, 8240.0], [64958.5, 6090.0], [64957.0, 620.0], [64956.5, 3970.0], [64956.0, 7200.0], [64954.0, 6090.0], [64950.0, 1820.0], [64949.5, 6090.0], [64948.0, 90.0], [64945.5, 84190.0], [64944.0, 28000.0], [64943.5, 6090.0], [64942.0, 51520.0]], "asks": [[64979.5, 94450.0], [64980.0, 55500.0], [64980.5, 20000.0], [64981.5, 9230.0], [64982.0, 630.0], [64984.5, 10.0], [64992.5, 7200.0], [64995.5, 3060.0], [64996.0, 3000.0], [64998.0, 3040.0], [64998.5, 6090.0], [65002.5, 37640.0], [65003.0, 81090.0], [65005.5, 45000.0], [65006.5, 1820.0], [65007.0, 10.0], [65009.0, 8280.0], [65012.0, 21510.0], [65012.5, 63740.0], [65013.5, 120.0]]}}}
{"jsonrpc": "2.0", "method": "subscription", "params": {"channel": "book.BTC-PERPETUAL.none.20.100ms", "data": {"timestamp": 1770343867081, "change_id": 138891552640, "instrument_name": "BTC-PERPETUAL", "bids": [[64979.0, 5000.0], [64967.0, 2000.0], [64960.5, 490.0], [64960.0, 3030.0], [64959.0, 2000.0], [64958.5, 6090.0], [64956.0, 5100.0], [64955.5, 10990.0], [64954.0, 6090.0], [64952.0, 4040.0], [64951.5, 8240.0], [64949.5, 6090.0], [64949.0, 24740.0], [64948.5, 75580.0], [64948.0, 90.0], [64947.5, 7200.0], [64943.5, 6090.0], [64941.0, 9230.0], [64940.5, 6090.0], [64938.5, 3000.0]], "asks": [[64979.5, 177370.0], [64980.0, 9310.0], [64980.5, 10000.0], [64984.0, 7200.0], [64984.5, 10.0], [64991.0, 3000.0], [64995.5, 5250.0], [64997.0, 3040.0], [64998.0, 3040.0], [64998.5, 6090.0], [65003.0, 6090.0], [65004.0, 25000.0], [65005.0, 75000.0], [65005.5, 45000.0], [65006.5, 1820.0], [65007.0, 10.0], [65009.0, 6090.0], [65012.0, 18470.0], [65012.5, 63740.0], [65013.5, 120.0]]}}}
{"jsonrpc": "2.0", "method": "subscription", "params": {"channel": "book.BTC-PERPETUAL.none.20.100ms", "data": {"timestamp": 1770343867410, "change_id": 138891554857, "instrument_name": "BTC-PERPETUAL", "bids": [[64959.5, 12780.0], [64954.5, 4210.0], [64954.0, 1530.0], [64950.0, 2000.0], [64947.0, 490.0], [64945.0, 3240.0], [64942.5, 620.0], [64941.0, 1820.0], [64940.5, 6090.0], [64939.0, 90.0], [64937.5, 2150.0], [64937.0, 7200.0], [64935.5, 17800.0], [64935.0, 6090.0], [64933.5, 74950.0], [64932.0, 19610.0], [64931.5, 5940.0], [64930.5, 3000.0], [64930.0, 20.0], [64929.0, 9230.0]], "asks": [[64960.0, 18790.0], [64962.0, 24050.0], [64963.5, 9300.0], [64964.0, 9300.0], [64964.5, 630.0], [64967.0, 13990.0], [64973.5, 2100.0], [64974.5, 10990.0], [64975.5, 17200.0], [64978.0, 49840.0], [64978.5, 75000.0], [64979.0, 9300.0], [64979.5, 67630.0], [64980.0, 10.0], [64981.0, 6100.0], [64981.5, 3050.0], [64984.5, 13210.0], [64985.0, 6100.0], [64988.0, 45000.0], [64990.5, 2720.0]]}}}
{"jsonrpc": "2.0", "method": "subscription", "params": {"channel": "book.BTC-PERPETUAL.none.20.100ms", "data": {"timestamp": 1770343867741, "change_id": 138891556930, "instrument_name": "BTC-PERPETUAL", "bids": [[64949.5, 20820.0], [64942.5, 9300.0], [64932.5, 11610.0], [64932.0, 8240.0], [64931.5, 5940.0], [64930.5, 10200.0], [64930.0, 20.0], [64928.0, 5940.0], [64926.0, 90.0], [64924.5, 5940.0], [64921.5, 5950.0], [64919.0, 74960.0], [64917.0, 5950.0], [64915.5, 19480.0], [64915.0, 25000.0], [64914.5, 47230.0], [64914.0, 46160.0], [64913.5, 5960.0], [64910.5, 6090.0], [64910.0, 46530.0]], "asks": [[64950.0, 14250.0], [64953.0, 630.0], [64954.0, 41720.0], [64956.0, 1860.0], [64958.0, 820.0], [64959.0, 7020.0], [64959.5, 2740.0], [64960.0, 12510.0], [64961.0, 17090.0], [64961.5, 46190.0], [64962.5, 3050.0], [64963.5, 870.0], [64965.0, 7200.0], [64968.5, 6100.0], [64973.5, 2000.0], [64974.5, 81110.0], [64975.0, 10000.0], [64977.0, 45000.0], [64979.5, 4690.0], [64980.0, 10.0]]}}}
{"jsonrpc": "2.0", "method": "subscription", "params": {"channel": "book.BTC-PERPETUAL.none.20.100ms", "data": {"timestamp": 1770343868057, "change_id": 138891558818, "instrument_name": "BTC-PERPETUAL", "bids": [[64955.5, 12410.0], [64950.0, 1350.0], [64947.5, 1260.0], [64943.0, 8200.0], [64942.5, 14300.0], [64939.0, 2920.0], [64938.5, 46160.0], [64937.5, 6100.0], [64932.5, 84190.0], [64932.0, 2730.0], [64931.5, 6100.0], [64930.0, 20.0], [64929.5, 13780.0], [64928.5, 1770.0], [64928.0, 5940.0], [64925.0, 4440.0], [64924.5, 5940.0], [64924.0, 3000.0], [64921.5, 5950.0], [64917.0, 5950.0]], "asks": [[64956.0, 590.0], [64959.5, 2740.0], [64960.0, 3280.0], [64962.5, 3030.0], [64974.0, 600.0], [64974.5, 6100.0], [64975.0, 10000.0], [64976.0, 3050.0], [64979.0, 2120.0], [64979.5, 1000.0], [64980.0, 10.0], [64981.0, 6100.0], [64984.5, 10.0], [64985.0, 6110.0], [64991.0, 6100.0], [64993.5, 75000.0], [64994.0, 16200.0], [64998.5, 6090.0], [64999.0, 3000.0], [65000.0, 100.0]]}}}
{"jsonrpc": "2.0", "method": "subscription", "params": {"channel": "book.BTC-PERPETUAL.none.20.100ms", "data": {"timestamp": 1770343868403, "change_id": 138891560932, "instrument_name": "BTC-PERPETUAL", "bids": [[64962.5, 40520.0], [64956.0, 640.0], [64955.5, 10990.0], [64946.5, 2760.0], [64945.5, 100.0], [64944.5, 6100.0], [64944.0, 74960.0], [64943.5, 24520.0], [64943.0, 16430.0], [64939.5, 46160.0], [64939.0, 3000.0], [64937.5, 24910.0], [64937.0, 25000.0], [64936.5, 38000.0], [64931.5, 6100.0], [64930.0, 20.0], [64928.0, 5940.0], [64926.0, 11340.0], [64925.5, 38000.0], [64925.0, 5120.0]], "asks": [[64963.0, 10000.0], [64973.5, 10060.0], [64976.5, 490.0], [64978.0, 5170.0], [64978.5, 10990.0], [64979.0, 9230.0], [64979.5, 1000.0], [64980.0, 10.0], [64980.5, 6100.0], [64983.5, 15400.0], [64984.0, 600.0], [64984.5, 21200.0], [64985.0, 6100.0], [64990.5, 46190.0], [64991.0, 6100.0], [64992.0, 27230.0], [64992.5, 75010.0], [64993.5, 4840.0], [64994.0, 16200.0], [64995.0, 15250.0]]}}}
{"jsonrpc": "2.0", "method": "subscription", "params": {"channel": "book.BTC-PERPETUAL.none.20.100ms", "data": {"timestamp": 1770343868734, "change_id": 138891562753, "instrument_name": "BTC-PERPETUAL", "bids": [[64965.5, 19300.0], [64965.0, 2780.0], [64963.0, 9300.0], [64962.5, 10.0], [64956.5, 490.0], [64956.0, 640.0], [64955.5, 13240.0], [64953.5, 6100.0], [64952.0, 3030.0], [64950.0, 74960.0], [64948.0, 6100.0], [64946.5, 19480.0], [64946.0, 7200.0], [64945.0, 57210.0], [64944.5, 6100.0], [64941.5, 6100.0], [64937.5, 6100.0], [64937.0, 25000.0], [64935.0, 3000.0], [64931.5, 6100.0]], "asks": [[64966.0, 8800.0], [64971.5, 23540.0], [64974.5, 12030.0], [64977.5, 4730.0], [64978.0, 490.0], [64979.5, 1000.0], [64980.0, 10.0], [64983.5, 6100.0], [64984.0, 600.0], [64989.0, 10000.0], [64990.5, 4870.0], [64991.0, 6100.0], [64991.5, 23530.0], [64992.0, 46190.0], [64993.0, 80190.0], [64993.5, 9230.0], [64994.0, 16200.0], [64995.0, 15250.0], [64995.5, 45000.0], [64997.0, 3050.0]]}}}
{"jsonrpc": "2.0", "method": "subscription", "params": {"channel": "book.BTC-PERPETUAL.none.20.100ms", "data": {"timestamp": 1770343869065, "change_id": 138891564404, "instrument_name": "BTC-PERPETUAL", "bids": [[64945.5, 33410.0], [64945.0, 5580.0], [64944.5, 10000.0], [64938.5, 640.0], [64938.0, 90.0], [64932.0, 5190.0], [64931.5, 13300.0], [64930.0, 3020.0], [64929.5, 2100.0], [64928.5, 21680.0], [64928.0, 5940.0], [64926.0, 19480.0], [64925.0, 3550.0], [64924.5, 5940.0], [64922.0, 84190.0], [64921.5, 5950.0], [64919.0, 100.0], [64917.5, 1780.0], [64917.0, 5950.0], [64913.5, 5960.0]], "asks": [[64946.0, 10810.0], [64952.5, 12780.0], [64956.0, 14240.0], [64959.0, 9300.0], [64963.5, 6100.0], [64964.5, 1480.0], [64965.5, 8500.0], [64966.0, 31040.0], [64969.5, 9090.0], [64970.0, 12760.0], [64970.5, 16360.0], [64971.0, 75000.0], [64971.5, 7200.0], [64973.5, 6700.0], [64974.5, 7360.0], [64975.0, 3050.0], [64977.5, 10.0], [64978.0, 17500.0], [64979.5, 6100.0], [64980.0, 10.0]]}}}
{"jsonrpc": "2.0", "method": "subscription", "params": {"channel": "book.BTC-PERPETUAL.none.20.100ms", "data": {"timestamp": 1770343869361, "change_id": 138891565816, "instrument_name": "BTC-PERPETUAL", "bids": [[64938.0, 5000.0], [64933.0, 8240.0], [64932.0, 5500.0], [64930.0, 20.0], [64929.0, 10000.0], [64928.5, 10320.0], [64925.5, 3000.0], [64925.0, 25470.0], [64924.5, 5940.0], [64917.5, 67910.0], [64917.0, 5950.0], [64914.0, 1780.0], [64913.5, 5960.0], [64912.0, 38000.0], [64911.0, 13620.0], [64910.5, 6090.0], [64910.0, 1530.0], [64907.5, 3060.0], [64907.0, 10260.0], [64904.0, 57840.0]], "asks": [[64939.0, 17020.0], [64942.0, 12780.0], [64945.5, 5520.0], [64946.0, 6100.0], [64955.5, 5900.0], [64956.0, 45380.0], [64956.5, 6100.0], [64957.5, 520.0], [64959.0, 9300.0], [64962.0, 42460.0], [64962.5, 4880.0], [64963.0, 33530.0], [64963.5, 6100.0], [64965.5, 79040.0], [64966.0, 3090.0], [64968.5, 4810.0], [64969.0, 4810.0], [64969.5, 6100.0], [64970.5, 15010.0], [64971.0, 10990.0]]}}}
{"jsonrpc": "2.0", "method": "subscription", "params": {"channel": "book.BTC-PERPETUAL.none.20.100ms", "data": {"timestamp": 1770343869670, "change_id": 138891567764, "instrument_name": "BTC-PERPETUAL", "bids": [[64931.5, 21850.0], [64930.5, 14340.0], [64930.0, 8960.0], [64920.0, 3000.0], [64918.0, 13020.0], [64914.5, 5470.0], [64914.0, 3010.0], [64913.5, 5960.0], [64911.0, 5300.0], [64910.5, 44090.0], [64910.0, 1530.0], [64907.5, 3060.0], [64907.0, 10260.0], [64904.0, 30430.0], [64903.5, 63000.0], [64902.5, 5950.0], [64900.5, 16540.0], [64900.0, 18540.0], [64899.0, 5950.0], [64897.5, 90.0]], "asks": [[64938.5, 4730.0], [64939.0, 1020.0], [64942.0, 240.0], [64945.5, 10.0], [64946.0, 15830.0], [64947.0, 3700.0], [64955.5, 36830.0], [64956.0, 112110.0], [64956.5, 6100.0], [64957.0, 10.0], [64957.5, 520.0], [64958.5, 4240.0], [64960.0, 36650.0], [64963.0, 33480.0], [64963.5, 6100.0], [64965.5, 10.0], [64969.5, 6100.0], [64970.5, 4810.0], [64973.0, 120.0], [64973.5, 6100.0]]}}}
{"jsonrpc": "2.0", "method": "subscription", "params": {"channel": "book.BTC-PERPETUAL.none.20.100ms", "data": {"timestamp": 1770343870048, "change_id": 138891569472, "instrument_name": "BTC-PERPETUAL", "bids": [[64954.0, 5820.0], [64941.5, 4560.0], [64939.0, 10.0], [64938.5, 10.0], [64938.0, 10000.0], [64936.5, 6100.0], [64935.5, 8240.0], [64935.0, 640.0], [64932.5, 74950.0], [64932.0, 9300.0], [64931.5, 20290.0], [64930.5, 17700.0], [64930.0, 7200.0], [64929.5, 490.0], [64927.0, 9480.0], [64926.5, 25000.0], [64926.0, 9230.0], [64924.5, 2720.0], [64924.0, 9100.0], [64921.0, 32760.0]], "asks": [[64954.5, 12780.0], [64955.5, 9090.0], [64956.0, 13990.0], [64958.0, 10000.0], [64959.5, 10990.0], [64960.0, 10150.0], [64961.5, 27730.0], [64963.5, 6100.0], [64964.0, 3590.0], [64964.5, 10000.0], [64965.5, 10.0], [64968.5, 17180.0], [64969.0, 55910.0], [64969.5, 6100.0], [64970.5, 7200.0], [64973.5, 6100.0], [64977.5, 10.0], [64978.0, 3000.0], [64979.5, 6100.0], [64980.0, 10.0]]}}}
{"jsonrpc": "2.0", "method": "subscription", "params": {"channel": "book.BTC-PERPETUAL.none.20.100ms", "data": {"timestamp": 1770343870368, "change_id": 138891570911, "instrument_name": "BTC-PERPETUAL", "bids": [[64965.0, 8720.0], [64962.0, 4560.0], [64956.0, 10.0], [64955.5, 9300.0], [64954.0, 10.0], [64947.5, 640.0], [64946.0, 3010.0], [64944.5, 6100.0], [64942.0, 8240.0], [64941.5, 18300.0], [64939.0, 9240.0], [64938.5, 132120.0], [64936.5, 6100.0], [64933.0, 57480.0], [64932.0, 25000.0], [64930.5, 6100.0], [64929.5, 490.0], [64928.5, 3000.0], [64927.0, 11340.0], [64926.5, 38000.0]], "asks": [[64965.5, 12790.0], [64968.5, 1870.0], [64972.5, 3280.0], [64973.0, 19230.0], [64977.0, 18310.0], [64977.5, 74920.0], [64979.0, 25850.0], [64979.5, 6100.0], [64980.0, 7210.0], [64981.0, 4600.0], [64983.0, 100.0], [64983.5, 6100.0], [64986.5, 6100.0], [64990.5, 1820.0], [64991.0, 6100.0], [64992.0, 25280.0], [64992.5, 78000.0], [64994.0, 16200.0], [64994.5, 100.0], [64995.0, 9280.0]]}}}
{"jsonrpc": "2.0", "method": "subscription", "params": {"channel": "book.BTC-PERPETUAL.none.20.100ms", "data": {"timestamp": 1770343870675, "change_id": 138891572429, "instrument_name": "BTC-PERPETUAL", "bids": [[64957.0, 4210.0], [64956.5, 20610.0], [64956.0, 10.0], [64954.0, 10.0], [64953.5, 10000.0], [64946.0, 640.0], [64945.0, 9230.0], [64944.5, 6100.0], [64942.5, 7200.0], [64941.5, 6100.0], [64939.5, 74950.0], [64939.0, 10.0], [64938.5, 500.0], [64937.0, 3010.0], [64936.5, 6100.0], [64930.5, 6100.0], [64928.5, 3000.0], [64927.0, 17360.0], [64925.0, 1820.0], [64924.0, 6100.0]], "asks": [[64963.0, 4240.0], [64963.5, 20180.0], [64965.5, 19500.0], [64969.0, 2380.0], [64970.0, 10990.0], [64971.5, 12280.0], [64972.0, 19000.0], [64972.5, 1280.0], [64973.0, 490.0], [64976.0, 35230.0], [64976.5, 8240.0], [64977.5, 46800.0], [64980.5, 75000.0], [64981.0, 4340.0], [64983.0, 9230.0], [64983.5, 6100.0], [64984.5, 3970.0], [64986.5, 6100.0], [64990.5, 2730.0], [64991.0, 6100.0]]}}}
{"jsonrpc": "2.0", "method": "subscription", "params": {"channel": "book.BTC-PERPETUAL.none.20.100ms", "data": {"timestamp": 1770343871034, "change_id": 138891574920, "instrument_name": "BTC-PERPETUAL", "bids": [[64956.5, 16310.0], [64954.0, 10.0], [64945.0, 3280.0], [64943.0, 640.0], [64942.0, 1820.0], [64941.5, 6100.0], [64939.0, 10.0], [64938.5, 10.0], [64937.5, 4830.0], [64936.5, 6100.0], [64934.5, 2150.0], [64934.0, 7200.0], [64931.5, 6420.0], [64930.5, 6100.0], [64928.0, 45000.0], [64927.5, 6100.0], [64926.0, 38000.0], [64925.0, 21910.0], [64924.5, 71160.0], [64924.0, 6100.0]], "asks": [[64957.0, 4420.0], [64960.0, 17260.0], [64962.5, 33480.0], [64963.5, 9300.0], [64964.5, 2990.0], [64965.0, 10000.0], [64965.5, 10.0], [64967.5, 13790.0], [64971.0, 12700.0], [64972.0, 9300.0], [64972.5, 51080.0], [64974.5, 3280.0], [64975.0, 6100.0], [64976.5, 7200.0], [64977.5, 10.0], [64981.0, 1820.0], [64983.5, 6100.0], [64986.0, 2720.0], [64986.5, 6100.0], [64991.0, 6100.0]]}}}
{"jsonrpc": "2.0", "method": "subscription", "params": {"channel": "book.BTC-PERPETUAL.none.20.100ms", "data": {"timestamp": 1770343871381, "change_id": 138891577147, "instrument_name": "BTC-PERPETUAL", "bids": [[64942.0, 13810.0], [64939.0, 10.0], [64932.5, 640.0], [64930.5, 6100.0], [64927.5, 6100.0], [64924.0, 6100.0], [64922.0, 25000.0], [64921.5, 1880.0], [64920.5, 6100.0], [64919.5, 7200.0], [64918.5, 90.0], [64918.0, 1850.0], [64917.5, 6100.0], [64915.0, 90.0], [64914.0, 20430.0], [64913.5, 5960.0], [64912.0, 38000.0], [64911.5, 46160.0], [64911.0, 2300.0], [64910.5, 6090.0]], "asks": [[64942.5, 17020.0], [64956.0, 4240.0], [64956.5, 9300.0], [64957.0, 65260.0], [64958.0, 600.0], [64958.5, 10000.0], [64959.0, 10000.0], [64959.5, 75000.0], [64960.0, 17030.0], [64963.0, 5000.0], [64964.5, 3970.0], [64965.5, 7210.0], [64966.0, 6090.0], [64967.0, 20080.0], [64968.5, 60180.0], [64972.5, 3000.0], [64974.5, 1820.0], [64975.0, 6100.0], [64977.5, 10.0], [64980.0, 6090.0]]}}}
{"jsonrpc": "2.0", "method": "subscription", "params": {"channel": "book.BTC-PERPETUAL.none.20.100ms", "data": {"timestamp": 1770343871710, "change_id": 138891578937, "instrument_name": "BTC-PERPETUAL", "bids": [[64939.0, 19170.0], [64935.5, 10000.0], [64931.0, 3050.0], [64928.5, 11480.0], [64925.0, 5840.0], [64924.0, 6740.0], [64923.0, 6040.0], [64922.0, 8240.0], [64921.5, 3730.0], [64920.5, 6100.0], [64919.5, 7200.0], [64917.5, 6100.0], [64914.0, 15210.0], [64913.5, 5960.0], [64911.5, 84180.0], [64911.0, 7820.0], [64910.5, 6090.0], [64910.0, 1530.0], [64907.5, 45740.0], [64907.0, 5950.0]], "asks": [[64939.5, 17020.0], [64942.0, 10.0], [64942.5, 17890.0], [64949.0, 1240.0], [64955.5, 19490.0], [64956.5, 12300.0], [64957.0, 28480.0], [64958.0, 600.0], [64959.0, 10000.0], [64959.5, 75000.0], [64960.0, 6090.0], [64963.0, 5000.0], [64965.5, 7210.0], [64966.0, 6090.0], [64968.5, 46190.0], [64969.0, 31090.0], [64975.0, 6100.0], [64976.5, 10.0], [64977.0, 120.0], [64977.5, 10.0]]}}}
{"jsonrpc": "2.0", "method": "subscription", "params": {"channel": "book.BTC-PERPETUAL.none.20.100ms", "data": {"timestamp": 1770343872042, "change_id": 138891580102, "instrument_name": "BTC-PERPETUAL", "bids": [[64939.0, 10.0], [64935.5, 10000.0], [64928.5, 490.0], [64925.0, 8810.0], [64924.5, 10990.0], [64924.0, 6740.0], [64923.0, 6040.0], [64921.5, 5950.0], [64920.5, 6100.0], [64919.5, 7200.0], [64918.5, 8240.0], [64918.0, 1820.0], [64917.5, 6100.0], [64914.0, 24960.0], [64913.5, 5960.0], [64911.5, 84180.0], [64911.0, 14580.0], [64910.5, 6090.0], [64910.0, 1530.0], [64909.0, 25000.0]], "asks": [[64939.5, 25980.0], [64940.0, 8270.0], [64940.5, 10000.0], [64942.0, 500.0], [64942.5, 17680.0], [64947.5, 22810.0], [64948.0, 19230.0], [64948.5, 57180.0], [64950.5, 600.0], [64955.0, 8590.0], [64955.5, 19490.0], [64956.5, 9300.0], [64957.0, 10.0], [64958.0, 28100.0], [64958.5, 3040.0], [64959.5, 75000.0], [64960.0, 6090.0], [64962.0, 2390.0], [64962.5, 3000.0], [64963.0, 5000.0]]}}}
{"jsonrpc": "2.0", "method": "subscription", "params": {"channel": "book.BTC-PERPETUAL.none.20.100ms", "data": {"timestamp": 1770343872373, "change_id": 138891581984, "instrument_name": "BTC-PERPETUAL", "bids": [[64918.0, 3360.0], [64915.0, 490.0], [64914.5, 11630.0], [64914.0, 3930.0], [64913.5, 5960.0], [64911.0, 11930.0], [64910.5, 6090.0], [64910.0, 1530.0], [64908.0, 8240.0], [64907.5, 23870.0], [64907.0, 5950.0], [64905.0, 74950.0], [64904.5, 90.0], [64904.0, 5090.0], [64902.5, 5950.0], [64901.0, 9230.0], [64900.5, 12100.0], [64900.0, 18540.0], [64899.5, 90.0], [64899.0, 30950.0]], "asks": [[64925.5, 4240.0], [64935.5, 6100.0], [64936.0, 22080.0], [64939.0, 51800.0], [64939.5, 119580.0], [64942.0, 10.0], [64945.5, 3000.0], [64946.0, 26910.0], [64946.5, 10000.0], [64948.5, 7200.0], [64955.0, 2780.0], [64956.0, 75000.0], [64956.5, 9300.0], [64957.0, 10200.0], [64957.5, 25000.0], [64958.5, 3040.0], [64960.0, 6090.0], [64962.0, 1490.0], [64963.0, 5000.0], [64965.0, 1820.0]]}}}
{"jsonrpc": "2.0", "method": "subscription", "params": {"channel": "book.BTC-PERPETUAL.none.20.100ms", "data": {"timestamp": 1770343872696, "change_id": 138891583509, "instrument_name": "BTC-PERPETUAL", "bids": [[64928.0, 27290.0], [64919.5, 3210.0], [64919.0, 9070.0], [64918.5, 490.0], [64914.5, 5280.0], [64913.5, 10.0], [64911.5, 10990.0], [64911.0, 11640.0], [64910.5, 6090.0], [64910.0, 9770.0], [64907.5, 1540.0], [64907.0, 5950.0], [64904.0, 26520.0], [64903.0, 640.0], [64902.5, 5950.0], [64901.0, 74960.0], [64900.5, 24900.0], [64900.0, 43540.0], [64899.0, 5950.0], [64896.5, 45240.0]], "asks": [[64928.5, 151120.0], [64934.5, 42810.0], [64935.5, 10990.0], [64938.0, 16210.0], [64938.5, 46190.0], [64939.0, 21570.0], [64939.5, 40310.0], [64942.0, 10.0], [64942.5, 24750.0], [64943.0, 6090.0], [64945.5, 3000.0], [64946.0, 14750.0], [64947.5, 3040.0], [64948.5, 7200.0], [64949.0, 6090.0], [64954.0, 1820.0], [64954.5, 6090.0], [64956.5, 79940.0], [64957.0, 10440.0], [64960.0, 6090.0]]}}}
{"jsonrpc": "2.0", "method": "subscription", "params": {"channel": "book.BTC-PERPETUAL.none.20.100ms", "data": {"timestamp": 1770343873033, "change_id": 138891584586, "instrument_name": "BTC-PERPETUAL", "bids": [[64928.0, 26290.0], [64926.5, 2990.0], [64926.0, 10000.0], [64920.0, 490.0], [64919.5, 1490.0], [64919.0, 4510.0], [64914.5, 5340.0], [64913.5, 10.0], [64912.5, 11630.0], [64911.0, 36590.0], [64910.5, 6090.0], [64910.0, 1530.0], [64909.0, 3020.0], [64908.0, 83200.0], [64907.5, 25930.0], [64907.0, 5950.0], [64904.0, 4530.0], [64902.5, 5950.0], [64901.0, 9230.0], [64900.5, 27440.0]], "asks": [[64928.5, 147770.0], [64932.0, 10000.0], [64933.5, 8240.0], [64934.5, 30480.0], [64935.0, 490.0], [64938.0, 6590.0], [64938.5, 23220.0], [64939.0, 24280.0], [64939.5, 11600.0], [64942.0, 46200.0], [64942.5, 5350.0], [64943.0, 6090.0], [64944.5, 600.0], [64946.0, 4750.0], [64947.5, 3040.0], [64948.5, 7200.0], [64949.0, 6090.0], [64953.0, 24210.0], [64953.5, 75000.0], [64954.5, 6090.0]]}}}
{"jsonrpc": "2.0", "method": "subscription", "params": {"channel": "book.BTC-PERPETUAL.none.20.100ms", "data": {"timestamp": 1770343873363, "change_id": 138891585800, "instrument_name": "BTC-PERPETUAL", "bids": [[64928.0, 57070.0], [64927.5, 5060.0], [64926.0, 10000.0], [64922.0, 640.0], [64921.0, 5400.0], [64920.5, 9230.0], [64920.0, 7200.0], [64919.0, 4510.0], [64914.5, 25960.0], [64913.5, 10.0], [64913.0, 74960.0], [64911.0, 19220.0], [64910.5, 6090.0], [64910.0, 39530.0], [64909.5, 19480.0], [64909.0, 3020.0], [64908.0, 3000.0], [64907.0, 5950.0], [64904.0, 10990.0], [64903.5, 38000.0]], "asks": [[64928.5, 140740.0], [64932.0, 10000.0], [64942.0, 10.0], [64946.5, 9140.0], [64947.0, 21480.0], [64947.5, 3040.0], [64949.0, 6090.0], [64952.0, 6510.0], [64952.5, 73920.0], [64953.0, 5850.0], [64953.5, 14590.0], [64954.5, 6090.0], [64956.5, 4930.0], [64957.0, 10440.0], [64958.5, 7200.0], [64959.5, 9230.0], [64960.0, 6090.0], [64960.5, 31350.0], [64962.5, 2390.0], [64963.0, 8000.0]]}}}
{"jsonrpc": "2.0", "method": "subscription", "params": {"channel": "book.BTC-PERPETUAL.none.20.100ms", "data": {"timestamp": 1770343873694, "change_id": 138891587593, "instrument_name": "BTC-PERPETUAL", "bids": [[64941.5, 2590.0], [64931.0, 38750.0], [64930.0, 640.0], [64928.5, 10300.0], [64928.0, 33980.0], [64927.0, 5760.0], [64926.5, 84260.0], [64926.0, 10000.0], [64923.0, 13780.0], [64922.5, 46160.0], [64921.5, 9230.0], [64921.0, 6990.0], [64920.5, 19480.0], [64919.0, 4510.0], [64917.0, 45060.0], [64916.5, 38000.0], [64913.5, 10.0], [64910.5, 24630.0], [64910.0, 39530.0], [64907.5, 25000.0]], "asks": [[64942.0, 10.0], [64952.0, 13990.0], [64953.5, 4790.0], [64954.0, 10990.0], [64956.5, 3040.0], [64957.0, 13530.0], [64957.5, 10000.0], [64959.0, 7780.0], [64959.5, 9720.0], [64960.0, 21370.0], [64962.0, 19610.0], [64963.0, 5000.0], [64963.5, 1920.0], [64965.0, 53390.0], [64965.5, 10.0], [64966.0, 6090.0], [64967.0, 1820.0], [64969.0, 6090.0], [64972.0, 3000.0], [64974.0, 10.0]]}}}
{"jsonrpc": "2.0", "method": "subscription", "params": {"channel": "book.BTC-PERPETUAL.none.20.100ms", "data": {"timestamp": 1770343874023, "change_id": 138891589461, "instrument_name": "BTC-PERPETUAL", "bids": [[64955.0, 12310.0], [64942.0, 4560.0], [64941.5, 9300.0], [64937.0, 6090.0], [64933.5, 6730.0], [64931.5, 9300.0], [64931.0, 14210.0], [64928.5, 9300.0], [64928.0, 111110.0], [64927.5, 6090.0], [64927.0, 2780.0], [64926.5, 9300.0], [64924.0, 6090.0], [64923.5, 10590.0], [64923.0, 38000.0], [64922.5, 65640.0], [64921.0, 7760.0], [64920.0, 25000.0], [64918.0, 18730.0], [64917.0, 4330.0]], "asks": [[64955.5, 26650.0], [64957.0, 10.0], [64959.0, 13510.0], [64959.5, 29230.0], [64961.5, 1850.0], [64962.0, 19610.0], [64962.5, 490.0], [64963.0, 5600.0], [64964.5, 6100.0], [64965.5, 24000.0], [64966.0, 6090.0], [64967.0, 13550.0], [64968.5, 46190.0], [64969.0, 6090.0], [64970.5, 4900.0], [64971.0, 9230.0], [64972.5, 7200.0], [64975.0, 9140.0], [64977.5, 10.0], [64979.0, 1820.0]]}}}
{"jsonrpc": "2.0", "method": "subscription", "params": {"channel": "book.BTC-PERPETUAL.none.20.100ms", "data": {"timestamp": 1770343874354, "change_id": 138891591177, "instrument_name": "BTC-PERPETUAL", "bids": [[64944.0, 28460.0], [64937.5, 490.0], [64932.0, 10990.0], [64931.5, 17540.0], [64930.5, 980.0], [64928.5, 85260.0], [64927.5, 6090.0], [64926.5, 9300.0], [64926.0, 640.0], [64925.0, 3010.0], [64924.5, 3970.0], [64924.0, 6090.0], [64922.5, 7200.0], [64921.5, 4340.0], [64918.5, 9230.0], [64918.0, 6090.0], [64916.5, 21020.0], [64916.0, 25000.0], [64914.5, 39820.0], [64914.0, 6090.0]], "asks": [[64944.5, 22080.0], [64950.5, 9860.0], [64951.0, 9300.0], [64952.5, 8240.0], [64954.0, 600.0], [64954.5, 26710.0], [64955.0, 20000.0], [64955.5, 42910.0], [64956.0, 10990.0], [64957.0, 10.0], [64958.0, 16690.0], [64958.5, 46680.0], [64959.0, 9230.0], [64961.0, 5460.0], [64961.5, 7200.0], [64962.5, 6090.0], [64963.0, 5000.0], [64964.0, 3040.0], [64965.5, 14000.0], [64966.0, 6090.0]]}}}
{"jsonrpc": "2.0", "method": "subscription", "params": {"channel": "book.BTC-PERPETUAL.none.20.100ms", "data": {"timestamp": 1770343874679, "change_id": 138891592833, "instrument_name": "BTC-PERPETUAL", "bids": [[64950.0, 39150.0], [64944.0, 6000.0], [64937.0, 640.0], [64935.0, 3670.0], [64934.5, 8240.0], [64932.5, 6090.0], [64932.0, 10990.0], [64931.0, 3010.0], [64930.5, 11210.0], [64929.0, 9230.0], [64928.5, 84260.0], [64927.5, 6090.0], [64924.5, 1820.0], [64924.0, 6090.0], [64921.5, 19940.0], [64921.0, 38000.0], [64920.0, 25000.0], [64918.5, 3000.0], [64918.0, 6090.0], [64915.0, 11340.0]], "asks": [[64950.5, 21710.0], [64955.5, 21880.0], [64957.0, 10.0], [64958.5, 46190.0], [64959.0, 10000.0], [64959.5, 13990.0], [64960.0, 6770.0], [64960.5, 8240.0], [64963.0, 5000.0], [64963.5, 2730.0], [64964.0, 3040.0], [64965.5, 10.0], [64966.0, 6090.0], [64967.5, 6170.0], [64968.5, 9720.0], [64969.0, 6090.0], [64969.5, 7200.0], [64972.0, 3000.0], [64974.5, 23980.0], [64975.0, 6100.0]]}}}
{"jsonrpc": "2.0", "method": "subscription", "params": {"channel": "book.BTC-PERPETUAL.none.20.100ms", "data": {"timestamp": 1770343875008, "change_id": 138891594962, "instrument_name": "BTC-PERPETUAL", "bids": [[64944.0, 5000.0], [64931.0, 14000.0], [64930.5, 4010.0], [64930.0, 2780.0], [64928.5, 9300.0], [64928.0, 1820.0], [64927.5, 6090.0], [64925.0, 26360.0], [64924.0, 6090.0], [64922.0, 74950.0], [64921.5, 2710.0], [64920.5, 9230.0], [64920.0, 640.0], [64918.0, 6090.0], [64916.0, 7460.0], [64914.5, 1820.0], [64914.0, 6090.0], [64913.5, 10.0], [64911.0, 2300.0], [64910.5, 6090.0]], "asks": [[64944.5, 19300.0], [64946.5, 3810.0], [64947.0, 12780.0], [64950.0, 15910.0], [64950.5, 44430.0], [64957.0, 11700.0], [64962.0, 6090.0], [64963.0, 5000.0], [64963.5, 2730.0], [64964.0, 3040.0], [64965.5, 10.0], [64966.0, 6090.0], [64967.5, 1960.0], [64969.0, 6090.0], [64975.0, 6100.0], [64977.0, 25000.0], [64977.5, 3010.0], [64979.5, 1940.0], [64980.0, 6090.0], [64982.0, 1820.0]]}}}
{"jsonrpc": "2.0", "method": "subscription", "params": {"channel": "book.BTC-PERPETUAL.none.20.100ms", "data": {"timestamp": 1770343875347, "change_id": 138891596433, "instrument_name": "BTC-PERPETUAL", "bids": [[64944.0, 5000.0], [64931.0, 3010.0], [64930.5, 980.0], [64928.5, 9300.0], [64928.0, 1820.0], [64925.0, 7300.0], [64924.0, 6730.0], [64919.0, 10990.0], [64918.0, 6090.0], [64917.5, 4330.0], [64916.0, 8240.0], [64915.5, 7200.0], [64914.5, 1840.0], [64914.0, 6090.0], [64913.5, 10.0], [64911.0, 52290.0], [64910.5, 77250.0], [64910.0, 1530.0], [64909.0, 74950.0], [64908.0, 90.0]], "asks": [[64944.5, 22350.0], [64945.0, 6020.0], [64945.5, 10000.0], [64947.5, 9570.0], [64949.5, 600.0], [64950.0, 49100.0], [64950.5, 101120.0], [64956.5, 26670.0], [64957.0, 9240.0], [64958.0, 75000.0], [64959.0, 7200.0], [64961.0, 4210.0], [64961.5, 3000.0], [64962.0, 6090.0], [64963.0, 5000.0], [64963.5, 2730.0], [64964.0, 3040.0], [64965.5, 10.0], [64966.0, 6090.0], [64968.5, 1820.0]]}}}
