{"jsonrpc": "2.0", "id": 1, "result": ["book.BTC-PERPETUAL.none.20.100ms"], "usIn": 1761283636853220, "usOut": 1761283636853381, "usDiff": 161, "testnet": false}
{"jsonrpc": "2.0", "method": "subscription", "params": {"channel": "book.BTC-PERPETUAL.none.20.100ms", "data": {"timestamp": 1761283636851, "change_id": 123477174743, "instrument_name": "BTC-PERPETUAL", "bids": [[111117.5, 387150.0], [111117.0, 92320.0], [111116.5, 3500.0], [111112.0, 11000.0], [111111.0, 48260.0], [111110.5, 1000.0], [111109.5, 89380.0], [111109.0, 8310.0], [111108.5, 20.0], [111108.0, 20.0], [111107.5, 11020.0], [111107.0, 20.0], [111106.5, 51920.0], [111105.5, 8920.0], [111105.0, 380.0], [111101.5, 100.0], [111100.5, 25000.0], [111100.0, 40570.0], [111099.0, 3280.0], [111098.5, 61600.0]], "asks": [[111118.0, 164590.0], [111123.5, 20.0], [111124.0, 20.0], [111124.5, 50030.0], [111125.0, 25020.0], [111125.5, 20.0], [111126.0, 16020.0], [111126.5, 20.0], [111127.5, 11940.0], [111129.0, 9240.0], [111129.5, 8210.0], [111132.0, 11000.0], [111132.5, 500.0], [111133.0, 24660.0], [111134.5, 40.0], [111135.5, 13000.0], [111136.0, 71600.0], [111138.0, 1000.0], [111138.5, 200.0], [111140.0, 12800.0]]}}}
{"jsonrpc": "2.0", "method": "subscription", "params": {"channel": "book.BTC-PERPETUAL.none.20.100ms", "data": {"timestamp": 1761283637003, "change_id": 123477175091, "instrument_name": "BTC-PERPETUAL", "bids": [[111117.5, 387150.0], [111117.0, 92320.0], [111116.5, 3500.0], [111112.0, 11000.0], [111111.0, 48260.0], [111110.5, 1000.0], [111109.5, 89380.0], [111109.0, 8310.0], [111108.5, 20.0], [111108.0, 20.0], [111107.5, 11020.0], [111107.0, 20.0], [111106.5, 51920.0], [111105.5, 8920.0], [111105.0, 380.0], [111101.5, 100.0], [111100.5, 25000.0], [111100.0, 40570.0], [111099.0, 3280.0], [111098.5, 61600.0]], "asks": [[111118.0, 164590.0], [111123.5, 20.0], [111124.0, 20.0], [111124.5, 50030.0], [111125.0, 25020.0], [111125.5, 20.0], [111126.0, 16020.0], [111126.5, 20.0], [111127.5, 11940.0], [111129.5, 8210.0], [111131.5, 9240.0], [111132.0, 11000.0], [111132.5, 500.0], [111133.0, 24660.0], [111134.5, 40.0], [111135.5, 13000.0], [111136.0, 71600.0], [111138.0, 1000.0], [111138.5, 200.0], [111140.0, 12800.0]]}}}
{"jsonrpc": "2.0", "method": "subscription", "params": {"channel": "book.BTC-PERPETUAL.none.20.100ms", "data": {"timestamp": 1761283637357, "change_id": 123477175275, "instrument_name": "BTC-PERPETUAL", "bids": [[111117.5, 398860.0], [111117.0, 92320.0], [111112.0, 11000.0], [111111.0, 48260.0], [111110.5, 1000.0], [111109.5, 89380.0], [111109.0, 8310.0], [111106.5, 51920.0], [111106.0, 11000.0], [111105.5, 26220.0], [111105.0, 380.0], [111101.5, 100.0], [111101.0, 25000.0], [111100.5, 61600.0], [111100.0, 22590.0], [111099.0, 3280.0], [111098.0, 10830.0], [111096.5, 52400.0], [111095.0, 170.0], [111094.5, 22180.0]], "asks": [[111118.0, 140760.0], [111124.5, 56010.0], [111125.5, 20.0], [111126.0, 16020.0], [111126.5, 20.0], [111127.0, 20.0], [111127.5, 7380.0], [111131.0, 11000.0], [111131.5, 9240.0], [111132.5, 500.0], [111133.0, 24660.0], [111134.0, 25000.0], [111134.5, 40.0], [111135.5, 13000.0], [111136.0, 71600.0], [111138.0, 1000.0], [111138.5, 200.0], [111140.0, 12800.0], [111142.0, 38330.0], [111144.0, 4560.0]]}}}
{"jsonrpc": "2.0", "method": "subscription", "params": {"channel": "book.BTC-PERPETUAL.none.20.100ms", "data": {"timestamp": 1761283637686, "change_id": 123477175513, "instrument_name": "BTC-PERPETUAL", "bids": [[111117.5, 438310.0], [111117.0, 92320.0], [111112.0, 11000.0], [111111.5, 500.0], [111111.0, 48260.0], [111110.5, 1000.0], [111109.5, 99880.0], [111109.0, 8310.0], [111108.5, 20.0], [111108.0, 20.0], [111107.5, 20.0], [111107.0, 20.0], [111106.5, 51920.0], [111105.5, 26220.0], [111105.0, 360.0], [111101.5, 100.0], [111100.5, 61600.0], [111100.0, 29640.0], [111099.0, 3280.0], [111098.0, 10830.0]], "asks": [[111118.0, 140340.0], [111124.0, 50010.0], [111124.5, 6000.0], [111126.0, 16000.0], [111127.5, 20.0], [111128.0, 20.0], [111128.5, 13650.0], [111129.5, 8210.0], [111131.0, 25000.0], [111131.5, 9240.0], [111132.0, 15560.0], [111133.0, 24660.0], [111134.5, 40.0], [111135.0, 500.0], [111135.5, 13000.0], [111136.0, 71600.0], [111138.0, 1000.0], [111138.5, 200.0], [111140.0, 12800.0], [111142.0, 38330.0]]}}}
{"jsonrpc": "2.0", "method": "subscription", "params": {"channel": "book.BTC-PERPETUAL.none.20.100ms", "data": {"timestamp": 1761283638013, "change_id": 123477176273, "instrument_name": "BTC-PERPETUAL", "bids": [[111117.5, 394450.0], [111117.0, 92320.0], [111112.0, 11000.0], [111111.0, 48260.0], [111110.5, 1000.0], [111109.5, 89380.0], [111109.0, 8330.0], [111108.5, 20.0], [111108.0, 20.0], [111107.0, 11000.0], [111106.5, 51900.0], [111105.5, 26220.0], [111105.0, 390.0], [111104.5, 25000.0], [111101.5, 100.0], [111100.5, 61600.0], [111100.0, 29640.0], [111099.0, 3280.0], [111098.0, 10830.0], [111096.5, 52400.0]], "asks": [[111118.0, 138600.0], [111124.0, 50010.0], [111124.5, 6000.0], [111126.0, 41020.0], [111126.5, 20.0], [111127.0, 20.0], [111127.5, 20.0], [111128.0, 20.0], [111128.5, 20.0], [111129.0, 20.0], [111129.5, 8210.0], [111131.5, 9240.0], [111132.0, 15560.0], [111132.5, 500.0], [111133.0, 24660.0], [111135.5, 13000.0], [111136.0, 71600.0], [111138.0, 1000.0], [111138.5, 200.0], [111139.0, 40.0]]}}}
{"jsonrpc": "2.0", "method": "subscription", "params": {"channel": "book.BTC-PERPETUAL.none.20.100ms", "data": {"timestamp": 1761283638350, "change_id": 123477176421, "instrument_name": "BTC-PERPETUAL", "bids": [[111117.5, 394450.0], [111117.0, 92320.0], [111112.0, 11000.0], [111111.0, 48760.0], [111110.5, 1000.0], [111109.5, 88880.0], [111109.0, 8330.0], [111108.5, 20.0], [111108.0, 20.0], [111107.0, 11000.0], [111106.5, 51900.0], [111105.5, 26220.0], [111105.0, 390.0], [111104.5, 25000.0], [111101.5, 100.0], [111100.5, 61600.0], [111100.0, 29640.0], [111099.0, 3280.0], [111098.0, 10830.0], [111096.5, 52400.0]], "asks": [[111118.0, 138600.0], [111124.0, 50010.0], [111124.5, 6000.0], [111126.0, 41020.0], [111126.5, 20.0], [111127.0, 20.0], [111127.5, 20.0], [111128.0, 20.0], [111128.5, 20.0], [111129.0, 20.0], [111129.5, 8210.0], [111131.5, 9240.0], [111132.0, 15560.0], [111133.0, 24660.0], [111135.0, 500.0], [111135.5, 13000.0], [111136.0, 71600.0], [111138.0, 1000.0], [111138.5, 200.0], [111139.0, 40.0]]}}}
{"jsonrpc": "2.0", "method": "subscription", "params": {"channel": "book.BTC-PERPETUAL.none.20.100ms", "data": {"timestamp": 1761283638666, "change_id": 123477176638, "instrument_name": "BTC-PERPETUAL", "bids": [[111117.5, 445800.0], [111117.0, 92320.0], [111112.0, 11000.0], [111111.5, 500.0], [111111.0, 48280.0], [111110.5, 1020.0], [111110.0, 20.0], [111109.5, 99900.0], [111109.0, 8310.0], [111106.5, 51900.0], [111105.5, 26220.0], [111105.0, 390.0], [111104.5, 25000.0], [111101.5, 100.0], [111100.5, 61600.0], [111100.0, 29640.0], [111099.0, 3280.0], [111098.0, 10830.0], [111096.5, 52400.0], [111095.0, 170.0]], "asks": [[111118.0, 138150.0], [111124.0, 50010.0], [111124.5, 6000.0], [111126.0, 16000.0], [111128.0, 20.0], [111128.5, 20.0], [111129.0, 20.0], [111129.5, 8230.0], [111130.0, 20.0], [111130.5, 20.0], [111131.0, 25000.0], [111131.5, 9240.0], [111132.0, 11000.0], [111133.0, 24660.0], [111135.0, 500.0], [111135.5, 13000.0], [111136.0, 71600.0], [111138.0, 1000.0], [111138.5, 200.0], [111139.0, 40.0]]}}}
{"jsonrpc": "2.0", "method": "subscription", "params": {"channel": "book.BTC-PERPETUAL.none.20.100ms", "data": {"timestamp": 1761283639006, "change_id": 123477177668, "instrument_name": "BTC-PERPETUAL", "bids": [[111117.5, 445810.0], [111117.0, 95170.0], [111113.0, 20.0], [111112.5, 520.0], [111112.0, 11020.0], [111111.5, 11000.0], [111111.0, 48260.0], [111110.5, 1000.0], [111109.5, 88880.0], [111109.0, 8310.0], [111106.5, 51900.0], [111106.0, 61600.0], [111105.5, 1510.0], [111105.0, 390.0], [111101.5, 100.0], [111100.0, 29640.0], [111099.0, 3280.0], [111098.0, 10830.0], [111097.0, 21000.0], [111096.5, 52400.0]], "asks": [[111118.0, 118540.0], [111124.5, 6000.0], [111129.0, 2000.0], [111129.5, 20.0], [111130.0, 20.0], [111130.5, 20.0], [111131.5, 1000.0], [111132.5, 50010.0], [111133.0, 36110.0], [111134.5, 16000.0], [111135.5, 4560.0], [111136.0, 71600.0], [111136.5, 25000.0], [111137.5, 31240.0], [111138.5, 200.0], [111139.0, 40.0], [111139.5, 500.0], [111140.0, 12800.0], [111142.0, 38330.0], [111146.0, 22130.0]]}}}
{"jsonrpc": "2.0", "method": "subscription", "params": {"channel": "book.BTC-PERPETUAL.none.20.100ms", "data": {"timestamp": 1761283639338, "change_id": 123477177850, "instrument_name": "BTC-PERPETUAL", "bids": [[111117.5, 445810.0], [111117.0, 95170.0], [111113.0, 20.0], [111112.5, 520.0], [111112.0, 11020.0], [111111.5, 11000.0], [111111.0, 48260.0], [111110.5, 1000.0], [111110.0, 25000.0], [111109.5, 88880.0], [111109.0, 8310.0], [111106.5, 51900.0], [111106.0, 61600.0], [111105.5, 1510.0], [111105.0, 390.0], [111101.5, 100.0], [111100.0, 29640.0], [111099.0, 3280.0], [111098.0, 10830.0], [111097.0, 21000.0]], "asks": [[111118.0, 119520.0], [111124.5, 6000.0], [111129.0, 2000.0], [111129.5, 20.0], [111130.0, 20.0], [111130.5, 20.0], [111131.5, 1000.0], [111132.5, 50010.0], [111133.0, 36110.0], [111134.0, 25000.0], [111134.5, 16000.0], [111135.5, 15560.0], [111136.0, 71600.0], [111137.5, 20240.0], [111138.5, 200.0], [111139.0, 40.0], [111140.0, 12800.0], [111141.5, 500.0], [111142.0, 38330.0], [111146.0, 22130.0]]}}}
{"jsonrpc": "2.0", "method": "subscription", "params": {"channel": "book.BTC-PERPETUAL.none.20.100ms", "data": {"timestamp": 1761283639670, "change_id": 123477178081, "instrument_name": "BTC-PERPETUAL", "bids": [[111117.5, 446310.0], [111117.0, 95170.0], [111112.0, 11020.0], [111111.5, 11000.0], [111111.0, 48260.0], [111110.5, 1000.0], [111110.0, 25000.0], [111109.5, 88880.0], [111109.0, 8310.0], [111106.5, 51900.0], [111106.0, 61600.0], [111105.5, 1510.0], [111105.0, 390.0], [111101.5, 100.0], [111100.0, 29640.0], [111099.0, 3280.0], [111098.0, 10830.0], [111097.0, 21000.0], [111096.5, 52400.0], [111095.0, 170.0]], "asks": [[111118.0, 124290.0], [111124.5, 6000.0], [111129.0, 2000.0], [111129.5, 20.0], [111130.0, 20.0], [111130.5, 20.0], [111131.5, 1000.0], [111132.0, 50010.0], [111133.0, 36110.0], [111134.0, 25000.0], [111134.5, 16000.0], [111135.5, 4560.0], [111136.0, 71600.0], [111136.5, 11000.0], [111137.0, 20240.0], [111138.5, 200.0], [111139.0, 40.0], [111140.0, 12800.0], [111141.5, 500.0], [111142.0, 38330.0]]}}}
{"jsonrpc": "2.0", "method": "subscription", "params": {"channel": "book.BTC-PERPETUAL.none.20.100ms", "data": {"timestamp": 1761283640000, "change_id": 123477178887, "instrument_name": "BTC-PERPETUAL", "bids": [[111117.5, 445810.0], [111117.0, 95170.0], [111112.5, 520.0], [111112.0, 11020.0], [111111.5, 11020.0], [111111.0, 48280.0], [111110.5, 1000.0], [111110.0, 25000.0], [111109.5, 88880.0], [111109.0, 8310.0], [111106.5, 51900.0], [111106.0, 61600.0], [111105.5, 1510.0], [111105.0, 390.0], [111101.5, 100.0], [111100.0, 29640.0], [111099.0, 3280.0], [111098.0, 10830.0], [111097.0, 21000.0], [111096.5, 52400.0]], "asks": [[111118.0, 123810.0], [111124.5, 6000.0], [111130.5, 20.0], [111131.0, 20.0], [111131.5, 20.0], [111132.0, 20.0], [111132.5, 50030.0], [111133.0, 36130.0], [111134.0, 25000.0], [111134.5, 16000.0], [111135.0, 4560.0], [111136.0, 82600.0], [111136.5, 11000.0], [111137.0, 9240.0], [111138.5, 200.0], [111139.0, 40.0], [111140.0, 13800.0], [111140.5, 1000.0], [111141.5, 500.0], [111142.0, 38330.0]]}}}
{"jsonrpc": "2.0", "method": "subscription", "params": {"channel": "book.BTC-PERPETUAL.none.20.100ms", "data": {"timestamp": 1761283640331, "change_id": 123477179062, "instrument_name": "BTC-PERPETUAL", "bids": [[111117.5, 445810.0], [111117.0, 95170.0], [111112.5, 500.0], [111112.0, 11020.0], [111111.5, 11020.0], [111111.0, 48280.0], [111110.5, 1000.0], [111110.0, 25000.0], [111109.5, 88880.0], [111109.0, 8310.0], [111106.5, 51900.0], [111106.0, 61600.0], [111105.5, 1510.0], [111105.0, 390.0], [111101.5, 100.0], [111100.0, 29640.0], [111099.0, 3280.0], [111098.0, 10830.0], [111097.0, 21000.0], [111096.5, 52400.0]], "asks": [[111118.0, 123840.0], [111124.5, 6000.0], [111130.5, 20.0], [111131.0, 20.0], [111131.5, 20.0], [111132.0, 20.0], [111132.5, 50030.0], [111133.0, 36130.0], [111134.0, 25000.0], [111134.5, 16000.0], [111135.0, 4560.0], [111136.0, 82600.0], [111136.5, 11000.0], [111137.0, 9240.0], [111138.5, 200.0], [111139.0, 40.0], [111140.0, 14300.0], [111140.5, 1000.0], [111142.0, 38330.0], [111142.5, 1000.0]]}}}
{"jsonrpc": "2.0", "method": "subscription", "params": {"channel": "book.BTC-PERPETUAL.none.20.100ms", "data": {"timestamp": 1761283640635, "change_id": 123477179395, "instrument_name": "BTC-PERPETUAL", "bids": [[111117.5, 446310.0], [111117.0, 95170.0], [111112.0, 11020.0], [111111.5, 11020.0], [111111.0, 48280.0], [111110.5, 1000.0], [111109.5, 88880.0], [111109.0, 8310.0], [111106.5, 51900.0], [111105.5, 19710.0], [111105.0, 390.0], [111101.5, 100.0], [111100.5, 61600.0], [111100.0, 29640.0], [111099.0, 3280.0], [111098.0, 10830.0], [111097.0, 21000.0], [111096.5, 52400.0], [111096.0, 25000.0], [111095.0, 170.0]], "asks": [[111118.0, 127400.0], [111124.5, 6000.0], [111130.5, 20.0], [111131.0, 20.0], [111131.5, 20.0], [111132.0, 50030.0], [111132.5, 20.0], [111133.0, 20.0], [111133.5, 11000.0], [111134.0, 9240.0], [111135.0, 4560.0], [111137.5, 1000.0], [111138.5, 25200.0], [111139.0, 40.0], [111139.5, 11000.0], [111140.0, 14300.0], [111142.0, 38330.0], [111142.5, 1000.0], [111145.5, 16000.0], [111146.0, 21210.0]]}}}
{"jsonrpc": "2.0", "method": "subscription", "params": {"channel": "book.BTC-PERPETUAL.none.20.100ms", "data": {"timestamp": 1761283640957, "change_id": 123477180163, "instrument_name": "BTC-PERPETUAL", "bids": [[111117.5, 445810.0], [111117.0, 95170.0], [111113.0, 20.0], [111112.5, 520.0], [111112.0, 11020.0], [111111.5, 11020.0], [111111.0, 48280.0], [111110.5, 1000.0], [111110.0, 25000.0], [111109.5, 88880.0], [111109.0, 8310.0], [111106.5, 51900.0], [111105.5, 19710.0], [111105.0, 390.0], [111101.5, 100.0], [111100.5, 61600.0], [111100.0, 29640.0], [111099.0, 3280.0], [111098.0, 10830.0], [111097.0, 21000.0]], "asks": [[111118.0, 126650.0], [111124.5, 6000.0], [111128.0, 20.0], [111128.5, 20.0], [111129.0, 20.0], [111129.5, 20.0], [111130.0, 20.0], [111130.5, 20.0], [111131.0, 20.0], [111131.5, 20.0], [111133.5, 50010.0], [111134.0, 9240.0], [111134.5, 11000.0], [111135.0, 4560.0], [111137.0, 11000.0], [111137.5, 1000.0], [111138.0, 16000.0], [111138.5, 19860.0], [111139.0, 25040.0], [111140.0, 1000.0]]}}}
{"jsonrpc": "2.0", "method": "subscription", "params": {"channel": "book.BTC-PERPETUAL.none.20.100ms", "data": {"timestamp": 1761283641303, "change_id": 123477180286, "instrument_name": "BTC-PERPETUAL", "bids": [[111117.5, 445810.0], [111117.0, 95170.0], [111112.5, 500.0], [111112.0, 11020.0], [111111.5, 11020.0], [111111.0, 48280.0], [111110.5, 1000.0], [111110.0, 25000.0], [111109.5, 88880.0], [111109.0, 8310.0], [111106.5, 51900.0], [111105.5, 19710.0], [111105.0, 390.0], [111101.5, 100.0], [111100.5, 61600.0], [111100.0, 29640.0], [111099.0, 3280.0], [111098.0, 10830.0], [111097.0, 21000.0], [111096.5, 52400.0]], "asks": [[111118.0, 123400.0], [111124.5, 6000.0], [111128.0, 20.0], [111128.5, 20.0], [111129.0, 20.0], [111129.5, 20.0], [111130.0, 20.0], [111130.5, 20.0], [111131.0, 20.0], [111131.5, 20.0], [111133.5, 50010.0], [111134.0, 9240.0], [111134.5, 11000.0], [111135.0, 4560.0], [111137.0, 11000.0], [111137.5, 1000.0], [111138.0, 16000.0], [111138.5, 38720.0], [111139.0, 25040.0], [111140.0, 1000.0]]}}}
{"jsonrpc": "2.0", "method": "subscription", "params": {"channel": "book.BTC-PERPETUAL.none.20.100ms", "data": {"timestamp": 1761283641652, "change_id": 123477180572, "instrument_name": "BTC-PERPETUAL", "bids": [[111117.5, 446310.0], [111117.0, 95170.0], [111112.0, 11000.0], [111111.5, 11000.0], [111111.0, 48280.0], [111110.5, 1020.0], [111110.0, 25020.0], [111109.5, 88880.0], [111109.0, 8310.0], [111106.5, 51900.0], [111105.5, 19710.0], [111105.0, 390.0], [111101.5, 100.0], [111100.5, 61600.0], [111100.0, 29640.0], [111099.0, 3280.0], [111098.0, 10830.0], [111097.0, 21000.0], [111096.5, 52400.0], [111095.0, 170.0]], "asks": [[111118.0, 152600.0], [111119.0, 980.0], [111124.5, 6000.0], [111128.5, 20.0], [111129.0, 20.0], [111129.5, 20.0], [111130.0, 20.0], [111130.5, 20.0], [111131.0, 20.0], [111133.0, 50010.0], [111134.0, 9240.0], [111134.5, 11000.0], [111135.0, 4560.0], [111137.0, 11000.0], [111137.5, 1000.0], [111138.0, 16000.0], [111138.5, 38720.0], [111139.0, 25040.0], [111140.0, 1000.0], [111141.5, 500.0]]}}}
{"jsonrpc": "2.0", "method": "subscription", "params": {"channel": "book.BTC-PERPETUAL.none.20.100ms", "data": {"timestamp": 1761283641979, "change_id": 123477181313, "instrument_name": "BTC-PERPETUAL", "bids": [[111117.5, 445810.0], [111117.0, 95170.0], [111112.5, 500.0], [111112.0, 11000.0], [111111.5, 11020.0], [111111.0, 48280.0], [111110.5, 1020.0], [111110.0, 25020.0], [111109.5, 88900.0], [111109.0, 8310.0], [111106.5, 51900.0], [111105.5, 19710.0], [111105.0, 390.0], [111101.5, 100.0], [111100.5, 61600.0], [111100.0, 29640.0], [111099.0, 3280.0], [111098.0, 10830.0], [111097.0, 21000.0], [111096.5, 52400.0]], "asks": [[111118.0, 152040.0], [111119.0, 660.0], [111124.5, 6000.0], [111127.5, 20.0], [111128.0, 20.0], [111128.5, 20.0], [111129.0, 20.0], [111129.5, 20.0], [111130.0, 20.0], [111130.5, 20.0], [111131.0, 20.0], [111133.5, 50010.0], [111134.0, 9240.0], [111134.5, 11000.0], [111137.0, 11000.0], [111137.5, 1000.0], [111138.0, 16000.0], [111138.5, 38720.0], [111139.0, 25040.0], [111139.5, 500.0]]}}}
{"jsonrpc": "2.0", "method": "subscription", "params": {"channel": "book.BTC-PERPETUAL.none.20.100ms", "data": {"timestamp": 1761283642307, "change_id": 123477181408, "instrument_name": "BTC-PERPETUAL", "bids": [[111117.5, 446310.0], [111117.0, 95170.0], [111113.5, 20.0], [111113.0, 20.0], [111112.5, 20.0], [111112.0, 11020.0], [111111.5, 11020.0], [111111.0, 48260.0], [111110.5, 1000.0], [111110.0, 25000.0], [111109.5, 88880.0], [111109.0, 8310.0], [111106.5, 51900.0], [111105.5, 19710.0], [111105.0, 390.0], [111101.5, 100.0], [111100.5, 61600.0], [111100.0, 29640.0], [111099.0, 3280.0], [111098.0, 10830.0]], "asks": [[111118.0, 151970.0], [111119.0, 660.0], [111124.5, 6000.0], [111129.5, 20.0], [111130.0, 20.0], [111130.5, 20.0], [111131.0, 20.0], [111131.5, 20.0], [111132.0, 20.0], [111132.5, 20.0], [111133.5, 50010.0], [111134.0, 4560.0], [111136.0, 9240.0], [111136.5, 11000.0], [111137.0, 11000.0], [111137.5, 1000.0], [111138.0, 16000.0], [111138.5, 38720.0], [111139.0, 25040.0], [111140.0, 1500.0]]}}}
{"jsonrpc": "2.0", "method": "subscription", "params": {"channel": "book.BTC-PERPETUAL.none.20.100ms", "data": {"timestamp": 1761283642645, "change_id": 123477182442, "instrument_name": "BTC-PERPETUAL", "bids": [[111117.5, 677100.0], [111117.0, 97500.0], [111113.5, 20.0], [111113.0, 20.0], [111112.5, 20.0], [111112.0, 9250.0], [111111.0, 29310.0], [111110.5, 1000.0], [111109.5, 88880.0], [111109.0, 8310.0], [111106.5, 25000.0], [111105.5, 1510.0], [111105.0, 390.0], [111101.5, 100.0], [111100.0, 7000.0], [111098.0, 7940.0], [111095.0, 170.0], [111094.5, 15910.0], [111092.5, 10.0], [111091.0, 15220.0]], "asks": [[111118.0, 73990.0], [111137.5, 1000.0], [111140.0, 1000.0], [111140.5, 1000.0], [111145.5, 50010.0], [111148.5, 7940.0], [111150.0, 14870.0], [111150.5, 11000.0], [111152.5, 200.0], [111153.0, 38550.0], [111156.5, 42860.0], [111157.0, 16000.0], [111157.5, 20740.0], [111158.5, 15140.0], [111160.0, 7940.0], [111162.5, 1000.0], [111164.0, 18700.0], [111164.5, 15180.0], [111165.0, 50000.0], [111171.0, 100.0]]}}}
{"jsonrpc": "2.0", "method": "subscription", "params": {"channel": "book.BTC-PERPETUAL.none.20.100ms", "data": {"timestamp": 1761283642977, "change_id": 123477183523, "instrument_name": "BTC-PERPETUAL", "bids": [[111117.5, 708300.0], [111117.0, 104570.0], [111116.5, 20.0], [111116.0, 20.0], [111113.5, 20.0], [111111.0, 57930.0], [111110.5, 10230.0], [111109.0, 8310.0], [111105.0, 390.0], [111102.5, 2060.0], [111102.0, 2220.0], [111101.5, 100.0], [111100.0, 7000.0], [111098.0, 7940.0], [111095.0, 170.0], [111094.5, 15910.0], [111093.0, 860.0], [111092.5, 10.0], [111091.0, 15220.0], [111090.0, 38080.0]], "asks": [[111118.0, 74560.0], [111146.0, 1000.0], [111146.5, 1000.0], [111147.0, 50010.0], [111147.5, 25000.0], [111148.5, 8940.0], [111149.5, 15280.0], [111150.0, 14870.0], [111151.0, 4560.0], [111152.5, 9440.0], [111153.0, 38550.0], [111155.0, 13610.0], [111155.5, 22000.0], [111157.0, 500.0], [111158.0, 16000.0], [111158.5, 15140.0], [111160.0, 7940.0], [111162.5, 1000.0], [111163.0, 19460.0], [111164.5, 15180.0]]}}}
{"jsonrpc": "2.0", "method": "subscription", "params": {"channel": "book.BTC-PERPETUAL.none.20.100ms", "data": {"timestamp": 1761283643308, "change_id": 123477185171, "instrument_name": "BTC-PERPETUAL", "bids": [[111143.5, 509190.0], [111139.5, 20.0], [111139.0, 20.0], [111138.5, 20.0], [111138.0, 16230.0], [111137.5, 8250.0], [111133.0, 48500.0], [111130.0, 1000.0], [111129.0, 15490.0], [111128.5, 51900.0], [111124.5, 32150.0], [111122.0, 184710.0], [111119.5, 38550.0], [111118.0, 52400.0], [111117.5, 51660.0], [111117.0, 88890.0], [111114.0, 25000.0], [111112.0, 24510.0], [111111.0, 16040.0], [111109.5, 15360.0]], "asks": [[111144.0, 39770.0], [111150.0, 20.0], [111154.5, 50010.0], [111155.0, 13610.0], [111157.0, 1020.0], [111157.5, 11020.0], [111158.0, 4560.0], [111159.0, 11500.0], [111159.5, 9240.0], [111160.0, 7940.0], [111160.5, 22120.0], [111162.0, 54550.0], [111162.5, 1000.0], [111163.0, 25000.0], [111164.0, 1000.0], [111164.5, 15180.0], [111166.0, 1000.0], [111166.5, 32910.0], [111167.0, 71600.0], [111170.0, 38550.0]]}}}
{"jsonrpc": "2.0", "method": "subscription", "params": {"channel": "book.BTC-PERPETUAL.none.20.100ms", "data": {"timestamp": 1761283643634, "change_id": 123477186247, "instrument_name": "BTC-PERPETUAL", "bids": [[111143.5, 531470.0], [111138.0, 9180.0], [111137.5, 8250.0], [111136.5, 20.0], [111136.0, 20.0], [111134.0, 22000.0], [111133.5, 500.0], [111130.0, 1000.0], [111129.0, 15490.0], [111128.5, 51900.0], [111126.0, 42140.0], [111125.5, 61600.0], [111125.0, 25000.0], [111122.0, 97130.0], [111119.5, 38550.0], [111118.0, 52400.0], [111117.5, 36420.0], [111112.0, 24510.0], [111111.0, 16040.0], [111109.5, 15360.0]], "asks": [[111144.0, 88880.0], [111150.0, 20.0], [111153.5, 4580.0], [111154.5, 50010.0], [111155.0, 29610.0], [111156.5, 20240.0], [111157.0, 20.0], [111157.5, 11020.0], [111159.5, 500.0], [111160.0, 7940.0], [111160.5, 22120.0], [111162.0, 38550.0], [111162.5, 1000.0], [111163.5, 25000.0], [111164.5, 15180.0], [111166.0, 4560.0], [111166.5, 32910.0], [111167.0, 71600.0], [111170.0, 38550.0], [111170.5, 50000.0]]}}}
{"jsonrpc": "2.0", "method": "subscription", "params": {"channel": "book.BTC-PERPETUAL.none.20.100ms", "data": {"timestamp": 1761283643956, "change_id": 123477187228, "instrument_name": "BTC-PERPETUAL", "bids": [[111143.5, 531470.0], [111138.0, 9180.0], [111137.5, 8250.0], [111136.0, 20.0], [111135.5, 20.0], [111135.0, 20.0], [111134.5, 500.0], [111134.0, 22000.0], [111130.0, 1000.0], [111129.5, 53060.0], [111129.0, 50000.0], [111128.5, 51900.0], [111127.5, 88900.0], [111126.0, 50270.0], [111125.5, 61600.0], [111125.0, 25000.0], [111124.0, 88890.0], [111122.0, 47130.0], [111119.5, 38550.0], [111118.0, 52400.0]], "asks": [[111144.0, 76140.0], [111150.0, 20.0], [111153.5, 4560.0], [111154.5, 50010.0], [111155.0, 16000.0], [111156.5, 31240.0], [111157.0, 27260.0], [111157.5, 20.0], [111158.5, 500.0], [111159.0, 71600.0], [111160.0, 7940.0], [111160.5, 22120.0], [111162.0, 38550.0], [111162.5, 1000.0], [111163.5, 25000.0], [111164.5, 15180.0], [111166.0, 4560.0], [111166.5, 32910.0], [111170.0, 38550.0], [111170.5, 50000.0]]}}}
{"jsonrpc": "2.0", "method": "subscription", "params": {"channel": "book.BTC-PERPETUAL.none.20.100ms", "data": {"timestamp": 1761283644299, "change_id": 123477187595, "instrument_name": "BTC-PERPETUAL", "bids": [[111143.5, 531470.0], [111138.0, 8440.0], [111137.5, 8250.0], [111136.0, 20.0], [111135.5, 20.0], [111135.0, 20.0], [111134.5, 11500.0], [111134.0, 11000.0], [111130.0, 1000.0], [111129.5, 103060.0], [111128.5, 51900.0], [111127.5, 88900.0], [111126.0, 50270.0], [111125.5, 61600.0], [111125.0, 25000.0], [111124.0, 88890.0], [111122.0, 47130.0], [111119.5, 38550.0], [111118.0, 52400.0], [111117.5, 36410.0]], "asks": [[111144.0, 95110.0], [111150.0, 20.0], [111153.5, 4560.0], [111156.0, 50010.0], [111156.5, 9240.0], [111157.0, 27260.0], [111157.5, 11020.0], [111158.0, 11000.0], [111158.5, 500.0], [111159.0, 71600.0], [111160.0, 7940.0], [111160.5, 22120.0], [111162.0, 38550.0], [111162.5, 1000.0], [111163.5, 25000.0], [111164.5, 15180.0], [111166.0, 4560.0], [111166.5, 32910.0], [111170.0, 38550.0], [111170.5, 50000.0]]}}}
{"jsonrpc": "2.0", "method": "subscription", "params": {"channel": "book.BTC-PERPETUAL.none.20.100ms", "data": {"timestamp": 1761283644624, "change_id": 123477188853, "instrument_name": "BTC-PERPETUAL", "bids": [[111143.5, 443520.0], [111140.5, 7770.0], [111140.0, 25000.0], [111139.5, 1000.0], [111139.0, 20.0], [111138.5, 23420.0], [111138.0, 20.0], [111135.5, 61600.0], [111135.0, 8320.0], [111131.0, 59850.0], [111130.0, 50000.0], [111129.0, 21000.0], [111127.5, 88900.0], [111126.5, 9230.0], [111126.0, 27210.0], [111124.0, 88890.0], [111122.0, 20670.0], [111119.5, 38550.0], [111117.5, 15410.0], [111112.0, 15280.0]], "asks": [[111144.0, 44560.0], [111150.0, 20.0], [111155.5, 50010.0], [111160.0, 7940.0], [111165.5, 36000.0], [111166.5, 4560.0], [111167.0, 200.0], [111167.5, 18290.0], [111168.0, 38540.0], [111169.5, 20740.0], [111171.0, 2000.0], [111171.5, 29840.0], [111172.0, 31100.0], [111173.5, 1000.0], [111174.0, 51000.0], [111176.0, 240.0], [111178.5, 16010.0], [111179.0, 38550.0], [111182.0, 15090.0], [111184.0, 8080.0]]}}}
{"jsonrpc": "2.0", "method": "subscription", "params": {"channel": "book.BTC-PERPETUAL.none.20.100ms", "data": {"timestamp": 1761283644951, "change_id": 123477189989, "instrument_name": "BTC-PERPETUAL", "bids": [[111143.5, 432520.0], [111141.0, 11000.0], [111140.5, 23260.0], [111139.5, 26000.0], [111139.0, 20.0], [111138.5, 69310.0], [111135.0, 58320.0], [111132.0, 40300.0], [111131.5, 61600.0], [111129.0, 21000.0], [111128.0, 52400.0], [111126.0, 4120.0], [111125.5, 2220.0], [111122.5, 9230.0], [111122.0, 20670.0], [111119.5, 38550.0], [111117.5, 15410.0], [111112.5, 4560.0], [111112.0, 15280.0], [111111.0, 16040.0]], "asks": [[111144.0, 27960.0], [111150.0, 20.0], [111159.5, 50010.0], [111160.0, 7940.0], [111161.5, 25000.0], [111164.5, 16000.0], [111165.5, 11000.0], [111166.0, 20240.0], [111167.0, 200.0], [111167.5, 12250.0], [111168.0, 38540.0], [111169.0, 500.0], [111171.5, 19800.0], [111172.0, 15100.0], [111174.0, 51000.0], [111176.0, 240.0], [111177.0, 37380.0], [111177.5, 71600.0], [111179.0, 38550.0], [111182.0, 15090.0]]}}}
{"jsonrpc": "2.0", "method": "subscription", "params": {"channel": "book.BTC-PERPETUAL.none.20.100ms", "data": {"timestamp": 1761283645293, "change_id": 123477190311, "instrument_name": "BTC-PERPETUAL", "bids": [[111143.5, 421520.0], [111141.0, 11000.0], [111140.5, 23260.0], [111140.0, 11000.0], [111139.5, 26000.0], [111139.0, 20.0], [111138.5, 69310.0], [111135.0, 58320.0], [111132.0, 40300.0], [111131.5, 61600.0], [111128.0, 52400.0], [111127.0, 11050.0], [111126.5, 21000.0], [111125.5, 2220.0], [111122.0, 20670.0], [111120.0, 9230.0], [111119.5, 38550.0], [111117.5, 15410.0], [111112.5, 4560.0], [111112.0, 15280.0]], "asks": [[111144.0, 6810.0], [111150.0, 20.0], [111159.5, 50010.0], [111160.0, 7940.0], [111161.0, 25000.0], [111162.5, 4560.0], [111163.5, 20240.0], [111164.0, 11000.0], [111164.5, 16000.0], [111167.0, 200.0], [111167.5, 31810.0], [111168.0, 110140.0], [111171.5, 19800.0], [111172.0, 15100.0], [111174.0, 51000.0], [111176.0, 240.0], [111179.0, 38550.0], [111182.0, 15090.0], [111182.5, 1000.0], [111183.0, 1000.0]]}}}
{"jsonrpc": "2.0", "method": "subscription", "params": {"channel": "book.BTC-PERPETUAL.none.20.100ms", "data": {"timestamp": 1761283645622, "change_id": 123477190748, "instrument_name": "BTC-PERPETUAL", "bids": [[111143.5, 574520.0], [111141.0, 11000.0], [111140.5, 43950.0], [111140.0, 104270.0], [111139.5, 1000.0], [111139.0, 20.0], [111138.5, 93650.0], [111138.0, 20.0], [111137.5, 20.0], [111136.5, 88900.0], [111135.5, 50000.0], [111135.0, 8320.0], [111132.0, 40300.0], [111131.5, 61600.0], [111128.0, 52400.0], [111127.0, 11050.0], [111126.5, 21000.0], [111125.5, 2220.0], [111122.0, 20670.0], [111120.0, 9230.0]], "asks": [[111144.0, 20060.0], [111148.0, 3000.0], [111149.0, 10000.0], [111150.0, 20.0], [111158.0, 20.0], [111158.5, 20.0], [111159.5, 50010.0], [111160.0, 7940.0], [111162.5, 4560.0], [111164.0, 11000.0], [111164.5, 16000.0], [111165.5, 25000.0], [111167.0, 20440.0], [111167.5, 31310.0], [111168.0, 110140.0], [111171.0, 500.0], [111171.5, 19800.0], [111172.0, 15100.0], [111174.0, 51000.0], [111176.0, 240.0]]}}}
{"jsonrpc": "2.0", "method": "subscription", "params": {"channel": "book.BTC-PERPETUAL.none.20.100ms", "data": {"timestamp": 1761283645919, "change_id": 123477191520, "instrument_name": "BTC-PERPETUAL", "bids": [[111143.5, 596520.0], [111142.5, 20.0], [111142.0, 20.0], [111141.5, 20.0], [111141.0, 50000.0], [111140.5, 43950.0], [111140.0, 96170.0], [111139.5, 1000.0], [111139.0, 20.0], [111138.5, 93650.0], [111136.5, 88900.0], [111135.5, 61600.0], [111135.0, 8320.0], [111132.0, 15640.0], [111128.0, 52400.0], [111127.0, 11050.0], [111126.5, 21000.0], [111125.5, 2220.0], [111122.0, 20670.0], [111120.0, 9230.0]], "asks": [[111144.0, 15050.0], [111148.0, 3000.0], [111149.0, 10000.0], [111150.0, 20.0], [111155.5, 50010.0], [111156.0, 6000.0], [111160.0, 7940.0], [111162.5, 4560.0], [111164.5, 16000.0], [111165.0, 11000.0], [111165.5, 25000.0], [111166.5, 11000.0], [111167.0, 9440.0], [111167.5, 31310.0], [111168.0, 110140.0], [111171.0, 500.0], [111171.5, 19800.0], [111172.0, 15100.0], [111174.0, 51000.0], [111176.0, 240.0]]}}}
{"jsonrpc": "2.0", "method": "subscription", "params": {"channel": "book.BTC-PERPETUAL.none.20.100ms", "data": {"timestamp": 1761283646283, "change_id": 123477191814, "instrument_name": "BTC-PERPETUAL", "bids": [[111143.5, 585520.0], [111141.5, 11020.0], [111141.0, 50000.0], [111140.5, 43950.0], [111140.0, 96170.0], [111139.5, 1000.0], [111139.0, 20.0], [111138.5, 78710.0], [111136.5, 88900.0], [111135.0, 8320.0], [111133.0, 34030.0], [111132.5, 61600.0], [111128.0, 52400.0], [111127.0, 11050.0], [111126.5, 21000.0], [111125.5, 2220.0], [111122.0, 20670.0], [111120.0, 9230.0], [111119.5, 38550.0], [111117.5, 12510.0]], "asks": [[111144.0, 15920.0], [111148.0, 3000.0], [111149.0, 10000.0], [111150.0, 20.0], [111155.5, 50010.0], [111156.0, 6000.0], [111160.0, 7940.0], [111162.5, 4560.0], [111164.0, 9240.0], [111164.5, 16000.0], [111165.0, 22000.0], [111165.5, 25000.0], [111167.0, 200.0], [111167.5, 31310.0], [111168.0, 110140.0], [111171.0, 500.0], [111171.5, 19800.0], [111172.0, 15100.0], [111174.0, 51000.0], [111176.0, 240.0]]}}}
{"jsonrpc": "2.0", "method": "subscription", "params": {"channel": "book.BTC-PERPETUAL.none.20.100ms", "data": {"timestamp": 1761283646615, "change_id": 123477192177, "instrument_name": "BTC-PERPETUAL", "bids": [[111143.5, 398430.0], [111141.5, 11000.0], [111141.0, 50020.0], [111140.5, 43970.0], [111140.0, 96190.0], [111139.5, 1000.0], [111138.5, 78690.0], [111136.5, 88900.0], [111135.0, 8320.0], [111133.0, 34030.0], [111132.5, 61600.0], [111128.0, 52400.0], [111127.0, 11050.0], [111126.5, 21000.0], [111125.5, 2220.0], [111122.0, 20670.0], [111120.0, 9230.0], [111119.5, 38550.0], [111117.5, 12510.0], [111112.5, 4560.0]], "asks": [[111144.0, 16810.0], [111148.0, 3000.0], [111149.0, 10000.0], [111150.0, 20.0], [111155.5, 50010.0], [111156.0, 6000.0], [111158.0, 20.0], [111158.5, 20.0], [111159.0, 20.0], [111159.5, 20.0], [111160.0, 7960.0], [111160.5, 20.0], [111162.5, 4560.0], [111164.0, 9240.0], [111164.5, 27000.0], [111165.0, 11000.0], [111165.5, 25000.0], [111167.0, 200.0], [111167.5, 31310.0], [111168.0, 110140.0]]}}}
{"jsonrpc": "2.0", "method": "subscription", "params": {"channel": "book.BTC-PERPETUAL.none.20.100ms", "data": {"timestamp": 1761283646945, "change_id": 123477192985, "instrument_name": "BTC-PERPETUAL", "bids": [[111143.5, 437430.0], [111142.0, 11000.0], [111141.5, 11000.0], [111141.0, 20.0], [111140.5, 43970.0], [111140.0, 71190.0], [111139.5, 26020.0], [111138.5, 51900.0], [111136.5, 88900.0], [111135.0, 8320.0], [111133.0, 34030.0], [111132.5, 61600.0], [111128.0, 52400.0], [111127.0, 11050.0], [111126.5, 21000.0], [111125.5, 2220.0], [111122.0, 20670.0], [111120.0, 9230.0], [111119.5, 38550.0], [111117.5, 12510.0]], "asks": [[111144.0, 19570.0], [111149.0, 10000.0], [111150.0, 20.0], [111155.5, 50010.0], [111156.0, 6000.0], [111157.0, 20.0], [111157.5, 20.0], [111158.5, 20.0], [111159.0, 20.0], [111159.5, 20.0], [111160.0, 7960.0], [111160.5, 20.0], [111161.0, 25000.0], [111162.5, 4560.0], [111164.0, 9240.0], [111164.5, 27000.0], [111165.0, 11000.0], [111167.0, 200.0], [111167.5, 31310.0], [111168.0, 110140.0]]}}}
{"jsonrpc": "2.0", "method": "subscription", "params": {"channel": "book.BTC-PERPETUAL.none.20.100ms", "data": {"timestamp": 1761283647231, "change_id": 123477193139, "instrument_name": "BTC-PERPETUAL", "bids": [[111143.5, 437430.0], [111142.5, 20.0], [111142.0, 11020.0], [111141.5, 11000.0], [111141.0, 20.0], [111140.5, 43970.0], [111140.0, 71190.0], [111139.5, 26000.0], [111138.5, 51900.0], [111137.0, 29020.0], [111136.5, 88900.0], [111135.0, 8320.0], [111133.0, 34030.0], [111132.5, 61600.0], [111128.0, 52400.0], [111127.0, 11050.0], [111126.5, 21000.0], [111125.5, 2220.0], [111122.0, 20670.0], [111120.0, 9230.0]], "asks": [[111144.0, 18220.0], [111149.0, 10000.0], [111150.0, 20.0], [111155.5, 50010.0], [111156.0, 6000.0], [111158.5, 20.0], [111159.0, 20.0], [111159.5, 20.0], [111160.0, 7960.0], [111160.5, 20.0], [111161.0, 25000.0], [111162.5, 4560.0], [111164.0, 9240.0], [111164.5, 27000.0], [111165.0, 11000.0], [111167.0, 200.0], [111167.5, 31310.0], [111168.0, 110140.0], [111171.0, 500.0], [111171.5, 19800.0]]}}}
{"jsonrpc": "2.0", "method": "subscription", "params": {"channel": "book.BTC-PERPETUAL.none.20.100ms", "data": {"timestamp": 1761283647602, "change_id": 123477193479, "instrument_name": "BTC-PERPETUAL", "bids": [[111143.5, 624730.0], [111142.0, 11000.0], [111141.5, 11000.0], [111141.0, 20.0], [111140.5, 43970.0], [111140.0, 71170.0], [111139.5, 26000.0], [111138.5, 51900.0], [111137.0, 29020.0], [111136.5, 88900.0], [111135.0, 8320.0], [111133.0, 34030.0], [111132.5, 61600.0], [111128.0, 52400.0], [111127.0, 11050.0], [111126.5, 21000.0], [111125.5, 2220.0], [111122.0, 20670.0], [111120.0, 9230.0], [111119.5, 38550.0]], "asks": [[111144.0, 18760.0], [111149.0, 10000.0], [111150.0, 20.0], [111155.5, 50010.0], [111156.0, 6000.0], [111158.5, 20.0], [111159.0, 20.0], [111159.5, 20.0], [111160.0, 7960.0], [111160.5, 20.0], [111161.0, 25020.0], [111162.5, 4560.0], [111164.0, 9240.0], [111164.5, 27000.0], [111165.0, 11000.0], [111167.0, 700.0], [111167.5, 31310.0], [111168.0, 110140.0], [111171.5, 19800.0], [111172.0, 15100.0]]}}}
{"jsonrpc": "2.0", "method": "subscription", "params": {"channel": "book.BTC-PERPETUAL.none.20.100ms", "data": {"timestamp": 1761283647930, "change_id": 123477194204, "instrument_name": "BTC-PERPETUAL", "bids": [[111143.5, 624730.0], [111142.0, 11000.0], [111141.5, 11000.0], [111140.5, 43950.0], [111140.0, 71170.0], [111139.5, 26000.0], [111138.5, 51900.0], [111137.0, 43700.0], [111136.5, 88900.0], [111135.0, 8320.0], [111133.5, 61600.0], [111133.0, 15640.0], [111128.0, 52400.0], [111127.0, 11050.0], [111126.5, 21000.0], [111125.5, 2220.0], [111122.0, 20670.0], [111120.0, 9230.0], [111119.5, 38550.0], [111117.5, 12510.0]], "asks": [[111144.0, 22940.0], [111149.0, 10000.0], [111150.0, 20.0], [111155.5, 50010.0], [111156.0, 6000.0], [111158.5, 20.0], [111159.0, 20.0], [111159.5, 20.0], [111160.0, 7960.0], [111160.5, 20.0], [111161.0, 25020.0], [111161.5, 4560.0], [111164.0, 9240.0], [111164.5, 27000.0], [111165.0, 11000.0], [111167.0, 200.0], [111167.5, 31810.0], [111168.0, 110140.0], [111171.5, 19800.0], [111172.0, 15100.0]]}}}
{"jsonrpc": "2.0", "method": "subscription", "params": {"channel": "book.BTC-PERPETUAL.none.20.100ms", "data": {"timestamp": 1761283648157, "change_id": 123477194372, "instrument_name": "BTC-PERPETUAL", "bids": [[111143.5, 624730.0], [111142.0, 11000.0], [111141.5, 11000.0], [111140.5, 43950.0], [111140.0, 71170.0], [111139.5, 26000.0], [111138.5, 51900.0], [111137.0, 29020.0], [111136.5, 88900.0], [111135.0, 8320.0], [111133.0, 32030.0], [111128.5, 61600.0], [111128.0, 52400.0], [111127.0, 11050.0], [111126.5, 21000.0], [111125.5, 2220.0], [111122.0, 20670.0], [111120.0, 9230.0], [111119.5, 38550.0], [111117.5, 12510.0]], "asks": [[111144.0, 19440.0], [111149.0, 10000.0], [111150.0, 20.0], [111155.5, 50010.0], [111156.0, 6000.0], [111158.5, 20.0], [111159.0, 20.0], [111159.5, 20.0], [111160.0, 7960.0], [111160.5, 20.0], [111161.0, 25020.0], [111161.5, 4560.0], [111164.0, 9240.0], [111164.5, 27000.0], [111165.0, 11000.0], [111167.0, 700.0], [111167.5, 31310.0], [111168.0, 110140.0], [111171.5, 19800.0], [111172.0, 15100.0]]}}}
{"jsonrpc": "2.0", "method": "subscription", "params": {"channel": "book.BTC-PERPETUAL.none.20.100ms", "data": {"timestamp": 1761283648588, "change_id": 123477194710, "instrument_name": "BTC-PERPETUAL", "bids": [[111143.5, 624730.0], [111142.5, 20.0], [111142.0, 11020.0], [111141.5, 11020.0], [111141.0, 20.0], [111140.5, 43970.0], [111140.0, 71170.0], [111139.5, 26000.0], [111138.5, 51900.0], [111137.0, 29020.0], [111136.5, 88900.0], [111135.0, 8320.0], [111133.5, 61600.0], [111133.0, 15640.0], [111128.0, 52400.0], [111127.0, 11050.0], [111126.5, 21000.0], [111125.5, 2220.0], [111122.0, 20670.0], [111120.0, 9230.0]], "asks": [[111144.0, 24070.0], [111149.0, 10000.0], [111150.0, 20.0], [111155.5, 50010.0], [111156.0, 6000.0], [111157.5, 20.0], [111158.0, 20.0], [111158.5, 20.0], [111159.0, 20.0], [111159.5, 20.0], [111160.0, 7960.0], [111160.5, 20.0], [111161.0, 25020.0], [111163.0, 4560.0], [111164.0, 9240.0], [111164.5, 27000.0], [111165.0, 11000.0], [111167.0, 200.0], [111167.5, 31310.0], [111168.0, 110140.0]]}}}
{"jsonrpc": "2.0", "method": "subscription", "params": {"channel": "book.BTC-PERPETUAL.none.20.100ms", "data": {"timestamp": 1761283648904, "change_id": 123477195413, "instrument_name": "BTC-PERPETUAL", "bids": [[111143.5, 624730.0], [111142.0, 11000.0], [111141.5, 11000.0], [111141.0, 20.0], [111140.5, 43950.0], [111140.0, 71170.0], [111139.5, 26000.0], [111138.5, 51900.0], [111137.0, 29020.0], [111136.5, 88900.0], [111135.0, 8320.0], [111133.5, 61600.0], [111133.0, 15640.0], [111128.0, 52400.0], [111127.0, 11050.0], [111126.5, 21000.0], [111125.5, 2220.0], [111122.0, 20670.0], [111120.0, 9230.0], [111119.5, 38550.0]], "asks": [[111144.0, 24650.0], [111149.0, 10000.0], [111150.0, 20.0], [111155.5, 50010.0], [111156.0, 6000.0], [111159.0, 20.0], [111159.5, 20.0], [111160.0, 7960.0], [111160.5, 20.0], [111161.0, 25000.0], [111163.0, 4560.0], [111163.5, 11000.0], [111164.0, 9240.0], [111164.5, 16000.0], [111165.0, 11000.0], [111167.0, 700.0], [111167.5, 31310.0], [111168.0, 110140.0], [111171.5, 19800.0], [111172.0, 15100.0]]}}}
{"jsonrpc": "2.0", "method": "subscription", "params": {"channel": "book.BTC-PERPETUAL.none.20.100ms", "data": {"timestamp": 1761283649258, "change_id": 123477195659, "instrument_name": "BTC-PERPETUAL", "bids": [[111143.5, 437430.0], [111142.0, 11000.0], [111141.5, 11000.0], [111141.0, 20.0], [111140.5, 43950.0], [111140.0, 71170.0], [111139.5, 26000.0], [111138.5, 51900.0], [111137.0, 29020.0], [111136.5, 88900.0], [111135.0, 8320.0], [111133.5, 61600.0], [111133.0, 15640.0], [111128.0, 52400.0], [111127.0, 11050.0], [111126.5, 21000.0], [111125.5, 2220.0], [111122.0, 20670.0], [111120.0, 9230.0], [111119.5, 38550.0]], "asks": [[111144.0, 23330.0], [111149.0, 10000.0], [111150.0, 20.0], [111155.5, 50010.0], [111156.0, 6000.0], [111159.0, 20.0], [111159.5, 20.0], [111160.0, 7960.0], [111160.5, 20.0], [111163.5, 36000.0], [111164.0, 9240.0], [111164.5, 16000.0], [111165.0, 11000.0], [111167.0, 200.0], [111167.5, 31310.0], [111168.0, 110140.0], [111171.0, 500.0], [111171.5, 19800.0], [111172.0, 15100.0], [111174.0, 51000.0]]}}}
{"jsonrpc": "2.0", "method": "subscription", "params": {"channel": "book.BTC-PERPETUAL.none.20.100ms", "data": {"timestamp": 1761283649590, "change_id": 123477196003, "instrument_name": "BTC-PERPETUAL", "bids": [[111143.5, 627530.0], [111142.0, 11000.0], [111141.5, 11020.0], [111140.5, 43970.0], [111140.0, 93290.0], [111139.5, 1000.0], [111138.5, 51900.0], [111137.0, 43700.0], [111136.5, 88900.0], [111135.0, 8320.0], [111133.5, 61600.0], [111133.0, 15640.0], [111128.0, 52400.0], [111127.0, 11050.0], [111126.5, 21000.0], [111125.5, 2220.0], [111122.0, 20670.0], [111120.0, 9230.0], [111119.5, 38550.0], [111117.5, 12510.0]], "asks": [[111144.0, 44100.0], [111147.5, 1600.0], [111149.0, 10000.0], [111150.0, 20.0], [111155.5, 50010.0], [111156.0, 6000.0], [111159.0, 20.0], [111159.5, 20.0], [111160.0, 7960.0], [111160.5, 20.0], [111163.0, 4560.0], [111163.5, 25000.0], [111164.0, 9240.0], [111164.5, 27000.0], [111165.0, 11000.0], [111167.0, 200.0], [111167.5, 31310.0], [111168.0, 110140.0], [111171.0, 500.0], [111171.5, 19800.0]]}}}
{"jsonrpc": "2.0", "method": "subscription", "params": {"channel": "book.BTC-PERPETUAL.none.20.100ms", "data": {"timestamp": 1761283649919, "change_id": 123477196678, "instrument_name": "BTC-PERPETUAL", "bids": [[111143.5, 627530.0], [111143.0, 20.0], [111142.5, 20.0], [111142.0, 11020.0], [111141.5, 11020.0], [111141.0, 20.0], [111140.5, 43970.0], [111140.0, 93270.0], [111139.5, 1000.0], [111138.5, 51900.0], [111137.0, 43700.0], [111136.5, 88900.0], [111135.0, 8320.0], [111133.5, 61600.0], [111133.0, 15640.0], [111128.0, 52400.0], [111127.0, 11050.0], [111126.5, 21000.0], [111125.5, 2220.0], [111122.0, 20670.0]], "asks": [[111144.0, 21970.0], [111147.5, 1600.0], [111149.0, 10000.0], [111150.0, 20.0], [111155.5, 50010.0], [111156.0, 6000.0], [111159.0, 20.0], [111159.5, 20.0], [111160.0, 7960.0], [111160.5, 20.0], [111161.0, 20.0], [111161.5, 20.0], [111163.0, 4560.0], [111163.5, 25000.0], [111164.0, 20240.0], [111164.5, 16000.0], [111167.0, 11200.0], [111167.5, 31310.0], [111168.0, 110140.0], [111171.0, 500.0]]}}}
{"jsonrpc": "2.0", "method": "subscription", "params": {"channel": "book.BTC-PERPETUAL.none.20.100ms", "data": {"timestamp": 1761283650225, "change_id": 123477197153, "instrument_name": "BTC-PERPETUAL", "bids": [[111143.5, 626720.0], [111143.0, 500.0], [111141.0, 11000.0], [111140.5, 43950.0], [111140.0, 68270.0], [111139.5, 1000.0], [111138.5, 51900.0], [111137.5, 11000.0], [111137.0, 29020.0], [111136.5, 113900.0], [111135.0, 8320.0], [111133.0, 32030.0], [111128.5, 61600.0], [111128.0, 52400.0], [111127.0, 11050.0], [111125.5, 2220.0], [111122.5, 21000.0], [111122.0, 20670.0], [111119.5, 38550.0], [111118.0, 9230.0]], "asks": [[111144.0, 24640.0], [111147.5, 1600.0], [111149.0, 10000.0], [111150.0, 20.0], [111155.5, 50010.0], [111156.0, 6000.0], [111159.5, 20260.0], [111160.0, 12520.0], [111160.5, 25020.0], [111161.0, 20.0], [111161.5, 8090.0], [111162.0, 11020.0], [111164.5, 16000.0], [111166.5, 500.0], [111167.0, 200.0], [111167.5, 31310.0], [111168.0, 110140.0], [111171.5, 19800.0], [111172.0, 15100.0], [111174.0, 51000.0]]}}}
{"jsonrpc": "2.0", "method": "subscription", "params": {"channel": "book.BTC-PERPETUAL.none.20.100ms", "data": {"timestamp": 1761283650575, "change_id": 123477197502, "instrument_name": "BTC-PERPETUAL", "bids": [[111143.5, 624320.0], [111141.0, 11000.0], [111140.5, 43950.0], [111140.0, 68270.0], [111139.5, 1000.0], [111138.5, 51900.0], [111137.0, 29020.0], [111136.5, 88900.0], [111135.5, 11000.0], [111135.0, 8320.0], [111133.0, 32030.0], [111128.5, 61600.0], [111128.0, 52400.0], [111127.0, 11050.0], [111126.0, 25000.0], [111125.5, 2220.0], [111123.5, 2900.0], [111122.0, 20670.0], [111120.0, 21000.0], [111119.5, 38550.0]], "asks": [[111144.0, 45110.0], [111149.0, 10000.0], [111150.0, 20.0], [111155.5, 50010.0], [111156.0, 6000.0], [111159.5, 20260.0], [111160.0, 12520.0], [111160.5, 25020.0], [111161.0, 20.0], [111161.5, 8090.0], [111162.0, 11020.0], [111164.5, 16000.0], [111167.0, 700.0], [111167.5, 31310.0], [111168.0, 110140.0], [111171.5, 19800.0], [111172.0, 15100.0], [111174.0, 51000.0], [111176.0, 240.0], [111178.5, 16310.0]]}}}
{"jsonrpc": "2.0", "method": "subscription", "params": {"channel": "book.BTC-PERPETUAL.none.20.100ms", "data": {"timestamp": 1761283650857, "change_id": 123477197939, "instrument_name": "BTC-PERPETUAL", "bids": [[111143.5, 624320.0], [111142.5, 940.0], [111141.0, 11000.0], [111140.5, 43950.0], [111140.0, 68270.0], [111139.5, 1020.0], [111139.0, 20.0], [111138.5, 51920.0], [111138.0, 20.0], [111137.0, 54020.0], [111136.5, 88900.0], [111135.5, 11000.0], [111135.0, 8320.0], [111133.0, 32030.0], [111128.5, 61600.0], [111128.0, 52400.0], [111127.0, 2890.0], [111125.5, 2220.0], [111123.5, 2900.0], [111122.0, 20670.0]], "asks": [[111144.0, 43660.0], [111149.0, 10000.0], [111150.0, 20.0], [111155.5, 50010.0], [111156.0, 6000.0], [111156.5, 20.0], [111157.0, 20.0], [111157.5, 20.0], [111158.0, 20.0], [111158.5, 20.0], [111159.0, 20.0], [111159.5, 20260.0], [111160.0, 12500.0], [111160.5, 25000.0], [111161.5, 8070.0], [111162.0, 11000.0], [111164.5, 16000.0], [111167.0, 700.0], [111167.5, 31310.0], [111168.0, 110140.0]]}}}
{"jsonrpc": "2.0", "method": "subscription", "params": {"channel": "book.BTC-PERPETUAL.none.20.100ms", "data": {"timestamp": 1761283651240, "change_id": 123477198385, "instrument_name": "BTC-PERPETUAL", "bids": [[111143.5, 623820.0], [111143.0, 500.0], [111142.5, 940.0], [111141.0, 11000.0], [111140.5, 43950.0], [111140.0, 68270.0], [111139.5, 1000.0], [111139.0, 20.0], [111138.5, 51920.0], [111138.0, 20.0], [111137.5, 20.0], [111137.0, 29020.0], [111136.5, 88900.0], [111136.0, 25000.0], [111135.5, 11000.0], [111135.0, 8320.0], [111133.0, 32030.0], [111128.5, 61600.0], [111128.0, 52400.0], [111127.0, 2890.0]], "asks": [[111144.0, 44520.0], [111149.0, 10000.0], [111150.0, 20.0], [111155.5, 50010.0], [111156.0, 6020.0], [111156.5, 20.0], [111157.0, 20.0], [111157.5, 20.0], [111158.0, 20.0], [111158.5, 20.0], [111159.5, 20240.0], [111160.0, 12500.0], [111160.5, 25000.0], [111161.5, 8070.0], [111162.0, 11000.0], [111164.5, 16000.0], [111167.0, 700.0], [111167.5, 31310.0], [111168.0, 110140.0], [111171.5, 19800.0]]}}}
{"jsonrpc": "2.0", "method": "subscription", "params": {"channel": "book.BTC-PERPETUAL.none.20.100ms", "data": {"timestamp": 1761283651570, "change_id": 123477198712, "instrument_name": "BTC-PERPETUAL", "bids": [[111143.5, 436620.0], [111140.5, 43950.0], [111140.0, 79770.0], [111139.5, 1000.0], [111138.5, 51900.0], [111137.0, 29020.0], [111136.5, 88900.0], [111135.5, 36000.0], [111135.0, 8320.0], [111133.0, 15640.0], [111128.0, 52400.0], [111127.0, 20910.0], [111126.5, 61600.0], [111125.5, 2220.0], [111123.5, 2900.0], [111122.0, 4560.0], [111120.5, 24270.0], [111120.0, 21000.0], [111119.5, 38550.0], [111117.5, 12510.0]], "asks": [[111144.0, 41620.0], [111148.5, 50010.0], [111149.0, 10000.0], [111149.5, 6000.0], [111150.0, 20.0], [111156.0, 20.0], [111156.5, 20.0], [111157.0, 20.0], [111157.5, 20.0], [111158.0, 20.0], [111158.5, 20.0], [111159.0, 20.0], [111159.5, 20240.0], [111160.0, 7940.0], [111160.5, 25000.0], [111161.5, 8070.0], [111162.0, 11000.0], [111164.0, 500.0], [111164.5, 16000.0], [111167.0, 200.0]]}}}
{"jsonrpc": "2.0", "method": "subscription", "params": {"channel": "book.BTC-PERPETUAL.none.20.100ms", "data": {"timestamp": 1761283651892, "change_id": 123477199294, "instrument_name": "BTC-PERPETUAL", "bids": [[111143.5, 436620.0], [111141.0, 500.0], [111140.5, 43950.0], [111140.0, 79270.0], [111139.5, 1000.0], [111138.5, 51900.0], [111137.5, 20.0], [111137.0, 29040.0], [111136.5, 88900.0], [111136.0, 25000.0], [111135.5, 11000.0], [111135.0, 8320.0], [111133.0, 15640.0], [111128.0, 52400.0], [111127.0, 20910.0], [111126.5, 61600.0], [111125.5, 2220.0], [111123.5, 2900.0], [111122.0, 4560.0], [111120.5, 24270.0]], "asks": [[111144.0, 48600.0], [111149.0, 10000.0], [111149.5, 6000.0], [111150.0, 20.0], [111154.0, 20.0], [111154.5, 20.0], [111155.0, 20.0], [111155.5, 20.0], [111156.0, 20.0], [111156.5, 20.0], [111157.0, 20.0], [111157.5, 11020.0], [111158.0, 4560.0], [111159.0, 50010.0], [111159.5, 9240.0], [111160.0, 7940.0], [111160.5, 25000.0], [111161.5, 8070.0], [111162.0, 11000.0], [111164.5, 16000.0]]}}}
{"jsonrpc": "2.0", "method": "subscription", "params": {"channel": "book.BTC-PERPETUAL.none.20.100ms", "data": {"timestamp": 1761283652226, "change_id": 123477199691, "instrument_name": "BTC-PERPETUAL", "bids": [[111143.5, 436620.0], [111141.0, 500.0], [111140.5, 43950.0], [111140.0, 79270.0], [111139.5, 1000.0], [111138.5, 51900.0], [111137.5, 20.0], [111137.0, 29040.0], [111136.5, 113920.0], [111135.0, 8320.0], [111133.5, 11000.0], [111133.0, 15640.0], [111128.0, 52400.0], [111127.0, 20910.0], [111126.5, 61600.0], [111125.5, 2220.0], [111123.5, 2900.0], [111122.0, 4560.0], [111120.5, 24270.0], [111120.0, 21000.0]], "asks": [[111144.0, 44430.0], [111149.0, 10000.0], [111149.5, 6000.0], [111150.0, 20.0], [111154.0, 20.0], [111154.5, 20.0], [111155.0, 20.0], [111155.5, 16020.0], [111156.0, 20.0], [111156.5, 9260.0], [111157.0, 50030.0], [111157.5, 11020.0], [111158.0, 4560.0], [111160.0, 7940.0], [111160.5, 25000.0], [111161.5, 3280.0], [111162.0, 11000.0], [111166.5, 500.0], [111167.0, 200.0], [111167.5, 31310.0]]}}}
{"jsonrpc": "2.0", "method": "subscription", "params": {"channel": "book.BTC-PERPETUAL.none.20.100ms", "data": {"timestamp": 1761283652555, "change_id": 123477199997, "instrument_name": "BTC-PERPETUAL", "bids": [[111143.5, 623720.0], [111141.0, 500.0], [111140.5, 43950.0], [111140.0, 79270.0], [111139.5, 1000.0], [111138.5, 51900.0], [111138.0, 20.0], [111137.5, 20.0], [111137.0, 29040.0], [111136.5, 88920.0], [111136.0, 25020.0], [111135.0, 8320.0], [111133.5, 11000.0], [111133.0, 15640.0], [111128.0, 52400.0], [111127.0, 20910.0], [111126.5, 61600.0], [111125.5, 2220.0], [111123.5, 2900.0], [111122.0, 4560.0]], "asks": [[111144.0, 45830.0], [111149.0, 10000.0], [111149.5, 6000.0], [111150.0, 20.0], [111154.0, 20.0], [111154.5, 20.0], [111155.0, 50030.0], [111155.5, 16020.0], [111156.0, 20.0], [111156.5, 9260.0], [111157.5, 11000.0], [111158.0, 4560.0], [111160.0, 7940.0], [111160.5, 25000.0], [111161.5, 3280.0], [111162.0, 11000.0], [111167.0, 700.0], [111167.5, 31310.0], [111168.0, 110140.0], [111171.5, 19800.0]]}}}
{"jsonrpc": "2.0", "method": "subscription", "params": {"channel": "book.BTC-PERPETUAL.none.20.100ms", "data": {"timestamp": 1761283652794, "change_id": 123477200247, "instrument_name": "BTC-PERPETUAL", "bids": [[111143.5, 623720.0], [111141.0, 500.0], [111140.5, 43950.0], [111140.0, 79270.0], [111139.5, 1000.0], [111138.5, 51900.0], [111137.5, 20.0], [111137.0, 29040.0], [111136.5, 88920.0], [111136.0, 25020.0], [111135.0, 8320.0], [111133.5, 11000.0], [111133.0, 15640.0], [111128.0, 52400.0], [111127.0, 20910.0], [111126.5, 61600.0], [111125.5, 2220.0], [111123.5, 2900.0], [111122.0, 4560.0], [111120.5, 24270.0]], "asks": [[111144.0, 42730.0], [111149.0, 10000.0], [111149.5, 6000.0], [111150.0, 20.0], [111154.0, 20.0], [111154.5, 20.0], [111155.0, 50030.0], [111155.5, 16020.0], [111156.0, 20.0], [111156.5, 9260.0], [111157.0, 20.0], [111157.5, 11000.0], [111158.0, 4560.0], [111160.0, 7940.0], [111160.5, 25000.0], [111161.5, 3280.0], [111162.0, 11000.0], [111167.0, 700.0], [111167.5, 31310.0], [111168.0, 110140.0]]}}}
{"jsonrpc": "2.0", "method": "subscription", "params": {"channel": "book.BTC-PERPETUAL.none.20.100ms", "data": {"timestamp": 1761283653214, "change_id": 123477200884, "instrument_name": "BTC-PERPETUAL", "bids": [[111143.5, 623720.0], [111141.0, 500.0], [111140.5, 43950.0], [111140.0, 79270.0], [111139.5, 1000.0], [111139.0, 20.0], [111138.5, 51920.0], [111138.0, 20.0], [111137.5, 20.0], [111137.0, 29040.0], [111136.5, 113900.0], [111135.5, 11000.0], [111135.0, 8320.0], [111133.0, 15640.0], [111128.0, 52400.0], [111127.0, 20910.0], [111126.5, 61600.0], [111125.5, 2220.0], [111123.5, 2900.0], [111122.0, 4560.0]], "asks": [[111144.0, 41860.0], [111149.0, 10000.0], [111149.5, 6000.0], [111150.0, 20.0], [111155.0, 50010.0], [111155.5, 16020.0], [111156.0, 20.0], [111156.5, 9260.0], [111157.0, 20.0], [111157.5, 11020.0], [111158.0, 4580.0], [111160.0, 7940.0], [111160.5, 25000.0], [111161.5, 3280.0], [111162.0, 11000.0], [111167.0, 700.0], [111167.5, 31310.0], [111168.0, 110140.0], [111171.5, 19800.0], [111172.0, 15100.0]]}}}
{"jsonrpc": "2.0", "method": "subscription", "params": {"channel": "book.BTC-PERPETUAL.none.20.100ms", "data": {"timestamp": 1761283653549, "change_id": 123477201101, "instrument_name": "BTC-PERPETUAL", "bids": [[111143.5, 623720.0], [111141.0, 500.0], [111140.5, 43950.0], [111140.0, 79270.0], [111139.5, 1000.0], [111138.5, 51920.0], [111138.0, 20.0], [111137.5, 20.0], [111137.0, 29040.0], [111136.5, 88900.0], [111136.0, 25000.0], [111135.0, 8320.0], [111133.5, 11000.0], [111133.0, 15640.0], [111128.0, 52400.0], [111127.0, 20910.0], [111125.5, 2220.0], [111124.0, 61600.0], [111123.5, 2900.0], [111122.0, 4560.0]], "asks": [[111144.0, 46940.0], [111149.0, 10000.0], [111149.5, 6000.0], [111150.0, 20.0], [111154.5, 20.0], [111155.0, 61030.0], [111155.5, 16020.0], [111156.0, 20.0], [111156.5, 9260.0], [111157.0, 20.0], [111157.5, 20.0], [111158.0, 4580.0], [111160.0, 7940.0], [111160.5, 25000.0], [111161.5, 3280.0], [111162.0, 11000.0], [111167.0, 700.0], [111167.5, 31310.0], [111168.0, 110140.0], [111171.5, 19800.0]]}}}
{"jsonrpc": "2.0", "method": "subscription", "params": {"channel": "book.BTC-PERPETUAL.none.20.100ms", "data": {"timestamp": 1761283653856, "change_id": 123477201497, "instrument_name": "BTC-PERPETUAL", "bids": [[111143.5, 623720.0], [111141.0, 500.0], [111140.5, 43950.0], [111140.0, 79270.0], [111139.5, 1000.0], [111138.5, 51920.0], [111138.0, 20.0], [111137.5, 20.0], [111137.0, 29040.0], [111136.5, 88900.0], [111136.0, 25000.0], [111135.0, 8320.0], [111133.5, 11000.0], [111133.0, 15640.0], [111128.0, 52400.0], [111127.0, 20910.0], [111125.5, 2220.0], [111124.0, 61600.0], [111123.5, 2900.0], [111122.0, 4560.0]], "asks": [[111144.0, 46940.0], [111149.0, 10000.0], [111149.5, 6000.0], [111150.0, 20.0], [111154.5, 20.0], [111155.0, 50030.0], [111155.5, 16020.0], [111156.0, 11020.0], [111156.5, 9260.0], [111157.0, 20.0], [111157.5, 20.0], [111158.0, 4580.0], [111160.0, 7940.0], [111160.5, 25000.0], [111161.5, 3280.0], [111162.0, 11000.0], [111167.0, 700.0], [111167.5, 31310.0], [111168.0, 110140.0], [111171.5, 19800.0]]}}}
{"jsonrpc": "2.0", "method": "subscription", "params": {"channel": "book.BTC-PERPETUAL.none.20.100ms", "data": {"timestamp": 1761283654210, "change_id": 123477201947, "instrument_name": "BTC-PERPETUAL", "bids": [[111143.5, 623720.0], [111141.0, 500.0], [111140.5, 44410.0], [111140.0, 79270.0], [111139.5, 1000.0], [111138.5, 51900.0], [111138.0, 20.0], [111137.5, 20.0], [111137.0, 29040.0], [111136.5, 88920.0], [111136.0, 25020.0], [111135.0, 8320.0], [111133.5, 11000.0], [111133.0, 15640.0], [111128.0, 52400.0], [111127.0, 20910.0], [111125.5, 2220.0], [111124.0, 61600.0], [111123.5, 2900.0], [111122.0, 4560.0]], "asks": [[111144.0, 47600.0], [111149.0, 10000.0], [111149.5, 6000.0], [111150.0, 20.0], [111154.5, 20.0], [111155.0, 50030.0], [111155.5, 16020.0], [111156.0, 20.0], [111156.5, 9260.0], [111157.0, 20.0], [111157.5, 11020.0], [111158.0, 4560.0], [111160.0, 7940.0], [111160.5, 25000.0], [111161.5, 3280.0], [111162.0, 11000.0], [111167.0, 700.0], [111167.5, 31310.0], [111168.0, 110140.0], [111171.5, 19800.0]]}}}
{"jsonrpc": "2.0", "method": "subscription", "params": {"channel": "book.BTC-PERPETUAL.none.20.100ms", "data": {"timestamp": 1761283654538, "change_id": 123477202233, "instrument_name": "BTC-PERPETUAL", "bids": [[111143.5, 436620.0], [111141.0, 500.0], [111140.5, 44410.0], [111140.0, 68270.0], [111139.5, 1000.0], [111139.0, 11000.0], [111138.5, 51900.0], [111137.0, 29040.0], [111136.5, 88920.0], [111136.0, 25020.0], [111135.5, 20.0], [111135.0, 8320.0], [111133.5, 11000.0], [111133.0, 15640.0], [111128.0, 52400.0], [111127.0, 20910.0], [111125.5, 2220.0], [111124.0, 61600.0], [111123.5, 2900.0], [111122.0, 4560.0]], "asks": [[111144.0, 47600.0], [111149.0, 10000.0], [111149.5, 6000.0], [111150.0, 20.0], [111153.0, 20.0], [111154.5, 20.0], [111155.0, 50030.0], [111155.5, 16020.0], [111156.0, 20.0], [111156.5, 9260.0], [111157.0, 20.0], [111157.5, 11020.0], [111158.0, 4560.0], [111160.0, 7940.0], [111160.5, 25000.0], [111166.5, 11000.0], [111167.0, 700.0], [111167.5, 31310.0], [111168.0, 110140.0], [111171.5, 19800.0]]}}}
{"jsonrpc": "2.0", "method": "subscription", "params": {"channel": "book.BTC-PERPETUAL.none.20.100ms", "data": {"timestamp": 1761283654858, "change_id": 123477202637, "instrument_name": "BTC-PERPETUAL", "bids": [[111143.5, 436620.0], [111141.5, 460.0], [111141.0, 500.0], [111140.5, 43950.0], [111140.0, 68270.0], [111139.5, 1000.0], [111139.0, 11000.0], [111138.5, 51900.0], [111137.0, 29040.0], [111136.5, 88920.0], [111136.0, 20.0], [111135.5, 20.0], [111135.0, 33320.0], [111133.5, 11000.0], [111133.0, 15640.0], [111128.0, 52400.0], [111127.0, 20910.0], [111125.5, 2220.0], [111124.0, 61600.0], [111123.5, 2900.0]], "asks": [[111144.0, 46800.0], [111149.0, 10000.0], [111149.5, 6000.0], [111150.0, 20.0], [111154.5, 20.0], [111155.0, 50030.0], [111155.5, 16020.0], [111156.0, 20.0], [111156.5, 9260.0], [111157.0, 20.0], [111157.5, 11020.0], [111158.0, 4560.0], [111160.0, 7940.0], [111160.5, 25000.0], [111166.0, 500.0], [111166.5, 11000.0], [111167.0, 200.0], [111167.5, 31310.0], [111168.0, 110140.0], [111171.5, 19800.0]]}}}
{"jsonrpc": "2.0", "method": "subscription", "params": {"channel": "book.BTC-PERPETUAL.none.20.100ms", "data": {"timestamp": 1761283655196, "change_id": 123477203054, "instrument_name": "BTC-PERPETUAL", "bids": [[111143.5, 436620.0], [111141.5, 460.0], [111141.0, 500.0], [111140.5, 43950.0], [111140.0, 68270.0], [111139.5, 1000.0], [111139.0, 11000.0], [111138.5, 51900.0], [111138.0, 20.0], [111137.5, 20.0], [111137.0, 29040.0], [111136.5, 88920.0], [111136.0, 20.0], [111135.5, 25000.0], [111135.0, 8320.0], [111133.5, 11000.0], [111133.0, 15640.0], [111128.0, 52400.0], [111127.0, 20910.0], [111125.5, 2220.0]], "asks": [[111144.0, 44540.0], [111149.0, 10000.0], [111149.5, 6000.0], [111150.0, 20.0], [111153.5, 20.0], [111154.0, 20.0], [111154.5, 20.0], [111155.0, 50030.0], [111155.5, 16020.0], [111156.0, 11020.0], [111156.5, 9260.0], [111157.0, 20.0], [111158.0, 4560.0], [111160.0, 18940.0], [111160.5, 25000.0], [111166.0, 500.0], [111167.0, 200.0], [111167.5, 31310.0], [111168.0, 110140.0], [111171.5, 19800.0]]}}}
{"jsonrpc": "2.0", "method": "subscription", "params": {"channel": "book.BTC-PERPETUAL.none.20.100ms", "data": {"timestamp": 1761283655509, "change_id": 123477203326, "instrument_name": "BTC-PERPETUAL", "bids": [[111143.5, 624180.0], [111141.0, 500.0], [111140.5, 43950.0], [111140.0, 68270.0], [111139.5, 1000.0], [111139.0, 11020.0], [111138.5, 51920.0], [111138.0, 20.0], [111137.5, 20.0], [111137.0, 29040.0], [111136.5, 113900.0], [111135.0, 8320.0], [111133.5, 11000.0], [111133.0, 15640.0], [111128.0, 52400.0], [111127.0, 20910.0], [111126.0, 61600.0], [111125.5, 2220.0], [111123.5, 2900.0], [111122.0, 4560.0]], "asks": [[111144.0, 43750.0], [111149.0, 10000.0], [111149.5, 6000.0], [111150.0, 20.0], [111155.0, 50010.0], [111155.5, 16020.0], [111156.0, 20.0], [111156.5, 9260.0], [111157.0, 20.0], [111157.5, 11020.0], [111158.0, 4560.0], [111160.0, 7940.0], [111160.5, 25000.0], [111165.0, 500.0], [111166.5, 11000.0], [111167.0, 200.0], [111167.5, 31310.0], [111168.0, 110140.0], [111171.5, 19800.0], [111172.0, 15100.0]]}}}
{"jsonrpc": "2.0", "method": "subscription", "params": {"channel": "book.BTC-PERPETUAL.none.20.100ms", "data": {"timestamp": 1761283655795, "change_id": 123477203512, "instrument_name": "BTC-PERPETUAL", "bids": [[111143.5, 624180.0], [111141.0, 500.0], [111140.5, 43950.0], [111140.0, 68270.0], [111139.5, 1000.0], [111139.0, 11020.0], [111138.5, 51920.0], [111138.0, 20.0], [111137.5, 20.0], [111137.0, 29040.0], [111136.5, 88900.0], [111135.5, 11000.0], [111135.0, 8320.0], [111133.0, 15640.0], [111128.0, 52400.0], [111127.0, 20910.0], [111126.0, 61600.0], [111125.5, 27220.0], [111123.5, 2900.0], [111122.0, 4560.0]], "asks": [[111144.0, 43750.0], [111149.0, 10000.0], [111149.5, 6000.0], [111150.0, 20.0], [111155.0, 50010.0], [111155.5, 16020.0], [111156.0, 20.0], [111156.5, 9260.0], [111157.0, 20.0], [111157.5, 11020.0], [111158.0, 4560.0], [111160.0, 7940.0], [111160.5, 25000.0], [111166.0, 500.0], [111166.5, 11000.0], [111167.0, 200.0], [111167.5, 31310.0], [111168.0, 110140.0], [111171.5, 19800.0], [111172.0, 15100.0]]}}}
{"jsonrpc": "2.0", "method": "subscription", "params": {"channel": "book.BTC-PERPETUAL.none.20.100ms", "data": {"timestamp": 1761283656187, "change_id": 123477204160, "instrument_name": "BTC-PERPETUAL", "bids": [[111143.5, 627080.0], [111141.0, 500.0], [111140.5, 43950.0], [111140.0, 68290.0], [111139.5, 1020.0], [111139.0, 11020.0], [111138.5, 51920.0], [111137.0, 54020.0], [111136.5, 88900.0], [111135.5, 11000.0], [111135.0, 8320.0], [111133.0, 15640.0], [111128.0, 52400.0], [111127.0, 20910.0], [111126.0, 61600.0], [111125.5, 2220.0], [111122.0, 4560.0], [111120.5, 24270.0], [111119.5, 38550.0], [111118.0, 21000.0]], "asks": [[111144.0, 41890.0], [111149.0, 10000.0], [111149.5, 6000.0], [111150.0, 20.0], [111155.0, 50010.0], [111155.5, 16000.0], [111156.0, 20.0], [111156.5, 20.0], [111157.0, 4580.0], [111157.5, 20.0], [111158.0, 20.0], [111158.5, 20.0], [111159.0, 20.0], [111159.5, 20260.0], [111160.0, 7940.0], [111160.5, 25000.0], [111166.5, 11000.0], [111167.0, 700.0], [111167.5, 31310.0], [111168.0, 110140.0]]}}}
{"jsonrpc": "2.0", "method": "subscription", "params": {"channel": "book.BTC-PERPETUAL.none.20.100ms", "data": {"timestamp": 1761283656448, "change_id": 123477204387, "instrument_name": "BTC-PERPETUAL", "bids": [[111143.5, 626620.0], [111141.5, 460.0], [111141.0, 500.0], [111140.5, 43950.0], [111140.0, 68270.0], [111139.5, 1000.0], [111139.0, 11000.0], [111138.5, 51920.0], [111138.0, 20.0], [111137.5, 25020.0], [111137.0, 29040.0], [111136.5, 88900.0], [111135.5, 11000.0], [111135.0, 8320.0], [111133.0, 15640.0], [111128.0, 52400.0], [111127.0, 20910.0], [111126.0, 61600.0], [111125.5, 2220.0], [111122.0, 4560.0]], "asks": [[111144.0, 42870.0], [111149.0, 10000.0], [111149.5, 6000.0], [111150.0, 20.0], [111155.0, 50030.0], [111155.5, 16020.0], [111156.0, 20.0], [111156.5, 20.0], [111157.0, 4580.0], [111157.5, 20.0], [111158.0, 20.0], [111159.0, 9240.0], [111159.5, 11000.0], [111160.0, 7940.0], [111160.5, 25000.0], [111166.0, 500.0], [111166.5, 11000.0], [111167.0, 200.0], [111167.5, 31310.0], [111168.0, 110140.0]]}}}
{"jsonrpc": "2.0", "method": "subscription", "params": {"channel": "book.BTC-PERPETUAL.none.20.100ms", "data": {"timestamp": 1761283656773, "change_id": 123477204582, "instrument_name": "BTC-PERPETUAL", "bids": [[111143.5, 627120.0], [111141.5, 460.0], [111140.5, 43950.0], [111140.0, 68270.0], [111139.5, 1020.0], [111139.0, 11020.0], [111138.5, 51920.0], [111138.0, 25020.0], [111137.5, 20.0], [111137.0, 29020.0], [111136.5, 88900.0], [111135.5, 11000.0], [111135.0, 8320.0], [111133.0, 15640.0], [111128.0, 52400.0], [111127.0, 20910.0], [111126.0, 61600.0], [111125.5, 2220.0], [111122.0, 4560.0], [111120.5, 24270.0]], "asks": [[111144.0, 43710.0], [111149.0, 10000.0], [111149.5, 6000.0], [111150.0, 20.0], [111155.0, 50010.0], [111155.5, 16000.0], [111157.0, 4580.0], [111157.5, 20.0], [111158.0, 20.0], [111159.0, 9240.0], [111159.5, 11000.0], [111160.0, 7940.0], [111160.5, 25000.0], [111166.5, 11000.0], [111167.0, 700.0], [111167.5, 31310.0], [111168.0, 110140.0], [111171.5, 19800.0], [111172.0, 15100.0], [111174.0, 51000.0]]}}}
{"jsonrpc": "2.0", "method": "subscription", "params": {"channel": "book.BTC-PERPETUAL.none.20.100ms", "data": {"timestamp": 1761283657182, "change_id": 123477205175, "instrument_name": "BTC-PERPETUAL", "bids": [[111143.5, 627120.0], [111141.5, 460.0], [111140.5, 43950.0], [111140.0, 68270.0], [111139.5, 1000.0], [111139.0, 11020.0], [111138.5, 51920.0], [111138.0, 25020.0], [111137.5, 20.0], [111137.0, 29020.0], [111136.5, 88900.0], [111135.5, 11000.0], [111135.0, 8320.0], [111133.0, 15640.0], [111128.0, 52400.0], [111127.0, 20910.0], [111126.0, 61600.0], [111125.5, 2220.0], [111122.0, 4560.0], [111120.5, 24270.0]], "asks": [[111144.0, 43770.0], [111149.0, 10000.0], [111149.5, 6000.0], [111150.0, 20.0], [111155.0, 50010.0], [111155.5, 16020.0], [111156.0, 20.0], [111156.5, 20.0], [111157.0, 4580.0], [111157.5, 20.0], [111158.0, 20.0], [111158.5, 20.0], [111159.0, 9260.0], [111159.5, 11000.0], [111160.0, 7940.0], [111160.5, 25000.0], [111166.5, 11000.0], [111167.0, 700.0], [111167.5, 31310.0], [111168.0, 110140.0]]}}}
{"jsonrpc": "2.0", "method": "subscription", "params": {"channel": "book.BTC-PERPETUAL.none.20.100ms", "data": {"timestamp": 1761283657490, "change_id": 123477205435, "instrument_name": "BTC-PERPETUAL", "bids": [[111143.5, 439520.0], [111141.5, 460.0], [111141.0, 500.0], [111140.5, 43950.0], [111140.0, 68270.0], [111139.5, 1000.0], [111139.0, 11000.0], [111138.5, 51920.0], [111138.0, 25020.0], [111137.5, 20.0], [111137.0, 29020.0], [111136.5, 88900.0], [111135.5, 11000.0], [111135.0, 8320.0], [111133.0, 15640.0], [111128.0, 52400.0], [111127.0, 20910.0], [111126.0, 61600.0], [111125.5, 2220.0], [111122.0, 4560.0]], "asks": [[111144.0, 39540.0], [111149.0, 10000.0], [111149.5, 6000.0], [111150.0, 20.0], [111154.5, 20.0], [111155.0, 50030.0], [111155.5, 16020.0], [111156.0, 20.0], [111156.5, 20.0], [111157.0, 4580.0], [111157.5, 20.0], [111158.0, 20.0], [111158.5, 11000.0], [111159.0, 9240.0], [111160.0, 7940.0], [111160.5, 25000.0], [111166.5, 11000.0], [111167.0, 700.0], [111167.5, 31310.0], [111168.0, 110140.0]]}}}
{"jsonrpc": "2.0", "method": "subscription", "params": {"channel": "book.BTC-PERPETUAL.none.20.100ms", "data": {"timestamp": 1761283657737, "change_id": 123477205541, "instrument_name": "BTC-PERPETUAL", "bids": [[111143.5, 440020.0], [111141.5, 460.0], [111140.5, 43950.0], [111140.0, 68290.0], [111139.5, 1020.0], [111139.0, 11020.0], [111138.5, 51920.0], [111138.0, 25020.0], [111137.0, 29020.0], [111136.5, 88900.0], [111135.5, 11000.0], [111135.0, 8320.0], [111133.0, 15640.0], [111128.0, 52400.0], [111127.0, 20910.0], [111126.0, 61600.0], [111125.5, 2220.0], [111122.0, 4560.0], [111120.5, 24270.0], [111119.5, 38550.0]], "asks": [[111144.0, 39520.0], [111149.0, 10000.0], [111149.5, 6000.0], [111150.0, 20.0], [111155.0, 50010.0], [111155.5, 16000.0], [111157.0, 4560.0], [111157.5, 20.0], [111158.0, 20.0], [111158.5, 11000.0], [111159.0, 9240.0], [111160.0, 7940.0], [111160.5, 25000.0], [111166.5, 11000.0], [111167.0, 700.0], [111167.5, 31310.0], [111168.0, 110140.0], [111171.5, 19800.0], [111172.0, 15100.0], [111174.0, 51000.0]]}}}
{"jsonrpc": "2.0", "method": "subscription", "params": {"channel": "book.BTC-PERPETUAL.none.20.100ms", "data": {"timestamp": 1761283658167, "change_id": 123477206228, "instrument_name": "BTC-PERPETUAL", "bids": [[111143.5, 440020.0], [111141.5, 460.0], [111140.5, 43950.0], [111140.0, 68270.0], [111139.5, 1000.0], [111139.0, 11020.0], [111138.5, 51920.0], [111138.0, 25020.0], [111137.5, 11000.0], [111137.0, 29020.0], [111136.5, 88900.0], [111135.0, 8320.0], [111133.0, 15640.0], [111128.0, 52400.0], [111127.0, 20910.0], [111126.0, 61600.0], [111125.5, 2220.0], [111122.0, 4560.0], [111120.5, 24270.0], [111119.5, 38550.0]], "asks": [[111144.0, 38680.0], [111149.0, 10000.0], [111149.5, 6000.0], [111150.0, 20.0], [111155.0, 50010.0], [111155.5, 16000.0], [111157.0, 4560.0], [111157.5, 20.0], [111158.0, 20.0], [111158.5, 11000.0], [111159.0, 9240.0], [111160.0, 7940.0], [111160.5, 25000.0], [111166.5, 11000.0], [111167.0, 700.0], [111167.5, 31310.0], [111168.0, 110140.0], [111171.5, 19800.0], [111172.0, 15100.0], [111174.0, 51000.0]]}}}
{"jsonrpc": "2.0", "method": "subscription", "params": {"channel": "book.BTC-PERPETUAL.none.20.100ms", "data": {"timestamp": 1761283658501, "change_id": 123477206461, "instrument_name": "BTC-PERPETUAL", "bids": [[111143.5, 626520.0], [111142.5, 460.0], [111141.0, 500.0], [111140.5, 43970.0], [111140.0, 68290.0], [111139.5, 1020.0], [111139.0, 11020.0], [111138.5, 51900.0], [111138.0, 25000.0], [111137.0, 29020.0], [111136.5, 88900.0], [111135.5, 11000.0], [111135.0, 8320.0], [111133.0, 15640.0], [111128.0, 52400.0], [111127.0, 20910.0], [111126.0, 61600.0], [111125.5, 2220.0], [111122.0, 4560.0], [111120.5, 24270.0]], "asks": [[111144.0, 41720.0], [111149.0, 10000.0], [111150.0, 20.0], [111155.0, 50010.0], [111155.5, 16000.0], [111156.0, 6000.0], [111157.0, 4560.0], [111157.5, 20.0], [111158.0, 20.0], [111158.5, 11020.0], [111159.0, 9260.0], [111159.5, 20.0], [111160.0, 7960.0], [111160.5, 20.0], [111162.0, 25000.0], [111166.5, 11000.0], [111167.0, 700.0], [111167.5, 31310.0], [111168.0, 110140.0], [111171.5, 19800.0]]}}}
{"jsonrpc": "2.0", "method": "subscription", "params": {"channel": "book.BTC-PERPETUAL.none.20.100ms", "data": {"timestamp": 1761283658815, "change_id": 123477206920, "instrument_name": "BTC-PERPETUAL", "bids": [[111143.5, 626520.0], [111143.0, 500.0], [111142.5, 460.0], [111140.5, 43950.0], [111140.0, 68270.0], [111139.5, 1000.0], [111139.0, 11020.0], [111138.5, 51920.0], [111138.0, 25020.0], [111137.0, 29020.0], [111136.5, 88900.0], [111135.5, 11000.0], [111135.0, 8320.0], [111133.0, 15640.0], [111128.0, 52400.0], [111127.0, 20910.0], [111126.0, 61600.0], [111125.5, 2220.0], [111122.0, 4560.0], [111120.5, 24270.0]], "asks": [[111144.0, 41470.0], [111149.0, 10000.0], [111150.0, 20.0], [111155.0, 50010.0], [111155.5, 16000.0], [111156.0, 6020.0], [111156.5, 20.0], [111157.0, 20.0], [111157.5, 20.0], [111158.5, 15580.0], [111159.0, 9260.0], [111159.5, 25020.0], [111160.0, 7960.0], [111166.5, 11000.0], [111167.0, 700.0], [111167.5, 31310.0], [111168.0, 110140.0], [111171.5, 19800.0], [111172.0, 15100.0], [111174.0, 51000.0]]}}}
{"jsonrpc": "2.0", "method": "subscription", "params": {"channel": "book.BTC-PERPETUAL.none.20.100ms", "data": {"timestamp": 1761283659153, "change_id": 123477207418, "instrument_name": "BTC-PERPETUAL", "bids": [[111143.5, 623620.0], [111142.5, 460.0], [111141.0, 500.0], [111140.5, 43950.0], [111140.0, 68270.0], [111139.5, 1000.0], [111139.0, 11000.0], [111138.5, 51900.0], [111137.0, 54020.0], [111136.5, 88900.0], [111135.0, 8320.0], [111133.5, 11000.0], [111133.0, 15640.0], [111128.0, 52400.0], [111127.0, 20910.0], [111125.5, 2220.0], [111125.0, 2900.0], [111122.5, 61600.0], [111122.0, 4560.0], [111120.5, 24270.0]], "asks": [[111144.0, 45750.0], [111149.0, 10000.0], [111150.0, 20.0], [111154.5, 50010.0], [111155.0, 20240.0], [111155.5, 16000.0], [111156.0, 6020.0], [111156.5, 4580.0], [111157.0, 20.0], [111157.5, 20.0], [111158.5, 20.0], [111159.0, 20.0], [111159.5, 25020.0], [111160.0, 7960.0], [111166.0, 500.0], [111166.5, 11000.0], [111167.0, 200.0], [111167.5, 31310.0], [111168.0, 110140.0], [111171.5, 19800.0]]}}}
{"jsonrpc": "2.0", "method": "subscription", "params": {"channel": "book.BTC-PERPETUAL.none.20.100ms", "data": {"timestamp": 1761283659493, "change_id": 123477207678, "instrument_name": "BTC-PERPETUAL", "bids": [[111143.5, 623620.0], [111142.5, 460.0], [111141.0, 500.0], [111140.5, 43950.0], [111140.0, 68270.0], [111139.5, 1000.0], [111139.0, 11000.0], [111138.5, 51900.0], [111137.0, 29020.0], [111136.5, 113900.0], [111135.0, 8320.0], [111133.5, 11000.0], [111133.0, 15640.0], [111128.0, 52400.0], [111127.0, 20910.0], [111126.0, 61600.0], [111125.5, 2220.0], [111125.0, 2900.0], [111122.0, 4560.0], [111120.5, 24270.0]], "asks": [[111144.0, 44330.0], [111149.0, 10000.0], [111150.0, 20.0], [111154.5, 50010.0], [111155.0, 20240.0], [111155.5, 16000.0], [111156.0, 6020.0], [111156.5, 4580.0], [111157.0, 20.0], [111157.5, 20.0], [111158.5, 20.0], [111159.0, 20.0], [111159.5, 25020.0], [111160.0, 7960.0], [111165.0, 3930.0], [111165.5, 11000.0], [111167.0, 200.0], [111167.5, 31310.0], [111168.0, 110140.0], [111171.5, 19800.0]]}}}
{"jsonrpc": "2.0", "method": "subscription", "params": {"channel": "book.BTC-PERPETUAL.none.20.100ms", "data": {"timestamp": 1761283659807, "change_id": 123477207959, "instrument_name": "BTC-PERPETUAL", "bids": [[111143.5, 623620.0], [111142.5, 460.0], [111141.0, 500.0], [111140.5, 43950.0], [111140.0, 68270.0], [111139.5, 1000.0], [111139.0, 11000.0], [111138.5, 51900.0], [111137.5, 20.0], [111137.0, 29040.0], [111136.5, 113920.0], [111136.0, 20.0], [111135.0, 8320.0], [111133.5, 11000.0], [111133.0, 15640.0], [111128.0, 52400.0], [111127.0, 20910.0], [111126.0, 61600.0], [111125.5, 2220.0], [111125.0, 2900.0]], "asks": [[111144.0, 48670.0], [111149.0, 10000.0], [111150.0, 20.0], [111153.0, 20.0], [111153.5, 20.0], [111154.0, 20.0], [111154.5, 50030.0], [111155.0, 9260.0], [111155.5, 16020.0], [111156.0, 17020.0], [111156.5, 4580.0], [111159.5, 25000.0], [111160.0, 7940.0], [111163.0, 3430.0], [111163.5, 11000.0], [111164.0, 500.0], [111167.0, 200.0], [111167.5, 31310.0], [111168.0, 110140.0], [111171.5, 19800.0]]}}}
{"jsonrpc": "2.0", "method": "subscription", "params": {"channel": "book.BTC-PERPETUAL.none.20.100ms", "data": {"timestamp": 1761283660131, "change_id": 123477208572, "instrument_name": "BTC-PERPETUAL", "bids": [[111143.5, 623620.0], [111142.5, 460.0], [111141.0, 500.0], [111140.5, 43950.0], [111140.0, 68270.0], [111139.5, 1000.0], [111139.0, 11000.0], [111138.5, 51900.0], [111138.0, 20.0], [111137.5, 20.0], [111137.0, 29040.0], [111136.5, 113920.0], [111136.0, 20.0], [111135.0, 8320.0], [111133.5, 11000.0], [111133.0, 15640.0], [111128.0, 52400.0], [111127.0, 20910.0], [111126.0, 61600.0], [111125.5, 2220.0]], "asks": [[111144.0, 48670.0], [111149.0, 10000.0], [111150.0, 20.0], [111154.0, 20.0], [111154.5, 50030.0], [111155.0, 9260.0], [111155.5, 16020.0], [111156.0, 17020.0], [111156.5, 4580.0], [111159.5, 36000.0], [111160.0, 7940.0], [111167.0, 700.0], [111167.5, 31310.0], [111168.0, 110140.0], [111171.5, 19800.0], [111172.0, 15100.0], [111174.0, 51000.0], [111176.0, 240.0], [111178.5, 16310.0], [111179.0, 38550.0]]}}}
{"jsonrpc": "2.0", "method": "subscription", "params": {"channel": "book.BTC-PERPETUAL.none.20.100ms", "data": {"timestamp": 1761283660462, "change_id": 123477208817, "instrument_name": "BTC-PERPETUAL", "bids": [[111143.5, 436620.0], [111142.5, 460.0], [111141.0, 500.0], [111140.5, 43950.0], [111140.0, 68270.0], [111139.5, 1000.0], [111139.0, 11000.0], [111138.5, 51900.0], [111137.0, 29040.0], [111136.5, 113920.0], [111136.0, 20.0], [111135.5, 20.0], [111135.0, 8320.0], [111133.5, 11000.0], [111133.0, 15640.0], [111128.0, 52400.0], [111127.0, 20910.0], [111126.0, 61600.0], [111125.5, 2220.0], [111125.0, 2900.0]], "asks": [[111144.0, 48160.0], [111148.5, 13900.0], [111149.0, 10000.0], [111150.0, 20.0], [111154.0, 20.0], [111154.5, 50030.0], [111155.0, 9260.0], [111155.5, 16020.0], [111156.0, 17020.0], [111156.5, 4580.0], [111159.5, 36000.0], [111160.0, 7940.0], [111166.5, 500.0], [111167.0, 200.0], [111167.5, 31310.0], [111168.0, 110140.0], [111171.5, 19800.0], [111172.0, 15100.0], [111174.0, 51000.0], [111176.0, 240.0]]}}}
{"jsonrpc": "2.0", "method": "subscription", "params": {"channel": "book.BTC-PERPETUAL.none.20.100ms", "data": {"timestamp": 1761283660789, "change_id": 123477209058, "instrument_name": "BTC-PERPETUAL", "bids": [[111143.5, 436620.0], [111142.5, 460.0], [111141.0, 500.0], [111140.5, 43950.0], [111140.0, 68270.0], [111139.5, 1000.0], [111139.0, 11000.0], [111138.5, 51900.0], [111137.0, 29040.0], [111136.5, 88920.0], [111136.0, 20.0], [111135.5, 25000.0], [111135.0, 8320.0], [111133.5, 11000.0], [111133.0, 15640.0], [111128.0, 52400.0], [111127.0, 20910.0], [111126.0, 61600.0], [111125.5, 2220.0], [111125.0, 2900.0]], "asks": [[111144.0, 48850.0], [111149.0, 10000.0], [111150.0, 20.0], [111154.0, 20.0], [111154.5, 50030.0], [111155.0, 9260.0], [111155.5, 16020.0], [111156.0, 17020.0], [111156.5, 4560.0], [111159.5, 36000.0], [111160.0, 7940.0], [111167.0, 700.0], [111167.5, 31310.0], [111168.0, 110140.0], [111171.5, 19800.0], [111172.0, 15100.0], [111174.0, 51000.0], [111176.0, 240.0], [111178.5, 16310.0], [111179.0, 38550.0]]}}}
{"jsonrpc": "2.0", "method": "subscription", "params": {"channel": "book.BTC-PERPETUAL.none.20.100ms", "data": {"timestamp": 1761283661126, "change_id": 123477209670, "instrument_name": "BTC-PERPETUAL", "bids": [[111143.5, 436620.0], [111142.5, 460.0], [111141.0, 500.0], [111140.5, 43950.0], [111140.0, 68270.0], [111139.5, 1000.0], [111139.0, 11000.0], [111138.5, 51900.0], [111137.5, 20.0], [111137.0, 29040.0], [111136.5, 88920.0], [111136.0, 20.0], [111135.5, 25020.0], [111135.0, 8320.0], [111133.5, 11000.0], [111133.0, 15640.0], [111128.0, 52400.0], [111127.0, 20910.0], [111126.0, 61600.0], [111125.5, 2220.0]], "asks": [[111144.0, 48460.0], [111149.0, 10000.0], [111150.0, 20.0], [111153.5, 20.0], [111154.0, 20.0], [111154.5, 50030.0], [111155.0, 9260.0], [111155.5, 16020.0], [111156.0, 17020.0], [111156.5, 4560.0], [111159.5, 36000.0], [111160.0, 7940.0], [111167.0, 700.0], [111167.5, 31310.0], [111168.0, 110140.0], [111171.5, 19800.0], [111172.0, 15100.0], [111174.0, 51000.0], [111176.0, 240.0], [111178.5, 16310.0]]}}}
{"jsonrpc": "2.0", "method": "subscription", "params": {"channel": "book.BTC-PERPETUAL.none.20.100ms", "data": {"timestamp": 1761283661468, "change_id": 123477209905, "instrument_name": "BTC-PERPETUAL", "bids": [[111143.5, 623520.0], [111142.5, 460.0], [111141.0, 500.0], [111140.5, 43950.0], [111140.0, 68270.0], [111139.5, 1000.0], [111139.0, 11000.0], [111138.5, 51900.0], [111138.0, 20.0], [111137.0, 29040.0], [111136.5, 88920.0], [111136.0, 20.0], [111135.5, 25020.0], [111135.0, 8320.0], [111133.5, 11000.0], [111133.0, 15640.0], [111128.0, 52400.0], [111127.0, 20910.0], [111126.0, 61600.0], [111125.5, 2220.0]], "asks": [[111144.0, 47930.0], [111149.0, 10000.0], [111150.0, 20.0], [111154.0, 20.0], [111154.5, 50030.0], [111155.0, 9260.0], [111155.5, 16020.0], [111156.0, 17020.0], [111156.5, 4560.0], [111159.5, 36000.0], [111160.0, 7940.0], [111166.5, 500.0], [111167.0, 200.0], [111167.5, 31310.0], [111168.0, 110140.0], [111171.5, 19800.0], [111172.0, 15100.0], [111174.0, 51000.0], [111176.0, 240.0], [111178.5, 16310.0]]}}}
{"jsonrpc": "2.0", "method": "subscription", "params": {"channel": "book.BTC-PERPETUAL.none.20.100ms", "data": {"timestamp": 1761283661798, "change_id": 123477210134, "instrument_name": "BTC-PERPETUAL", "bids": [[111143.5, 573520.0], [111143.0, 50000.0], [111141.0, 500.0], [111140.5, 43950.0], [111140.0, 68270.0], [111139.5, 1000.0], [111139.0, 11000.0], [111138.5, 51900.0], [111138.0, 20.0], [111137.5, 20.0], [111137.0, 29040.0], [111136.5, 88920.0], [111136.0, 25000.0], [111135.0, 8320.0], [111133.5, 11000.0], [111133.0, 15640.0], [111128.0, 52400.0], [111127.0, 20910.0], [111126.0, 61600.0], [111125.5, 2220.0]], "asks": [[111144.0, 47040.0], [111149.0, 10000.0], [111150.0, 20.0], [111154.0, 20.0], [111154.5, 50030.0], [111155.0, 9260.0], [111155.5, 27020.0], [111156.0, 6020.0], [111156.5, 4580.0], [111157.0, 20.0], [111157.5, 20.0], [111159.5, 36000.0], [111160.0, 7940.0], [111167.0, 700.0], [111167.5, 31310.0], [111168.0, 110140.0], [111171.5, 19800.0], [111172.0, 15100.0], [111174.0, 51000.0], [111176.0, 240.0]]}}}
{"jsonrpc": "2.0", "method": "subscription", "params": {"channel": "book.BTC-PERPETUAL.none.20.100ms", "data": {"timestamp": 1761283662090, "change_id": 123477210699, "instrument_name": "BTC-PERPETUAL", "bids": [[111143.5, 573520.0], [111143.0, 50000.0], [111141.0, 500.0], [111140.5, 43950.0], [111140.0, 68270.0], [111139.5, 1000.0], [111139.0, 11000.0], [111138.5, 51900.0], [111138.0, 20.0], [111137.5, 20.0], [111137.0, 29040.0], [111136.5, 113920.0], [111135.0, 8320.0], [111133.5, 11000.0], [111133.0, 15640.0], [111128.0, 52400.0], [111127.0, 20910.0], [111126.0, 61600.0], [111125.5, 2220.0], [111125.0, 2900.0]], "asks": [[111144.0, 48370.0], [111149.0, 10000.0], [111150.0, 20.0], [111154.0, 20.0], [111154.5, 50030.0], [111155.0, 9260.0], [111155.5, 27020.0], [111156.0, 6020.0], [111156.5, 4580.0], [111157.0, 20.0], [111159.5, 36000.0], [111160.0, 7940.0], [111167.0, 700.0], [111167.5, 31310.0], [111168.0, 110140.0], [111171.5, 19800.0], [111172.0, 15100.0], [111174.0, 51000.0], [111176.0, 240.0], [111178.5, 16310.0]]}}}
{"jsonrpc": "2.0", "method": "subscription", "params": {"channel": "book.BTC-PERPETUAL.none.20.100ms", "data": {"timestamp": 1761283662462, "change_id": 123477210990, "instrument_name": "BTC-PERPETUAL", "bids": [[111143.5, 573520.0], [111143.0, 50000.0], [111141.0, 500.0], [111140.5, 43950.0], [111140.0, 68270.0], [111139.5, 1000.0], [111139.0, 11000.0], [111138.5, 51900.0], [111138.0, 20.0], [111137.5, 20.0], [111137.0, 29040.0], [111136.5, 113920.0], [111136.0, 20.0], [111135.0, 8320.0], [111133.5, 11000.0], [111133.0, 15640.0], [111128.0, 52400.0], [111127.0, 20910.0], [111126.0, 61600.0], [111125.5, 2220.0]], "asks": [[111144.0, 48220.0], [111149.0, 10000.0], [111150.0, 20.0], [111154.5, 50030.0], [111155.0, 9260.0], [111155.5, 27020.0], [111156.0, 6020.0], [111156.5, 4580.0], [111157.0, 20.0], [111159.5, 36000.0], [111160.0, 7940.0], [111167.0, 700.0], [111167.5, 31310.0], [111168.0, 110140.0], [111171.5, 19800.0], [111172.0, 15100.0], [111174.0, 51000.0], [111176.0, 240.0], [111178.5, 16310.0], [111179.0, 38550.0]]}}}
{"jsonrpc": "2.0", "method": "subscription", "params": {"channel": "book.BTC-PERPETUAL.none.20.100ms", "data": {"timestamp": 1761283662788, "change_id": 123477211219, "instrument_name": "BTC-PERPETUAL", "bids": [[111143.5, 573520.0], [111143.0, 50000.0], [111141.0, 500.0], [111140.5, 43950.0], [111140.0, 68270.0], [111139.5, 1000.0], [111139.0, 11000.0], [111138.5, 51900.0], [111138.0, 20.0], [111137.5, 20.0], [111137.0, 5800.0], [111136.5, 20.0], [111136.0, 20.0], [111135.0, 8320.0], [111133.5, 11000.0], [111133.0, 15640.0], [111128.0, 52400.0], [111127.0, 20910.0], [111126.0, 61600.0], [111125.5, 27220.0]], "asks": [[111144.0, 47460.0], [111149.0, 10000.0], [111150.0, 20.0], [111154.0, 20.0], [111154.5, 50030.0], [111155.0, 9260.0], [111155.5, 27020.0], [111156.0, 6020.0], [111156.5, 20.0], [111157.0, 20.0], [111157.5, 20.0], [111159.5, 36000.0], [111160.0, 7940.0], [111166.5, 500.0], [111167.0, 200.0], [111167.5, 31310.0], [111168.0, 110140.0], [111171.5, 19800.0], [111172.0, 15100.0], [111174.0, 51000.0]]}}}
{"jsonrpc": "2.0", "method": "subscription", "params": {"channel": "book.BTC-PERPETUAL.none.20.100ms", "data": {"timestamp": 1761283663117, "change_id": 123477211870, "instrument_name": "BTC-PERPETUAL", "bids": [[111143.5, 573520.0], [111143.0, 50000.0], [111141.0, 500.0], [111140.5, 43950.0], [111140.0, 68270.0], [111139.5, 1000.0], [111139.0, 11000.0], [111138.5, 51900.0], [111138.0, 13270.0], [111137.5, 25020.0], [111137.0, 20.0], [111136.5, 20.0], [111136.0, 20.0], [111135.5, 11000.0], [111135.0, 8320.0], [111133.0, 15640.0], [111128.0, 52400.0], [111127.0, 20910.0], [111126.0, 61600.0], [111125.5, 2220.0]], "asks": [[111144.0, 48220.0], [111149.0, 10000.0], [111150.0, 20.0], [111154.0, 20.0], [111154.5, 20.0], [111155.0, 50030.0], [111155.5, 16020.0], [111156.0, 10580.0], [111156.5, 20.0], [111157.0, 20.0], [111159.0, 20240.0], [111159.5, 36000.0], [111160.0, 7940.0], [111167.0, 700.0], [111167.5, 31310.0], [111168.0, 110140.0], [111171.5, 19800.0], [111172.0, 15100.0], [111174.0, 51000.0], [111176.0, 240.0]]}}}
{"jsonrpc": "2.0", "method": "subscription", "params": {"channel": "book.BTC-PERPETUAL.none.20.100ms", "data": {"timestamp": 1761283663432, "change_id": 123477212121, "instrument_name": "BTC-PERPETUAL", "bids": [[111143.5, 573520.0], [111143.0, 50000.0], [111141.0, 500.0], [111140.5, 43950.0], [111140.0, 68270.0], [111139.5, 1000.0], [111139.0, 11020.0], [111138.5, 51920.0], [111138.0, 13270.0], [111137.5, 25020.0], [111137.0, 20.0], [111135.0, 8320.0], [111133.5, 11000.0], [111133.0, 15640.0], [111128.0, 52400.0], [111127.0, 20910.0], [111126.0, 61600.0], [111125.5, 2220.0], [111125.0, 2900.0], [111122.0, 4560.0]], "asks": [[111144.0, 47250.0], [111149.0, 10000.0], [111150.0, 20.0], [111155.0, 50010.0], [111155.5, 16020.0], [111156.0, 10580.0], [111156.5, 20.0], [111157.0, 20.0], [111157.5, 20.0], [111158.0, 20260.0], [111158.5, 20.0], [111159.5, 36000.0], [111160.0, 7940.0], [111167.0, 700.0], [111167.5, 31310.0], [111168.0, 110140.0], [111171.5, 19800.0], [111172.0, 15100.0], [111174.0, 51000.0], [111176.0, 240.0]]}}}
{"jsonrpc": "2.0", "method": "subscription", "params": {"channel": "book.BTC-PERPETUAL.none.20.100ms", "data": {"timestamp": 1761283663781, "change_id": 123477212344, "instrument_name": "BTC-PERPETUAL", "bids": [[111143.5, 573520.0], [111143.0, 50000.0], [111141.0, 500.0], [111140.5, 43950.0], [111140.0, 68270.0], [111139.5, 1000.0], [111139.0, 11000.0], [111138.5, 51900.0], [111138.0, 5770.0], [111137.5, 20.0], [111135.0, 8320.0], [111133.5, 11000.0], [111133.0, 15640.0], [111128.5, 25000.0], [111128.0, 52400.0], [111127.0, 20910.0], [111126.0, 61600.0], [111125.5, 2220.0], [111125.0, 2900.0], [111122.0, 4560.0]], "asks": [[111144.0, 50170.0], [111149.0, 10000.0], [111150.0, 20.0], [111155.0, 61010.0], [111155.5, 16000.0], [111156.0, 10580.0], [111156.5, 20.0], [111157.0, 20.0], [111157.5, 20.0], [111158.0, 9260.0], [111158.5, 20.0], [111159.5, 36000.0], [111160.0, 7940.0], [111167.0, 700.0], [111167.5, 31310.0], [111168.0, 110140.0], [111171.5, 19800.0], [111172.0, 15100.0], [111174.0, 51000.0], [111176.0, 240.0]]}}}
{"jsonrpc": "2.0", "method": "subscription", "params": {"channel": "book.BTC-PERPETUAL.none.20.100ms", "data": {"timestamp": 1761283664109, "change_id": 123477212944, "instrument_name": "BTC-PERPETUAL", "bids": [[111143.5, 623520.0], [111141.0, 500.0], [111140.5, 43950.0], [111140.0, 68270.0], [111139.5, 1000.0], [111139.0, 11000.0], [111138.5, 51920.0], [111138.0, 12520.0], [111137.5, 20.0], [111137.0, 25020.0], [111135.0, 8320.0], [111133.5, 11000.0], [111133.0, 15640.0], [111128.0, 52400.0], [111127.0, 20910.0], [111126.0, 61600.0], [111125.5, 2220.0], [111125.0, 2900.0], [111122.0, 4560.0], [111120.5, 24270.0]], "asks": [[111144.0, 47240.0], [111149.0, 10000.0], [111150.0, 20.0], [111154.5, 50010.0], [111155.0, 20260.0], [111155.5, 16020.0], [111156.0, 10580.0], [111156.5, 20.0], [111157.0, 20.0], [111157.5, 20.0], [111158.0, 20.0], [111158.5, 20.0], [111159.5, 36000.0], [111160.0, 7940.0], [111166.5, 500.0], [111167.0, 200.0], [111167.5, 31310.0], [111168.0, 110140.0], [111171.5, 19800.0], [111172.0, 15100.0]]}}}
{"jsonrpc": "2.0", "method": "subscription", "params": {"channel": "book.BTC-PERPETUAL.none.20.100ms", "data": {"timestamp": 1761283664437, "change_id": 123477213218, "instrument_name": "BTC-PERPETUAL", "bids": [[111143.5, 436620.0], [111141.0, 500.0], [111140.5, 43950.0], [111140.0, 68270.0], [111139.5, 1000.0], [111139.0, 11000.0], [111138.5, 51900.0], [111138.0, 12500.0], [111137.5, 20.0], [111137.0, 20.0], [111136.5, 20.0], [111136.0, 20.0], [111135.5, 25020.0], [111135.0, 8320.0], [111133.5, 11000.0], [111133.0, 15640.0], [111128.0, 52400.0], [111127.0, 20910.0], [111126.0, 61600.0], [111125.5, 2220.0]], "asks": [[111144.0, 47780.0], [111149.0, 10000.0], [111150.0, 20.0], [111153.0, 20.0], [111153.5, 20.0], [111154.0, 20.0], [111154.5, 50030.0], [111155.0, 9260.0], [111155.5, 27020.0], [111156.0, 10580.0], [111156.5, 20.0], [111159.5, 36000.0], [111160.0, 7940.0], [111167.0, 700.0], [111167.5, 31310.0], [111168.0, 110140.0], [111171.5, 19800.0], [111172.0, 15100.0], [111174.0, 51000.0], [111176.0, 240.0]]}}}
{"jsonrpc": "2.0", "method": "subscription", "params": {"channel": "book.BTC-PERPETUAL.none.20.100ms", "data": {"timestamp": 1761283664740, "change_id": 123477213337, "instrument_name": "BTC-PERPETUAL", "bids": [[111143.5, 436620.0], [111141.0, 500.0], [111140.5, 43950.0], [111140.0, 68270.0], [111139.5, 1000.0], [111139.0, 11000.0], [111138.5, 51900.0], [111138.0, 12500.0], [111137.5, 20.0], [111137.0, 25020.0], [111136.5, 20.0], [111136.0, 20.0], [111135.5, 20.0], [111135.0, 8320.0], [111133.5, 11000.0], [111133.0, 15640.0], [111128.0, 52400.0], [111127.0, 20910.0], [111126.0, 61600.0], [111125.5, 2220.0]], "asks": [[111144.0, 47140.0], [111149.0, 10000.0], [111150.0, 20.0], [111153.0, 20.0], [111153.5, 20.0], [111154.0, 20.0], [111154.5, 50030.0], [111155.0, 9260.0], [111155.5, 27020.0], [111156.0, 10580.0], [111156.5, 20.0], [111159.5, 36000.0], [111160.0, 7940.0], [111167.0, 700.0], [111167.5, 31310.0], [111168.0, 110140.0], [111171.5, 19800.0], [111172.0, 15100.0], [111174.0, 51000.0], [111176.0, 240.0]]}}}
{"jsonrpc": "2.0", "method": "subscription", "params": {"channel": "book.BTC-PERPETUAL.none.20.100ms", "data": {"timestamp": 1761283665103, "change_id": 123477214257, "instrument_name": "BTC-PERPETUAL", "bids": [[111143.5, 436620.0], [111140.5, 43950.0], [111140.0, 68270.0], [111139.5, 1000.0], [111138.5, 62900.0], [111138.0, 2480.0], [111135.5, 500.0], [111135.0, 8320.0], [111133.0, 15640.0], [111128.5, 11000.0], [111128.0, 52400.0], [111127.0, 20910.0], [111125.5, 2220.0], [111125.0, 2900.0], [111122.5, 61600.0], [111122.0, 29560.0], [111120.5, 15240.0], [111119.5, 38550.0], [111117.5, 12510.0], [111115.0, 14280.0]], "asks": [[111144.0, 53820.0], [111148.5, 50010.0], [111149.0, 10000.0], [111150.0, 20.0], [111150.5, 6000.0], [111151.5, 25000.0], [111153.5, 20.0], [111154.0, 20.0], [111154.5, 20.0], [111155.0, 9260.0], [111155.5, 27020.0], [111159.0, 500.0], [111159.5, 11000.0], [111160.0, 7940.0], [111165.5, 1360.0], [111166.0, 4560.0], [111167.0, 200.0], [111167.5, 31310.0], [111168.0, 110140.0], [111171.5, 19800.0]]}}}
{"jsonrpc": "2.0", "method": "subscription", "params": {"channel": "book.BTC-PERPETUAL.none.20.100ms", "data": {"timestamp": 1761283665401, "change_id": 123477214497, "instrument_name": "BTC-PERPETUAL", "bids": [[111143.5, 606320.0], [111142.0, 45390.0], [111140.5, 46280.0], [111140.0, 68270.0], [111139.5, 1000.0], [111138.5, 62900.0], [111138.0, 2480.0], [111136.0, 20.0], [111135.5, 520.0], [111135.0, 8340.0], [111134.5, 20.0], [111133.0, 15640.0], [111128.5, 11000.0], [111128.0, 52400.0], [111127.0, 45910.0], [111125.5, 2220.0], [111125.0, 2900.0], [111122.5, 61600.0], [111122.0, 4560.0], [111120.5, 15240.0]], "asks": [[111144.0, 47660.0], [111148.0, 69600.0], [111148.5, 50010.0], [111149.0, 10000.0], [111150.0, 20.0], [111150.5, 6000.0], [111151.5, 29560.0], [111153.5, 20.0], [111154.0, 20.0], [111154.5, 20.0], [111155.0, 9260.0], [111155.5, 27020.0], [111159.0, 500.0], [111159.5, 11000.0], [111160.0, 79540.0], [111165.5, 1360.0], [111166.0, 4560.0], [111167.0, 200.0], [111167.5, 12250.0], [111168.0, 38540.0]]}}}
{"jsonrpc": "2.0", "method": "subscription", "params": {"channel": "book.BTC-PERPETUAL.none.20.100ms", "data": {"timestamp": 1761283665740, "change_id": 123477214738, "instrument_name": "BTC-PERPETUAL", "bids": [[111143.5, 606320.0], [111142.0, 45390.0], [111140.5, 46280.0], [111140.0, 68270.0], [111139.5, 1000.0], [111138.5, 62900.0], [111138.0, 2480.0], [111135.5, 520.0], [111135.0, 8340.0], [111134.5, 20.0], [111134.0, 20.0], [111133.0, 15640.0], [111128.5, 11000.0], [111128.0, 52400.0], [111127.0, 45910.0], [111125.5, 2220.0], [111125.0, 2900.0], [111122.5, 61600.0], [111122.0, 4560.0], [111120.5, 15240.0]], "asks": [[111144.0, 66020.0], [111147.5, 50010.0], [111148.0, 69600.0], [111149.0, 10000.0], [111150.0, 20.0], [111150.5, 6000.0], [111151.5, 29560.0], [111152.5, 20.0], [111153.0, 20.0], [111153.5, 20.0], [111154.0, 20.0], [111154.5, 20.0], [111155.0, 44500.0], [111155.5, 11020.0], [111159.0, 500.0], [111159.5, 11000.0], [111160.0, 79540.0], [111161.0, 200.0], [111165.5, 1360.0], [111166.0, 4560.0]]}}}
{"jsonrpc": "2.0", "method": "subscription", "params": {"channel": "book.BTC-PERPETUAL.none.20.100ms", "data": {"timestamp": 1761283665965, "change_id": 123477215400, "instrument_name": "BTC-PERPETUAL", "bids": [[111143.5, 606320.0], [111142.0, 45390.0], [111140.5, 43950.0], [111140.0, 68270.0], [111139.5, 1000.0], [111138.5, 62900.0], [111138.0, 2480.0], [111136.5, 20.0], [111136.0, 20.0], [111135.5, 520.0], [111135.0, 8340.0], [111133.0, 15640.0], [111128.5, 11000.0], [111128.0, 52400.0], [111127.0, 45910.0], [111125.5, 2220.0], [111125.0, 2900.0], [111122.5, 61600.0], [111122.0, 4560.0], [111120.5, 15240.0]], "asks": [[111144.0, 66520.0], [111147.5, 50010.0], [111148.0, 69600.0], [111149.0, 10000.0], [111150.0, 20.0], [111150.5, 6000.0], [111151.5, 29560.0], [111152.0, 20.0], [111153.0, 20.0], [111153.5, 20.0], [111154.0, 20.0], [111154.5, 20.0], [111155.0, 44500.0], [111155.5, 11020.0], [111159.0, 500.0], [111159.5, 11000.0], [111160.0, 79540.0], [111161.0, 200.0], [111165.5, 1360.0], [111166.0, 4560.0]]}}}
{"jsonrpc": "2.0", "method": "subscription", "params": {"channel": "book.BTC-PERPETUAL.none.20.100ms", "data": {"timestamp": 1761283666400, "change_id": 123477215686, "instrument_name": "BTC-PERPETUAL", "bids": [[111143.5, 606320.0], [111142.0, 45390.0], [111140.5, 43950.0], [111140.0, 68270.0], [111139.5, 1000.0], [111138.5, 62900.0], [111138.0, 2480.0], [111135.0, 8340.0], [111134.5, 20.0], [111134.0, 20.0], [111133.5, 500.0], [111133.0, 15640.0], [111128.5, 11000.0], [111128.0, 52400.0], [111127.0, 45910.0], [111125.5, 2220.0], [111125.0, 2900.0], [111122.5, 61600.0], [111122.0, 4560.0], [111120.5, 15240.0]], "asks": [[111144.0, 113100.0], [111149.0, 10000.0], [111150.0, 20.0], [111150.5, 6000.0], [111151.5, 29560.0], [111153.0, 20.0], [111153.5, 20.0], [111154.0, 20.0], [111154.5, 20.0], [111155.0, 44500.0], [111155.5, 11020.0], [111159.0, 500.0], [111159.5, 11000.0], [111160.0, 79540.0], [111161.0, 200.0], [111165.5, 1360.0], [111166.0, 4560.0], [111167.5, 12250.0], [111168.0, 38540.0], [111171.5, 19800.0]]}}}
{"jsonrpc": "2.0", "method": "subscription", "params": {"channel": "book.BTC-PERPETUAL.none.20.100ms", "data": {"timestamp": 1761283666741, "change_id": 123477215929, "instrument_name": "BTC-PERPETUAL", "bids": [[111143.5, 436620.0], [111142.0, 45390.0], [111140.5, 43950.0], [111140.0, 68270.0], [111139.5, 1000.0], [111138.5, 62900.0], [111138.0, 2480.0], [111135.0, 8340.0], [111134.5, 20.0], [111134.0, 20.0], [111133.5, 520.0], [111133.0, 15640.0], [111128.5, 11000.0], [111128.0, 52400.0], [111127.0, 45910.0], [111125.5, 2220.0], [111125.0, 2900.0], [111122.5, 61600.0], [111122.0, 4560.0], [111120.5, 15240.0]], "asks": [[111144.0, 115190.0], [111148.0, 3010.0], [111148.5, 85400.0], [111149.0, 10000.0], [111150.0, 20.0], [111150.5, 6000.0], [111151.5, 29580.0], [111152.0, 20.0], [111152.5, 20.0], [111153.0, 20.0], [111153.5, 20.0], [111154.0, 20.0], [111154.5, 20.0], [111155.0, 44480.0], [111155.5, 11000.0], [111159.0, 500.0], [111159.5, 11000.0], [111160.0, 79540.0], [111161.0, 200.0], [111165.5, 1360.0]]}}}
{"jsonrpc": "2.0", "method": "subscription", "params": {"channel": "book.BTC-PERPETUAL.none.20.100ms", "data": {"timestamp": 1761283667085, "change_id": 123477216657, "instrument_name": "BTC-PERPETUAL", "bids": [[111143.5, 369250.0], [111143.0, 50000.0], [111142.0, 45390.0], [111140.5, 43950.0], [111140.0, 68270.0], [111139.5, 1000.0], [111138.5, 62900.0], [111138.0, 2480.0], [111136.0, 20.0], [111135.5, 20.0], [111135.0, 8340.0], [111134.5, 20.0], [111133.5, 500.0], [111133.0, 15640.0], [111132.0, 8120.0], [111128.5, 11000.0], [111128.0, 52400.0], [111127.0, 45910.0], [111125.5, 2220.0], [111125.0, 2900.0]], "asks": [[111144.0, 64560.0], [111148.0, 53020.0], [111148.5, 85400.0], [111149.0, 10000.0], [111150.0, 20.0], [111150.5, 6000.0], [111151.5, 29560.0], [111152.5, 20.0], [111153.0, 20.0], [111153.5, 20.0], [111154.0, 20.0], [111154.5, 20.0], [111155.0, 44500.0], [111155.5, 11020.0], [111159.0, 500.0], [111159.5, 11000.0], [111160.0, 79540.0], [111161.0, 200.0], [111165.5, 1360.0], [111166.0, 4560.0]]}}}
{"jsonrpc": "2.0", "method": "subscription", "params": {"channel": "book.BTC-PERPETUAL.none.20.100ms", "data": {"timestamp": 1761283667419, "change_id": 123477216875, "instrument_name": "BTC-PERPETUAL", "bids": [[111143.5, 565170.0], [111143.0, 50000.0], [111142.0, 45390.0], [111140.5, 43950.0], [111140.0, 68270.0], [111139.5, 1000.0], [111138.5, 62900.0], [111138.0, 2480.0], [111135.0, 8340.0], [111134.5, 20.0], [111134.0, 20.0], [111133.5, 520.0], [111133.0, 15660.0], [111132.5, 11000.0], [111132.0, 8120.0], [111128.0, 52400.0], [111127.0, 45910.0], [111125.5, 2220.0], [111125.0, 2900.0], [111122.5, 61600.0]], "asks": [[111144.0, 66880.0], [111147.5, 34100.0], [111148.0, 3010.0], [111149.0, 10000.0], [111150.0, 20.0], [111150.5, 6000.0], [111151.5, 29560.0], [111153.0, 20.0], [111153.5, 20.0], [111154.0, 20.0], [111154.5, 20.0], [111155.0, 44480.0], [111155.5, 11000.0], [111159.0, 500.0], [111159.5, 11000.0], [111160.0, 79540.0], [111161.0, 200.0], [111165.5, 1360.0], [111166.0, 4560.0], [111167.5, 12250.0]]}}}
{"jsonrpc": "2.0", "method": "subscription", "params": {"channel": "book.BTC-PERPETUAL.none.20.100ms", "data": {"timestamp": 1761283667741, "change_id": 123477217092, "instrument_name": "BTC-PERPETUAL", "bids": [[111143.5, 565170.0], [111143.0, 50000.0], [111142.0, 45390.0], [111140.5, 43950.0], [111140.0, 68270.0], [111139.5, 1000.0], [111138.5, 62900.0], [111138.0, 2480.0], [111136.5, 20.0], [111136.0, 20.0], [111135.0, 8340.0], [111134.5, 20.0], [111133.5, 500.0], [111133.0, 15640.0], [111132.5, 11000.0], [111132.0, 8120.0], [111128.0, 52400.0], [111127.0, 45910.0], [111125.5, 2220.0], [111125.0, 2900.0]], "asks": [[111144.0, 64230.0], [111147.0, 50010.0], [111147.5, 34100.0], [111148.0, 3010.0], [111149.0, 10000.0], [111150.0, 20.0], [111150.5, 6000.0], [111151.5, 29560.0], [111153.0, 20.0], [111153.5, 20.0], [111154.0, 20.0], [111154.5, 20.0], [111155.0, 44480.0], [111155.5, 11000.0], [111159.0, 500.0], [111159.5, 11000.0], [111160.0, 79540.0], [111161.0, 200.0], [111165.5, 1360.0], [111166.0, 4560.0]]}}}
{"jsonrpc": "2.0", "method": "subscription", "params": {"channel": "book.BTC-PERPETUAL.none.20.100ms", "data": {"timestamp": 1761283668079, "change_id": 123477217756, "instrument_name": "BTC-PERPETUAL", "bids": [[111143.5, 565170.0], [111143.0, 50000.0], [111142.0, 45390.0], [111140.5, 43950.0], [111140.0, 68270.0], [111139.5, 1000.0], [111138.5, 62900.0], [111138.0, 2480.0], [111136.5, 20.0], [111136.0, 20.0], [111135.5, 20.0], [111135.0, 8340.0], [111133.5, 500.0], [111133.0, 15640.0], [111132.5, 11000.0], [111132.0, 8120.0], [111128.0, 52400.0], [111127.0, 45910.0], [111125.5, 2220.0], [111125.0, 2900.0]], "asks": [[111144.0, 71020.0], [111147.0, 50010.0], [111147.5, 34100.0], [111149.0, 10000.0], [111150.0, 20.0], [111150.5, 6000.0], [111151.5, 29560.0], [111153.0, 20.0], [111153.5, 20.0], [111154.0, 20.0], [111154.5, 20.0], [111155.0, 44480.0], [111155.5, 11000.0], [111159.0, 500.0], [111159.5, 11000.0], [111160.0, 79540.0], [111161.0, 200.0], [111165.5, 1360.0], [111166.0, 4560.0], [111167.5, 12250.0]]}}}
