{"jsonrpc": "2.0", "id": 1, "result": ["book.BTC-PERPETUAL.none.20.100ms"], "usIn": 1763875370195122, "usOut": 1763875370195369, "usDiff": 247, "testnet": false}
{"jsonrpc": "2.0", "method": "subscription", "params": {"channel": "book.BTC-PERPETUAL.none.20.100ms", "data": {"timestamp": 1763875370194, "change_id": 128644826332, "instrument_name": "BTC-PERPETUAL", "bids": [[86304.0, 66880.0], [86300.0, 20.0], [86296.5, 22890.0], [86295.0, 10990.0], [86294.5, 26000.0], [86294.0, 510.0], [86293.0, 25990.0], [86292.5, 10990.0], [86291.5, 10860.0], [86289.5, 3820.0], [86289.0, 25000.0], [86288.0, 9230.0], [86285.5, 27160.0], [86285.0, 59980.0], [86284.0, 26000.0], [86283.5, 5000.0], [86282.5, 40.0], [86282.0, 60.0], [86280.5, 10300.0], [86280.0, 34510.0]], "asks": [[86304.5, 97770.0], [86305.0, 13670.0], [86305.5, 10000.0], [86306.0, 3820.0], [86308.0, 10990.0], [86308.5, 20990.0], [86310.5, 25290.0], [86311.0, 26000.0], [86312.5, 25000.0], [86313.0, 11000.0], [86313.5, 490.0], [86314.0, 61600.0], [86314.5, 27320.0], [86315.5, 26870.0], [86317.0, 4640.0], [86318.5, 60000.0], [86319.0, 36470.0], [86320.0, 45000.0], [86320.5, 26000.0], [86323.0, 9240.0]]}}}
{"jsonrpc": "2.0", "method": "subscription", "params": {"channel": "book.BTC-PERPETUAL.none.20.100ms", "data": {"timestamp": 1763875370266, "change_id": 128644826435, "instrument_name": "BTC-PERPETUAL", "bids": [[86304.0, 66880.0], [86300.0, 20.0], [86296.5, 22890.0], [86294.5, 26000.0], [86294.0, 510.0], [86293.0, 36980.0], [86292.5, 10990.0], [86291.5, 10860.0], [86289.5, 3820.0], [86289.0, 25000.0], [86288.0, 9230.0], [86285.5, 27160.0], [86285.0, 59980.0], [86284.0, 26000.0], [86283.5, 5000.0], [86282.5, 40.0], [86282.0, 60.0], [86280.5, 10300.0], [86280.0, 34510.0], [86277.0, 1000.0]], "asks": [[86304.5, 97770.0], [86305.0, 13670.0], [86305.5, 10000.0], [86306.0, 3820.0], [86308.5, 20990.0], [86310.0, 10990.0], [86310.5, 36290.0], [86311.0, 26000.0], [86312.5, 25000.0], [86313.5, 490.0], [86314.0, 61600.0], [86314.5, 27320.0], [86315.5, 26870.0], [86317.0, 4640.0], [86318.5, 60000.0], [86319.0, 36470.0], [86320.0, 45000.0], [86320.5, 26000.0], [86323.0, 9240.0], [86323.5, 35400.0]]}}}
{"jsonrpc": "2.0", "method": "subscription", "params": {"channel": "book.BTC-PERPETUAL.none.20.100ms", "data": {"timestamp": 1763875370566, "change_id": 128644826873, "instrument_name": "BTC-PERPETUAL", "bids": [[86304.0, 66880.0], [86300.0, 20.0], [86296.5, 22890.0], [86294.5, 26000.0], [86294.0, 510.0], [86293.5, 10990.0], [86293.0, 25990.0], [86292.5, 10990.0], [86291.5, 1140.0], [86289.5, 3820.0], [86287.5, 35880.0], [86287.0, 59980.0], [86286.5, 25000.0], [86286.0, 9230.0], [86284.0, 26000.0], [86282.5, 40.0], [86282.0, 60.0], [86280.5, 10300.0], [86280.0, 34510.0], [86277.0, 1000.0]], "asks": [[86304.5, 94780.0], [86305.0, 13670.0], [86305.5, 10000.0], [86306.0, 3820.0], [86308.5, 20990.0], [86310.0, 10990.0], [86310.5, 36290.0], [86311.0, 26000.0], [86312.0, 25000.0], [86313.5, 500.0], [86314.0, 61600.0], [86314.5, 27320.0], [86315.5, 26870.0], [86317.0, 4640.0], [86318.5, 60000.0], [86319.0, 36470.0], [86320.0, 45000.0], [86320.5, 26000.0], [86323.0, 9240.0], [86323.5, 44500.0]]}}}
{"jsonrpc": "2.0", "method": "subscription", "params": {"channel": "book.BTC-PERPETUAL.none.20.100ms", "data": {"timestamp": 1763875370926, "change_id": 128644827142, "instrument_name": "BTC-PERPETUAL", "bids": [[86304.0, 66880.0], [86300.0, 20.0], [86296.5, 22890.0], [86295.0, 490.0], [86294.5, 26000.0], [86294.0, 20.0], [86293.5, 10990.0], [86292.5, 10990.0], [86292.0, 25990.0], [86291.5, 26850.0], [86289.5, 3820.0], [86289.0, 25000.0], [86287.5, 69210.0], [86285.5, 5000.0], [86284.5, 7760.0], [86284.0, 26000.0], [86282.5, 40.0], [86282.0, 60.0], [86280.5, 10300.0], [86280.0, 34510.0]], "asks": [[86304.5, 94730.0], [86305.0, 13670.0], [86305.5, 10000.0], [86306.0, 3820.0], [86308.5, 20990.0], [86310.0, 10990.0], [86310.5, 36290.0], [86311.0, 26000.0], [86313.5, 500.0], [86314.0, 61600.0], [86314.5, 27320.0], [86315.5, 26870.0], [86317.0, 4640.0], [86318.0, 25000.0], [86318.5, 60000.0], [86319.0, 36470.0], [86320.0, 54240.0], [86320.5, 26000.0], [86323.5, 44500.0], [86324.0, 31480.0]]}}}
{"jsonrpc": "2.0", "method": "subscription", "params": {"channel": "book.BTC-PERPETUAL.none.20.100ms", "data": {"timestamp": 1763875371245, "change_id": 128644827753, "instrument_name": "BTC-PERPETUAL", "bids": [[86304.0, 46880.0], [86300.0, 20.0], [86297.5, 5970.0], [86297.0, 20000.0], [86296.5, 11190.0], [86294.5, 26000.0], [86294.0, 20.0], [86292.5, 10990.0], [86292.0, 490.0], [86291.5, 11680.0], [86290.0, 36980.0], [86287.0, 27240.0], [86286.0, 9230.0], [86284.5, 59980.0], [86284.0, 26000.0], [86282.5, 40.0], [86282.0, 60.0], [86281.0, 25000.0], [86280.5, 10300.0], [86280.0, 34510.0]], "asks": [[86304.5, 105000.0], [86305.0, 13670.0], [86306.0, 3820.0], [86308.0, 10990.0], [86308.5, 20990.0], [86310.5, 61790.0], [86311.0, 26000.0], [86314.0, 61600.0], [86314.5, 27320.0], [86315.0, 60000.0], [86315.5, 26870.0], [86317.0, 4640.0], [86319.0, 36470.0], [86320.0, 80240.0], [86320.5, 26000.0], [86323.5, 18500.0], [86324.0, 31480.0], [86325.5, 34530.0], [86328.0, 15370.0], [86328.5, 13220.0]]}}}
{"jsonrpc": "2.0", "method": "subscription", "params": {"channel": "book.BTC-PERPETUAL.none.20.100ms", "data": {"timestamp": 1763875371580, "change_id": 128644828193, "instrument_name": "BTC-PERPETUAL", "bids": [[86304.0, 46880.0], [86300.0, 20.0], [86297.5, 5970.0], [86297.0, 20000.0], [86296.5, 11320.0], [86294.5, 26000.0], [86294.0, 20.0], [86292.5, 3820.0], [86292.0, 10990.0], [86291.5, 11680.0], [86291.0, 490.0], [86290.5, 10990.0], [86290.0, 10000.0], [86287.5, 25990.0], [86287.0, 27240.0], [86285.0, 9230.0], [86284.5, 59980.0], [86284.0, 26000.0], [86283.5, 5000.0], [86283.0, 25000.0]], "asks": [[86304.5, 110310.0], [86305.0, 13670.0], [86306.0, 3820.0], [86308.0, 21990.0], [86308.5, 20990.0], [86310.0, 500.0], [86310.5, 65830.0], [86311.0, 26000.0], [86314.0, 121600.0], [86315.0, 9410.0], [86315.5, 26870.0], [86317.0, 4640.0], [86319.0, 36470.0], [86320.0, 80240.0], [86320.5, 26000.0], [86323.5, 18500.0], [86324.0, 31480.0], [86325.5, 34530.0], [86328.0, 15370.0], [86328.5, 13220.0]]}}}
{"jsonrpc": "2.0", "method": "subscription", "params": {"channel": "book.BTC-PERPETUAL.none.20.100ms", "data": {"timestamp": 1763875371920, "change_id": 128644828517, "instrument_name": "BTC-PERPETUAL", "bids": [[86304.0, 46880.0], [86300.0, 20.0], [86297.5, 5970.0], [86297.0, 20000.0], [86296.5, 11320.0], [86294.5, 26000.0], [86294.0, 20.0], [86293.0, 490.0], [86292.5, 3820.0], [86292.0, 10990.0], [86291.5, 11680.0], [86291.0, 10990.0], [86290.5, 10000.0], [86287.5, 25990.0], [86287.0, 27240.0], [86285.5, 59980.0], [86285.0, 9230.0], [86284.0, 26000.0], [86283.0, 25000.0], [86282.5, 40.0]], "asks": [[86304.5, 132410.0], [86305.0, 7850.0], [86306.0, 3820.0], [86308.0, 21990.0], [86310.5, 51150.0], [86311.0, 26000.0], [86313.5, 500.0], [86314.0, 61600.0], [86315.0, 26110.0], [86315.5, 26870.0], [86317.0, 4640.0], [86318.0, 9240.0], [86318.5, 60000.0], [86319.0, 36470.0], [86320.0, 71000.0], [86320.5, 26000.0], [86323.5, 18500.0], [86324.0, 31480.0], [86325.5, 34530.0], [86328.0, 15370.0]]}}}
{"jsonrpc": "2.0", "method": "subscription", "params": {"channel": "book.BTC-PERPETUAL.none.20.100ms", "data": {"timestamp": 1763875372250, "change_id": 128644829074, "instrument_name": "BTC-PERPETUAL", "bids": [[86304.0, 46880.0], [86300.0, 20.0], [86297.5, 5970.0], [86297.0, 20000.0], [86296.5, 11320.0], [86294.5, 26000.0], [86294.0, 20.0], [86292.5, 4310.0], [86291.5, 11680.0], [86291.0, 21980.0], [86290.5, 10000.0], [86287.5, 25990.0], [86287.0, 27240.0], [86285.5, 59980.0], [86285.0, 9230.0], [86284.0, 26000.0], [86283.0, 25000.0], [86282.5, 5040.0], [86282.0, 60.0], [86280.5, 10300.0]], "asks": [[86304.5, 135370.0], [86305.0, 7850.0], [86306.0, 3820.0], [86309.5, 10990.0], [86310.0, 11000.0], [86310.5, 51650.0], [86311.0, 26000.0], [86314.0, 61600.0], [86314.5, 30070.0], [86315.0, 60000.0], [86315.5, 26870.0], [86317.0, 4640.0], [86318.0, 9240.0], [86319.0, 21190.0], [86319.5, 26000.0], [86320.0, 45000.0], [86320.5, 26000.0], [86323.5, 18500.0], [86324.0, 31480.0], [86325.5, 34530.0]]}}}
{"jsonrpc": "2.0", "method": "subscription", "params": {"channel": "book.BTC-PERPETUAL.none.20.100ms", "data": {"timestamp": 1763875372579, "change_id": 128644829556, "instrument_name": "BTC-PERPETUAL", "bids": [[86304.0, 66880.0], [86301.0, 10330.0], [86300.5, 34600.0], [86300.0, 20.0], [86296.5, 21930.0], [86295.0, 37470.0], [86294.5, 26000.0], [86294.0, 20.0], [86293.5, 10990.0], [86292.5, 3820.0], [86291.5, 16410.0], [86288.5, 59980.0], [86288.0, 9230.0], [86287.5, 15220.0], [86287.0, 25000.0], [86284.0, 26000.0], [86282.5, 5040.0], [86282.0, 60.0], [86280.5, 10300.0], [86280.0, 34510.0]], "asks": [[86304.5, 110970.0], [86305.0, 7850.0], [86306.0, 3820.0], [86309.0, 20990.0], [86310.5, 13460.0], [86311.0, 26000.0], [86313.0, 21990.0], [86313.5, 500.0], [86314.5, 49320.0], [86315.0, 25000.0], [86315.5, 26870.0], [86316.5, 61600.0], [86317.0, 4640.0], [86318.5, 60000.0], [86319.0, 21190.0], [86320.0, 45000.0], [86320.5, 26000.0], [86323.0, 9240.0], [86323.5, 18500.0], [86324.0, 31480.0]]}}}
{"jsonrpc": "2.0", "method": "subscription", "params": {"channel": "book.BTC-PERPETUAL.none.20.100ms", "data": {"timestamp": 1763875372914, "change_id": 128644830112, "instrument_name": "BTC-PERPETUAL", "bids": [[86304.0, 70630.0], [86301.5, 3280.0], [86301.0, 21320.0], [86300.5, 34600.0], [86300.0, 20.0], [86296.5, 21710.0], [86296.0, 37470.0], [86295.0, 9230.0], [86294.5, 26000.0], [86294.0, 20.0], [86290.0, 17900.0], [86289.5, 59980.0], [86287.5, 7760.0], [86284.0, 26000.0], [86282.5, 5040.0], [86282.0, 60.0], [86281.5, 25000.0], [86280.5, 10300.0], [86280.0, 34510.0], [86279.5, 79510.0]], "asks": [[86304.5, 90930.0], [86305.0, 3980.0], [86306.0, 3820.0], [86310.0, 10000.0], [86310.5, 19020.0], [86311.0, 26000.0], [86312.5, 20990.0], [86313.5, 10990.0], [86314.5, 12690.0], [86315.0, 500.0], [86315.5, 26870.0], [86317.0, 4640.0], [86318.0, 11000.0], [86319.0, 52840.0], [86319.5, 60000.0], [86320.0, 45000.0], [86320.5, 26000.0], [86323.0, 61600.0], [86323.5, 27860.0], [86324.0, 31480.0]]}}}
{"jsonrpc": "2.0", "method": "subscription", "params": {"channel": "book.BTC-PERPETUAL.none.20.100ms", "data": {"timestamp": 1763875373220, "change_id": 128644830720, "instrument_name": "BTC-PERPETUAL", "bids": [[86304.0, 70630.0], [86301.5, 10620.0], [86301.0, 53750.0], [86300.5, 34600.0], [86300.0, 20.0], [86297.5, 10990.0], [86297.0, 9720.0], [86296.5, 7770.0], [86294.5, 26000.0], [86294.0, 20.0], [86291.0, 17900.0], [86288.0, 59980.0], [86287.5, 7760.0], [86284.0, 26000.0], [86282.5, 40.0], [86282.0, 25060.0], [86280.5, 10300.0], [86280.0, 34510.0], [86279.5, 79510.0], [86277.5, 22630.0]], "asks": [[86304.5, 88040.0], [86305.0, 3980.0], [86306.0, 3820.0], [86306.5, 1000.0], [86310.0, 10000.0], [86310.5, 11190.0], [86311.0, 26000.0], [86314.5, 24170.0], [86315.0, 20990.0], [86315.5, 26870.0], [86317.0, 4640.0], [86318.5, 11000.0], [86319.0, 52840.0], [86319.5, 60000.0], [86320.0, 45000.0], [86320.5, 26000.0], [86323.0, 61600.0], [86323.5, 12150.0], [86324.0, 31480.0], [86328.0, 15370.0]]}}}
{"jsonrpc": "2.0", "method": "subscription", "params": {"channel": "book.BTC-PERPETUAL.none.20.100ms", "data": {"timestamp": 1763875373579, "change_id": 128644831174, "instrument_name": "BTC-PERPETUAL", "bids": [[86304.0, 101330.0], [86302.5, 5850.0], [86301.0, 10000.0], [86300.0, 20.0], [86298.5, 24930.0], [86298.0, 25990.0], [86297.5, 10990.0], [86297.0, 490.0], [86296.5, 7770.0], [86295.0, 9230.0], [86294.5, 26000.0], [86294.0, 20.0], [86292.0, 19400.0], [86288.0, 64980.0], [86287.5, 7760.0], [86284.0, 26000.0], [86282.5, 40.0], [86282.0, 25060.0], [86280.5, 10300.0], [86280.0, 34510.0]], "asks": [[86304.5, 88340.0], [86305.0, 3980.0], [86305.5, 750.0], [86306.0, 3820.0], [86310.0, 10000.0], [86310.5, 11190.0], [86311.0, 26000.0], [86314.5, 23680.0], [86315.0, 21490.0], [86315.5, 26870.0], [86317.0, 4640.0], [86318.5, 11000.0], [86319.0, 39100.0], [86319.5, 60000.0], [86320.0, 45000.0], [86320.5, 26000.0], [86322.0, 61600.0], [86328.0, 15370.0], [86328.5, 13220.0], [86329.0, 9240.0]]}}}
{"jsonrpc": "2.0", "method": "subscription", "params": {"channel": "book.BTC-PERPETUAL.none.20.100ms", "data": {"timestamp": 1763875373904, "change_id": 128644831573, "instrument_name": "BTC-PERPETUAL", "bids": [[86304.0, 80630.0], [86300.0, 20.0], [86296.5, 20070.0], [86295.5, 20990.0], [86295.0, 25990.0], [86294.5, 26000.0], [86294.0, 20.0], [86292.5, 11480.0], [86292.0, 9860.0], [86289.5, 25000.0], [86288.5, 9230.0], [86287.5, 24670.0], [86284.5, 59980.0], [86284.0, 26000.0], [86282.5, 40.0], [86282.0, 60.0], [86280.5, 10300.0], [86280.0, 34510.0], [86279.5, 79510.0], [86277.0, 1000.0]], "asks": [[86304.5, 80090.0], [86305.0, 9860.0], [86305.5, 10000.0], [86306.0, 3820.0], [86309.5, 20990.0], [86310.0, 20500.0], [86310.5, 10990.0], [86311.0, 26000.0], [86313.0, 25000.0], [86313.5, 11000.0], [86314.0, 490.0], [86314.5, 35240.0], [86315.5, 26870.0], [86317.0, 4640.0], [86317.5, 60000.0], [86318.0, 61600.0], [86319.0, 33710.0], [86320.0, 45000.0], [86320.5, 26000.0], [86323.0, 9240.0]]}}}
{"jsonrpc": "2.0", "method": "subscription", "params": {"channel": "book.BTC-PERPETUAL.none.20.100ms", "data": {"timestamp": 1763875374239, "change_id": 128644832163, "instrument_name": "BTC-PERPETUAL", "bids": [[86304.0, 80630.0], [86300.0, 20.0], [86298.5, 2990.0], [86298.0, 10000.0], [86296.5, 20070.0], [86295.0, 10990.0], [86294.5, 26000.0], [86294.0, 20.0], [86293.5, 25990.0], [86292.5, 11480.0], [86292.0, 10220.0], [86290.5, 9230.0], [86288.5, 25000.0], [86287.5, 26170.0], [86286.5, 5000.0], [86284.5, 59980.0], [86284.0, 26000.0], [86282.5, 40.0], [86282.0, 60.0], [86280.5, 10300.0]], "asks": [[86304.5, 85100.0], [86305.0, 9860.0], [86305.5, 10000.0], [86306.0, 3820.0], [86309.5, 20990.0], [86310.0, 11190.0], [86310.5, 11480.0], [86311.0, 26000.0], [86312.0, 11000.0], [86314.5, 35240.0], [86315.0, 121600.0], [86315.5, 26870.0], [86317.0, 4640.0], [86319.0, 36470.0], [86320.0, 45000.0], [86320.5, 26000.0], [86321.5, 25000.0], [86323.0, 35240.0], [86328.0, 22790.0], [86328.5, 47750.0]]}}}
{"jsonrpc": "2.0", "method": "subscription", "params": {"channel": "book.BTC-PERPETUAL.none.20.100ms", "data": {"timestamp": 1763875374567, "change_id": 128644832748, "instrument_name": "BTC-PERPETUAL", "bids": [[86304.0, 46810.0], [86300.0, 20.0], [86299.0, 3820.0], [86297.5, 8960.0], [86296.5, 37910.0], [86294.5, 26000.0], [86294.0, 20.0], [86293.5, 490.0], [86290.5, 13330.0], [86290.0, 36980.0], [86289.0, 10990.0], [86287.5, 26170.0], [86286.5, 5000.0], [86285.0, 9230.0], [86284.5, 59980.0], [86284.0, 26000.0], [86282.5, 40.0], [86282.0, 60.0], [86280.5, 10300.0], [86280.0, 34510.0]], "asks": [[86304.5, 121400.0], [86305.0, 9810.0], [86305.5, 10000.0], [86306.0, 3820.0], [86309.0, 21990.0], [86310.5, 25290.0], [86311.0, 26000.0], [86312.0, 500.0], [86312.5, 61600.0], [86314.5, 26110.0], [86315.5, 26870.0], [86316.0, 60000.0], [86317.0, 4640.0], [86318.0, 26000.0], [86319.0, 36470.0], [86319.5, 9240.0], [86320.0, 45000.0], [86320.5, 26000.0], [86321.5, 25000.0], [86328.0, 22790.0]]}}}
{"jsonrpc": "2.0", "method": "subscription", "params": {"channel": "book.BTC-PERPETUAL.none.20.100ms", "data": {"timestamp": 1763875374864, "change_id": 128644833060, "instrument_name": "BTC-PERPETUAL", "bids": [[86304.0, 26810.0], [86300.0, 20.0], [86299.0, 3820.0], [86298.5, 13780.0], [86296.5, 57910.0], [86294.5, 26000.0], [86294.0, 20.0], [86291.0, 490.0], [86290.5, 25310.0], [86290.0, 10990.0], [86288.0, 25990.0], [86287.5, 10520.0], [86285.0, 9230.0], [86284.0, 26000.0], [86282.5, 40.0], [86282.0, 5000.0], [86281.0, 59980.0], [86280.5, 10300.0], [86280.0, 34510.0], [86279.5, 34510.0]], "asks": [[86304.5, 112090.0], [86305.5, 10000.0], [86306.0, 3820.0], [86308.5, 25600.0], [86309.0, 21990.0], [86310.0, 61600.0], [86310.5, 25670.0], [86311.0, 26000.0], [86314.0, 59990.0], [86314.5, 18420.0], [86315.5, 26870.0], [86316.0, 25000.0], [86317.0, 4640.0], [86318.5, 9240.0], [86319.0, 36470.0], [86319.5, 26000.0], [86320.0, 45000.0], [86320.5, 26000.0], [86328.0, 22790.0], [86328.5, 47750.0]]}}}
{"jsonrpc": "2.0", "method": "subscription", "params": {"channel": "book.BTC-PERPETUAL.none.20.100ms", "data": {"timestamp": 1763875375226, "change_id": 128644833720, "instrument_name": "BTC-PERPETUAL", "bids": [[86304.0, 46810.0], [86300.0, 20.0], [86299.0, 3820.0], [86298.5, 8960.0], [86296.5, 37910.0], [86294.5, 26000.0], [86294.0, 20.0], [86292.0, 14470.0], [86291.0, 490.0], [86288.5, 21980.0], [86288.0, 25990.0], [86287.5, 10520.0], [86285.0, 9230.0], [86284.0, 26000.0], [86282.5, 40.0], [86282.0, 64980.0], [86280.0, 34510.0], [86277.0, 1000.0], [86276.0, 13000.0], [86275.5, 25000.0]], "asks": [[86304.5, 136870.0], [86305.5, 7270.0], [86306.0, 3820.0], [86307.5, 11000.0], [86308.0, 10990.0], [86309.5, 500.0], [86310.5, 40780.0], [86311.0, 26000.0], [86313.5, 61600.0], [86314.0, 60000.0], [86314.5, 18420.0], [86315.5, 26870.0], [86316.5, 25000.0], [86317.0, 4640.0], [86318.0, 26000.0], [86318.5, 9240.0], [86319.0, 21190.0], [86320.0, 45000.0], [86320.5, 26000.0], [86328.0, 32120.0]]}}}
{"jsonrpc": "2.0", "method": "subscription", "params": {"channel": "book.BTC-PERPETUAL.none.20.100ms", "data": {"timestamp": 1763875375560, "change_id": 128644834145, "instrument_name": "BTC-PERPETUAL", "bids": [[86304.0, 46810.0], [86300.0, 22090.0], [86299.5, 40100.0], [86299.0, 3820.0], [86296.5, 37910.0], [86294.5, 26000.0], [86294.0, 20.0], [86292.0, 14470.0], [86289.5, 490.0], [86289.0, 10990.0], [86288.5, 10990.0], [86288.0, 25990.0], [86287.5, 27080.0], [86285.5, 25000.0], [86285.0, 9230.0], [86284.0, 26000.0], [86283.0, 59980.0], [86282.5, 40.0], [86282.0, 5000.0], [86280.0, 34510.0]], "asks": [[86304.5, 133010.0], [86305.5, 7270.0], [86306.0, 3820.0], [86308.0, 10990.0], [86309.5, 11000.0], [86310.0, 500.0], [86310.5, 40780.0], [86311.0, 26000.0], [86312.5, 61600.0], [86313.0, 60000.0], [86314.5, 18420.0], [86315.5, 26870.0], [86317.0, 4640.0], [86317.5, 9240.0], [86318.0, 26000.0], [86319.0, 21190.0], [86320.0, 45000.0], [86320.5, 26000.0], [86323.0, 26690.0], [86323.5, 7460.0]]}}}
{"jsonrpc": "2.0", "method": "subscription", "params": {"channel": "book.BTC-PERPETUAL.none.20.100ms", "data": {"timestamp": 1763875375893, "change_id": 128644834497, "instrument_name": "BTC-PERPETUAL", "bids": [[86304.0, 76810.0], [86300.0, 13130.0], [86299.5, 40100.0], [86299.0, 3820.0], [86296.5, 20380.0], [86295.0, 10990.0], [86294.5, 26000.0], [86294.0, 20.0], [86292.5, 36980.0], [86291.0, 2900.0], [86289.0, 9230.0], [86288.5, 490.0], [86287.5, 31020.0], [86287.0, 25000.0], [86284.5, 59980.0], [86284.0, 26000.0], [86283.0, 60.0], [86282.5, 40.0], [86280.0, 79510.0], [86277.0, 1000.0]], "asks": [[86304.5, 112000.0], [86305.5, 7270.0], [86306.0, 3820.0], [86309.0, 20990.0], [86310.0, 490.0], [86310.5, 38530.0], [86311.0, 26000.0], [86313.5, 11000.0], [86314.0, 60000.0], [86314.5, 32770.0], [86315.5, 26870.0], [86316.5, 61600.0], [86317.0, 4640.0], [86319.0, 34210.0], [86320.0, 45000.0], [86320.5, 26000.0], [86322.5, 9240.0], [86323.0, 26690.0], [86323.5, 26000.0], [86328.0, 32120.0]]}}}
{"jsonrpc": "2.0", "method": "subscription", "params": {"channel": "book.BTC-PERPETUAL.none.20.100ms", "data": {"timestamp": 1763875376221, "change_id": 128644835154, "instrument_name": "BTC-PERPETUAL", "bids": [[86304.0, 46810.0], [86300.0, 3840.0], [86297.5, 8960.0], [86297.0, 30000.0], [86296.5, 7770.0], [86295.5, 10000.0], [86294.5, 26000.0], [86294.0, 20.0], [86292.0, 15860.0], [86291.5, 10990.0], [86288.5, 37470.0], [86287.5, 24550.0], [86285.5, 25000.0], [86284.0, 26000.0], [86283.5, 5000.0], [86283.0, 60.0], [86282.5, 40.0], [86281.5, 59980.0], [86280.0, 79510.0], [86277.0, 1000.0]], "asks": [[86304.5, 115250.0], [86305.5, 13190.0], [86306.0, 3820.0], [86308.0, 490.0], [86308.5, 21990.0], [86309.0, 20990.0], [86310.5, 40540.0], [86311.0, 26000.0], [86313.0, 60000.0], [86313.5, 61600.0], [86315.0, 9410.0], [86315.5, 26870.0], [86317.0, 4640.0], [86319.0, 34210.0], [86319.5, 9240.0], [86320.0, 71000.0], [86320.5, 26000.0], [86321.0, 25000.0], [86323.0, 26690.0], [86328.0, 32120.0]]}}}
{"jsonrpc": "2.0", "method": "subscription", "params": {"channel": "book.BTC-PERPETUAL.none.20.100ms", "data": {"timestamp": 1763875376523, "change_id": 128644835510, "instrument_name": "BTC-PERPETUAL", "bids": [[86304.0, 46810.0], [86300.0, 3840.0], [86297.5, 8960.0], [86297.0, 30000.0], [86296.5, 13040.0], [86295.5, 10000.0], [86294.5, 26000.0], [86294.0, 20.0], [86292.0, 10660.0], [86289.5, 22470.0], [86289.0, 25990.0], [86287.5, 15320.0], [86285.5, 25000.0], [86284.5, 9230.0], [86284.0, 26000.0], [86283.5, 5000.0], [86283.0, 60.0], [86282.5, 40.0], [86280.5, 59980.0], [86280.0, 79510.0]], "asks": [[86304.5, 112280.0], [86305.5, 13190.0], [86306.0, 3820.0], [86307.5, 31980.0], [86308.0, 11490.0], [86310.5, 40540.0], [86311.0, 26000.0], [86312.5, 60000.0], [86313.0, 25000.0], [86313.5, 61600.0], [86315.0, 9410.0], [86315.5, 26870.0], [86317.0, 4640.0], [86319.0, 34210.0], [86319.5, 9240.0], [86320.0, 71000.0], [86320.5, 26000.0], [86323.0, 26690.0], [86328.0, 32120.0], [86328.5, 47750.0]]}}}
{"jsonrpc": "2.0", "method": "subscription", "params": {"channel": "book.BTC-PERPETUAL.none.20.100ms", "data": {"timestamp": 1763875376870, "change_id": 128644835753, "instrument_name": "BTC-PERPETUAL", "bids": [[86304.0, 46810.0], [86300.0, 3840.0], [86297.5, 8960.0], [86297.0, 30000.0], [86296.5, 7770.0], [86294.5, 26000.0], [86294.0, 20.0], [86292.0, 10660.0], [86290.5, 10990.0], [86290.0, 10990.0], [86289.0, 25990.0], [86288.0, 490.0], [86287.5, 15320.0], [86284.5, 9230.0], [86284.0, 26000.0], [86283.5, 5000.0], [86283.0, 60.0], [86282.5, 40.0], [86280.5, 84980.0], [86280.0, 79510.0]], "asks": [[86304.5, 112020.0], [86305.5, 13190.0], [86306.0, 3820.0], [86307.0, 490.0], [86307.5, 20990.0], [86309.5, 11000.0], [86310.0, 10990.0], [86310.5, 40540.0], [86311.0, 26000.0], [86312.5, 60000.0], [86313.0, 25000.0], [86313.5, 61600.0], [86315.0, 9410.0], [86315.5, 26870.0], [86317.0, 4640.0], [86319.0, 34210.0], [86319.5, 9240.0], [86320.0, 71000.0], [86320.5, 26000.0], [86323.0, 26690.0]]}}}
{"jsonrpc": "2.0", "method": "subscription", "params": {"channel": "book.BTC-PERPETUAL.none.20.100ms", "data": {"timestamp": 1763875377216, "change_id": 128644836317, "instrument_name": "BTC-PERPETUAL", "bids": [[86304.0, 46810.0], [86300.0, 20.0], [86297.5, 12780.0], [86297.0, 30000.0], [86296.5, 7770.0], [86294.5, 26000.0], [86294.0, 20.0], [86292.0, 13460.0], [86290.0, 47970.0], [86288.0, 490.0], [86287.5, 10530.0], [86284.5, 9230.0], [86284.0, 26000.0], [86283.0, 60.0], [86282.5, 40.0], [86281.5, 49100.0], [86281.0, 59980.0], [86280.5, 25000.0], [86280.0, 79510.0], [86277.0, 1000.0]], "asks": [[86304.5, 109750.0], [86305.5, 13190.0], [86306.0, 3820.0], [86306.5, 490.0], [86307.0, 10990.0], [86307.5, 20990.0], [86309.5, 11000.0], [86310.5, 40540.0], [86311.0, 26000.0], [86312.5, 60000.0], [86313.0, 25000.0], [86313.5, 61600.0], [86315.0, 9410.0], [86315.5, 26870.0], [86317.0, 4640.0], [86319.0, 34210.0], [86319.5, 9240.0], [86320.0, 71000.0], [86320.5, 26000.0], [86323.0, 26690.0]]}}}
{"jsonrpc": "2.0", "method": "subscription", "params": {"channel": "book.BTC-PERPETUAL.none.20.100ms", "data": {"timestamp": 1763875377536, "change_id": 128644836716, "instrument_name": "BTC-PERPETUAL", "bids": [[86304.0, 46810.0], [86300.0, 20.0], [86297.5, 12780.0], [86297.0, 30000.0], [86296.5, 7770.0], [86294.5, 26000.0], [86294.0, 20.0], [86292.0, 13460.0], [86291.0, 21980.0], [86289.5, 25990.0], [86288.0, 490.0], [86287.5, 10530.0], [86284.5, 9230.0], [86284.0, 26000.0], [86283.0, 60.0], [86282.5, 40.0], [86281.0, 59980.0], [86280.5, 25000.0], [86280.0, 79510.0], [86277.0, 1000.0]], "asks": [[86304.5, 130730.0], [86305.5, 7270.0], [86306.0, 3820.0], [86306.5, 490.0], [86307.0, 10990.0], [86310.0, 11000.0], [86310.5, 40540.0], [86311.0, 26000.0], [86312.0, 61600.0], [86312.5, 60000.0], [86313.0, 25000.0], [86315.0, 9410.0], [86315.5, 26870.0], [86317.0, 4640.0], [86319.0, 34210.0], [86319.5, 9240.0], [86320.0, 71000.0], [86320.5, 26000.0], [86323.0, 26690.0], [86328.0, 32120.0]]}}}
{"jsonrpc": "2.0", "method": "subscription", "params": {"channel": "book.BTC-PERPETUAL.none.20.100ms", "data": {"timestamp": 1763875377862, "change_id": 128644836965, "instrument_name": "BTC-PERPETUAL", "bids": [[86304.0, 46810.0], [86300.0, 20.0], [86297.5, 12780.0], [86297.0, 30000.0], [86296.5, 7770.0], [86294.5, 26000.0], [86294.0, 20.0], [86292.0, 13460.0], [86290.5, 10990.0], [86288.5, 11480.0], [86288.0, 25990.0], [86287.5, 18140.0], [86285.0, 25000.0], [86284.5, 9230.0], [86284.0, 26000.0], [86283.5, 5000.0], [86283.0, 60.0], [86282.5, 40.0], [86281.0, 59980.0], [86280.0, 79510.0]], "asks": [[86304.5, 130720.0], [86305.5, 7270.0], [86306.0, 3820.0], [86309.5, 22480.0], [86310.5, 40540.0], [86311.0, 26000.0], [86312.0, 61600.0], [86312.5, 85000.0], [86315.0, 9410.0], [86315.5, 26870.0], [86317.0, 4640.0], [86319.0, 34210.0], [86319.5, 9240.0], [86320.0, 71000.0], [86320.5, 26000.0], [86323.0, 26690.0], [86328.0, 32120.0], [86328.5, 47750.0], [86330.0, 2440.0], [86331.0, 6630.0]]}}}
{"jsonrpc": "2.0", "method": "subscription", "params": {"channel": "book.BTC-PERPETUAL.none.20.100ms", "data": {"timestamp": 1763875378211, "change_id": 128644837667, "instrument_name": "BTC-PERPETUAL", "bids": [[86304.0, 3440.0], [86300.0, 20.0], [86294.0, 20.0], [86292.0, 3820.0], [86290.0, 20000.0], [86289.5, 5970.0], [86289.0, 20000.0], [86287.5, 17070.0], [86285.0, 47970.0], [86284.5, 490.0], [86284.0, 26000.0], [86282.5, 40.0], [86281.0, 9230.0], [86279.5, 17900.0], [86279.0, 59980.0], [86277.0, 1000.0], [86276.0, 13000.0], [86275.0, 240.0], [86273.5, 60.0], [86273.0, 4250.0]], "asks": [[86304.5, 171830.0], [86305.0, 19380.0], [86306.0, 3820.0], [86308.5, 121590.0], [86309.5, 25000.0], [86310.0, 33130.0], [86311.0, 26000.0], [86314.5, 29160.0], [86315.0, 26000.0], [86315.5, 26870.0], [86317.0, 4640.0], [86319.0, 34210.0], [86320.0, 45000.0], [86320.5, 26000.0], [86323.0, 26690.0], [86328.0, 32120.0], [86328.5, 47750.0], [86330.0, 2440.0], [86331.0, 6630.0], [86332.0, 26000.0]]}}}
{"jsonrpc": "2.0", "method": "subscription", "params": {"channel": "book.BTC-PERPETUAL.none.20.100ms", "data": {"timestamp": 1763875378541, "change_id": 128644838346, "instrument_name": "BTC-PERPETUAL", "bids": [[86304.0, 3440.0], [86300.0, 20.0], [86294.0, 20.0], [86290.0, 20000.0], [86289.5, 5970.0], [86289.0, 20000.0], [86287.5, 17070.0], [86286.0, 10990.0], [86285.0, 10990.0], [86284.0, 26000.0], [86282.5, 40.0], [86280.5, 7900.0], [86280.0, 26480.0], [86278.0, 22150.0], [86277.5, 69210.0], [86277.0, 1000.0], [86276.0, 13000.0], [86275.0, 240.0], [86273.5, 60.0], [86273.0, 4250.0]], "asks": [[86304.5, 268880.0], [86305.0, 14460.0], [86306.0, 3820.0], [86309.5, 60000.0], [86310.5, 19760.0], [86311.0, 26000.0], [86314.0, 3190.0], [86314.5, 19920.0], [86315.0, 26000.0], [86315.5, 26870.0], [86316.5, 25000.0], [86317.0, 4640.0], [86319.0, 34210.0], [86320.0, 45000.0], [86320.5, 26000.0], [86323.0, 26690.0], [86328.0, 32120.0], [86328.5, 47750.0], [86329.5, 3180.0], [86330.0, 2440.0]]}}}
{"jsonrpc": "2.0", "method": "subscription", "params": {"channel": "book.BTC-PERPETUAL.none.20.100ms", "data": {"timestamp": 1763875378867, "change_id": 128644838980, "instrument_name": "BTC-PERPETUAL", "bids": [[86304.0, 3440.0], [86300.0, 20.0], [86294.0, 20.0], [86290.0, 20000.0], [86289.5, 5970.0], [86289.0, 20000.0], [86287.5, 8900.0], [86286.0, 3820.0], [86284.0, 26000.0], [86282.5, 14360.0], [86282.0, 10990.0], [86281.5, 36980.0], [86277.5, 21430.0], [86277.0, 26000.0], [86276.0, 13000.0], [86275.0, 240.0], [86273.5, 60.0], [86273.0, 4250.0], [86271.5, 26560.0], [86271.0, 59980.0]], "asks": [[86304.5, 353900.0], [86305.0, 14370.0], [86306.0, 26520.0], [86308.0, 25000.0], [86310.0, 24600.0], [86311.0, 26000.0], [86313.5, 26000.0], [86314.0, 3190.0], [86315.0, 8180.0], [86315.5, 6000.0], [86317.0, 4640.0], [86319.0, 34210.0], [86320.0, 45000.0], [86320.5, 26000.0], [86323.0, 26690.0], [86328.5, 13220.0], [86329.5, 3180.0], [86330.0, 2440.0], [86331.0, 6630.0], [86332.0, 26000.0]]}}}
{"jsonrpc": "2.0", "method": "subscription", "params": {"channel": "book.BTC-PERPETUAL.none.20.100ms", "data": {"timestamp": 1763875379185, "change_id": 128644839608, "instrument_name": "BTC-PERPETUAL", "bids": [[86304.0, 3440.0], [86300.0, 20.0], [86294.0, 20.0], [86290.0, 20000.0], [86289.5, 5970.0], [86289.0, 20000.0], [86287.5, 8900.0], [86286.5, 3820.0], [86284.0, 26000.0], [86282.5, 40.0], [86280.0, 13530.0], [86279.0, 25990.0], [86278.5, 21980.0], [86277.5, 490.0], [86276.5, 3950.0], [86276.0, 13000.0], [86275.0, 240.0], [86273.5, 60.0], [86273.0, 29250.0], [86272.5, 33430.0]], "asks": [[86304.5, 363350.0], [86305.0, 24060.0], [86306.0, 26520.0], [86306.5, 25000.0], [86309.5, 35240.0], [86310.0, 8710.0], [86311.0, 26000.0], [86314.0, 3190.0], [86315.0, 8180.0], [86315.5, 6000.0], [86317.0, 4640.0], [86319.0, 21190.0], [86320.0, 45000.0], [86320.5, 26000.0], [86328.5, 13220.0], [86329.5, 3180.0], [86330.0, 2440.0], [86331.0, 6630.0], [86332.0, 26000.0], [86332.5, 69820.0]]}}}
{"jsonrpc": "2.0", "method": "subscription", "params": {"channel": "book.BTC-PERPETUAL.none.20.100ms", "data": {"timestamp": 1763875379520, "change_id": 128644840086, "instrument_name": "BTC-PERPETUAL", "bids": [[86304.0, 3440.0], [86300.0, 20.0], [86294.0, 20.0], [86290.5, 11940.0], [86290.0, 20000.0], [86289.0, 20000.0], [86287.5, 8900.0], [86286.5, 3820.0], [86284.0, 26000.0], [86282.5, 40.0], [86278.0, 18420.0], [86277.5, 22470.0], [86276.5, 25990.0], [86276.0, 13000.0], [86275.0, 240.0], [86273.5, 37510.0], [86273.0, 29250.0], [86272.0, 9230.0], [86271.0, 60980.0], [86270.5, 26000.0]], "asks": [[86304.5, 366550.0], [86305.0, 24060.0], [86305.5, 26000.0], [86306.0, 35760.0], [86306.5, 25000.0], [86310.0, 8710.0], [86311.0, 26000.0], [86314.0, 3190.0], [86315.0, 3180.0], [86315.5, 6000.0], [86317.0, 4640.0], [86319.0, 21190.0], [86320.0, 45000.0], [86320.5, 26000.0], [86328.5, 13220.0], [86329.5, 3180.0], [86330.0, 2440.0], [86331.0, 6630.0], [86332.0, 26000.0], [86332.5, 69820.0]]}}}
{"jsonrpc": "2.0", "method": "subscription", "params": {"channel": "book.BTC-PERPETUAL.none.20.100ms", "data": {"timestamp": 1763875379862, "change_id": 128644840326, "instrument_name": "BTC-PERPETUAL", "bids": [[86304.0, 3440.0], [86300.0, 20.0], [86294.0, 20.0], [86290.5, 11940.0], [86290.0, 20000.0], [86289.0, 20000.0], [86287.5, 8900.0], [86286.5, 13820.0], [86284.0, 26000.0], [86282.5, 40.0], [86278.0, 18910.0], [86277.5, 21980.0], [86276.5, 25990.0], [86276.0, 13000.0], [86275.0, 240.0], [86273.5, 62510.0], [86273.0, 4250.0], [86272.5, 59980.0], [86272.0, 9230.0], [86271.0, 1000.0]], "asks": [[86304.5, 375670.0], [86305.0, 24060.0], [86305.5, 26000.0], [86306.0, 26520.0], [86306.5, 25000.0], [86310.0, 17900.0], [86311.0, 26000.0], [86312.5, 34520.0], [86314.0, 3190.0], [86315.0, 3180.0], [86315.5, 6000.0], [86317.0, 4640.0], [86319.0, 21190.0], [86320.0, 45000.0], [86320.5, 26000.0], [86327.5, 1490.0], [86328.0, 5000.0], [86328.5, 13220.0], [86329.5, 3180.0], [86330.0, 2440.0]]}}}
{"jsonrpc": "2.0", "method": "subscription", "params": {"channel": "book.BTC-PERPETUAL.none.20.100ms", "data": {"timestamp": 1763875380184, "change_id": 128644840909, "instrument_name": "BTC-PERPETUAL", "bids": [[86304.0, 3440.0], [86300.0, 20.0], [86294.0, 20.0], [86290.0, 20000.0], [86287.5, 8900.0], [86286.0, 3820.0], [86284.0, 26000.0], [86282.5, 6010.0], [86282.0, 20000.0], [86278.0, 10660.0], [86277.5, 10990.0], [86277.0, 490.0], [86276.0, 13000.0], [86275.0, 240.0], [86274.0, 10990.0], [86273.5, 37450.0], [86273.0, 30240.0], [86272.5, 59980.0], [86272.0, 5000.0], [86271.0, 26000.0]], "asks": [[86304.5, 401500.0], [86305.0, 14370.0], [86305.5, 25000.0], [86306.0, 26520.0], [86310.0, 17900.0], [86311.0, 26000.0], [86312.5, 34520.0], [86314.0, 3190.0], [86315.0, 13070.0], [86315.5, 6000.0], [86317.0, 4640.0], [86318.0, 34520.0], [86319.0, 21190.0], [86320.0, 45000.0], [86320.5, 26000.0], [86327.5, 1490.0], [86328.0, 5000.0], [86328.5, 13220.0], [86329.0, 19750.0], [86329.5, 3180.0]]}}}
{"jsonrpc": "2.0", "method": "subscription", "params": {"channel": "book.BTC-PERPETUAL.none.20.100ms", "data": {"timestamp": 1763875380525, "change_id": 128644841414, "instrument_name": "BTC-PERPETUAL", "bids": [[86304.0, 3440.0], [86300.0, 20.0], [86294.0, 20.0], [86290.0, 20000.0], [86287.5, 8900.0], [86286.0, 3820.0], [86284.0, 26000.0], [86282.5, 8530.0], [86282.0, 20000.0], [86278.5, 10990.0], [86278.0, 7380.0], [86276.5, 490.0], [86276.0, 13000.0], [86275.0, 240.0], [86274.0, 10990.0], [86273.5, 37450.0], [86273.0, 30240.0], [86272.0, 5000.0], [86271.5, 59980.0], [86271.0, 35230.0]], "asks": [[86304.5, 396170.0], [86305.0, 14370.0], [86305.5, 25000.0], [86306.0, 26520.0], [86310.0, 17900.0], [86311.0, 26000.0], [86312.5, 34520.0], [86314.0, 3190.0], [86315.0, 13070.0], [86315.5, 6000.0], [86317.0, 4640.0], [86318.0, 34520.0], [86319.0, 21190.0], [86320.0, 45000.0], [86320.5, 26000.0], [86327.5, 1490.0], [86328.0, 5000.0], [86328.5, 13220.0], [86329.0, 19750.0], [86329.5, 3180.0]]}}}
{"jsonrpc": "2.0", "method": "subscription", "params": {"channel": "book.BTC-PERPETUAL.none.20.100ms", "data": {"timestamp": 1763875380842, "change_id": 128644841682, "instrument_name": "BTC-PERPETUAL", "bids": [[86304.0, 3450.0], [86300.0, 20.0], [86294.0, 20.0], [86290.0, 20000.0], [86287.5, 8900.0], [86286.0, 3820.0], [86284.0, 26000.0], [86282.5, 6010.0], [86282.0, 20000.0], [86278.0, 7870.0], [86277.5, 10990.0], [86276.5, 10990.0], [86276.0, 13000.0], [86275.0, 240.0], [86273.5, 37450.0], [86273.0, 30240.0], [86272.0, 5000.0], [86271.5, 59980.0], [86271.0, 35230.0], [86270.5, 26000.0]], "asks": [[86304.5, 408290.0], [86305.0, 14370.0], [86305.5, 25000.0], [86306.0, 26520.0], [86310.0, 17900.0], [86311.0, 26000.0], [86312.5, 34520.0], [86314.0, 3190.0], [86315.0, 13070.0], [86315.5, 6000.0], [86317.0, 4640.0], [86318.0, 34520.0], [86319.0, 21190.0], [86320.0, 45000.0], [86320.5, 26000.0], [86328.5, 13220.0], [86329.0, 19750.0], [86329.5, 3180.0], [86330.0, 2440.0], [86331.0, 6630.0]]}}}
{"jsonrpc": "2.0", "method": "subscription", "params": {"channel": "book.BTC-PERPETUAL.none.20.100ms", "data": {"timestamp": 1763875381186, "change_id": 128644842170, "instrument_name": "BTC-PERPETUAL", "bids": [[86304.0, 3450.0], [86300.0, 20.0], [86294.0, 20.0], [86290.0, 20000.0], [86287.5, 8900.0], [86286.0, 3820.0], [86284.0, 26000.0], [86282.5, 6010.0], [86282.0, 20000.0], [86278.0, 17820.0], [86277.5, 10990.0], [86276.5, 36980.0], [86276.0, 13000.0], [86275.0, 240.0], [86274.0, 38940.0], [86273.5, 59980.0], [86273.0, 4250.0], [86272.0, 5000.0], [86271.0, 35230.0], [86270.5, 26000.0]], "asks": [[86304.5, 405330.0], [86305.0, 14370.0], [86305.5, 25000.0], [86306.0, 26520.0], [86310.0, 17900.0], [86311.0, 26000.0], [86312.5, 34520.0], [86314.0, 3190.0], [86315.0, 13070.0], [86315.5, 6000.0], [86317.0, 4640.0], [86318.0, 34520.0], [86319.0, 21190.0], [86320.0, 45000.0], [86320.5, 26000.0], [86324.0, 28540.0], [86324.5, 5000.0], [86325.5, 91240.0], [86328.5, 13220.0], [86329.0, 19750.0]]}}}
{"jsonrpc": "2.0", "method": "subscription", "params": {"channel": "book.BTC-PERPETUAL.none.20.100ms", "data": {"timestamp": 1763875381516, "change_id": 128644843088, "instrument_name": "BTC-PERPETUAL", "bids": [[86300.0, 30.0], [86294.0, 20.0], [86282.5, 40.0], [86281.5, 17010.0], [86281.0, 26000.0], [86280.5, 20000.0], [86279.0, 3820.0], [86278.5, 10990.0], [86278.0, 490.0], [86275.5, 6190.0], [86275.0, 20240.0], [86273.5, 10990.0], [86273.0, 4250.0], [86272.5, 26020.0], [86272.0, 25990.0], [86271.5, 59980.0], [86271.0, 1000.0], [86270.5, 51000.0], [86268.5, 20310.0], [86268.0, 9230.0]], "asks": [[86300.5, 255900.0], [86301.0, 10000.0], [86304.0, 95780.0], [86304.5, 295870.0], [86305.5, 7920.0], [86306.0, 22700.0], [86307.0, 10900.0], [86310.0, 30160.0], [86311.0, 96000.0], [86312.5, 34520.0], [86314.0, 3190.0], [86315.0, 13070.0], [86317.0, 4640.0], [86318.0, 34520.0], [86319.0, 7760.0], [86320.5, 26000.0], [86324.0, 28540.0], [86324.5, 5000.0], [86325.5, 91240.0], [86327.0, 13350.0]]}}}
{"jsonrpc": "2.0", "method": "subscription", "params": {"channel": "book.BTC-PERPETUAL.none.20.100ms", "data": {"timestamp": 1763875381845, "change_id": 128644844908, "instrument_name": "BTC-PERPETUAL", "bids": [[86294.0, 30.0], [86282.5, 40.0], [86277.5, 3820.0], [86277.0, 14610.0], [86276.0, 10990.0], [86275.0, 240.0], [86274.5, 36980.0], [86273.0, 4250.0], [86272.5, 13880.0], [86272.0, 20000.0], [86271.0, 9230.0], [86270.5, 26000.0], [86269.5, 490.0], [86269.0, 38400.0], [86266.0, 21000.0], [86265.5, 59980.0], [86265.0, 25000.0], [86262.5, 5080.0], [86260.0, 29670.0], [86259.5, 200.0]], "asks": [[86294.5, 335540.0], [86295.5, 10000.0], [86296.5, 46730.0], [86297.0, 121600.0], [86297.5, 3390.0], [86298.0, 3820.0], [86298.5, 4650.0], [86300.5, 40870.0], [86302.5, 6910.0], [86303.0, 40810.0], [86303.5, 35240.0], [86304.5, 78750.0], [86305.5, 10300.0], [86307.0, 10900.0], [86309.0, 25000.0], [86310.0, 30160.0], [86311.0, 71000.0], [86311.5, 2440.0], [86312.5, 34520.0], [86315.0, 13070.0]]}}}
{"jsonrpc": "2.0", "method": "subscription", "params": {"channel": "book.BTC-PERPETUAL.none.20.100ms", "data": {"timestamp": 1763875382163, "change_id": 128644845673, "instrument_name": "BTC-PERPETUAL", "bids": [[86294.0, 30.0], [86283.5, 2990.0], [86283.0, 10000.0], [86282.5, 40.0], [86281.5, 1140.0], [86281.0, 3820.0], [86278.0, 9320.0], [86277.5, 20000.0], [86275.5, 10990.0], [86275.0, 240.0], [86273.5, 27380.0], [86273.0, 57470.0], [86270.5, 26000.0], [86269.5, 34230.0], [86267.0, 18200.0], [86266.0, 1000.0], [86265.5, 59980.0], [86263.5, 45000.0], [86262.5, 5080.0], [86260.0, 14990.0]], "asks": [[86294.5, 357010.0], [86296.5, 46730.0], [86297.0, 61600.0], [86298.5, 4650.0], [86300.0, 60000.0], [86300.5, 8600.0], [86302.5, 23300.0], [86303.0, 34240.0], [86304.0, 26000.0], [86304.5, 17830.0], [86305.5, 3250.0], [86307.0, 10900.0], [86310.5, 21920.0], [86311.0, 71000.0], [86311.5, 2440.0], [86319.0, 12250.0], [86320.0, 5000.0], [86320.5, 26000.0], [86321.0, 13350.0], [86324.0, 28540.0]]}}}
{"jsonrpc": "2.0", "method": "subscription", "params": {"channel": "book.BTC-PERPETUAL.none.20.100ms", "data": {"timestamp": 1763875382509, "change_id": 128644846090, "instrument_name": "BTC-PERPETUAL", "bids": [[86294.0, 30.0], [86284.0, 5970.0], [86283.5, 20000.0], [86282.5, 40.0], [86281.5, 1140.0], [86281.0, 3820.0], [86278.0, 15890.0], [86276.0, 25990.0], [86275.0, 240.0], [86274.5, 21980.0], [86273.5, 27380.0], [86273.0, 20000.0], [86271.0, 9720.0], [86270.5, 26000.0], [86269.5, 25000.0], [86266.0, 1000.0], [86264.0, 59980.0], [86263.5, 45000.0], [86262.5, 5080.0], [86260.0, 14990.0]], "asks": [[86294.5, 356430.0], [86296.5, 17410.0], [86297.0, 61600.0], [86298.5, 4650.0], [86300.5, 5100.0], [86301.5, 41210.0], [86302.0, 60000.0], [86303.0, 34240.0], [86304.0, 26000.0], [86304.5, 17830.0], [86305.5, 3250.0], [86307.0, 10900.0], [86310.5, 21920.0], [86311.0, 71000.0], [86311.5, 2440.0], [86319.0, 12250.0], [86320.0, 5000.0], [86320.5, 26000.0], [86321.0, 13350.0], [86324.0, 28540.0]]}}}
{"jsonrpc": "2.0", "method": "subscription", "params": {"channel": "book.BTC-PERPETUAL.none.20.100ms", "data": {"timestamp": 1763875382834, "change_id": 128644846660, "instrument_name": "BTC-PERPETUAL", "bids": [[86294.0, 30.0], [86284.0, 5970.0], [86283.5, 20000.0], [86282.5, 40.0], [86281.5, 1140.0], [86281.0, 3820.0], [86278.0, 13200.0], [86275.0, 11230.0], [86274.5, 36980.0], [86273.5, 27380.0], [86273.0, 20000.0], [86271.5, 490.0], [86271.0, 9230.0], [86270.5, 26000.0], [86269.5, 25000.0], [86266.0, 1000.0], [86264.5, 59980.0], [86264.0, 13310.0], [86263.5, 45000.0], [86262.5, 5080.0]], "asks": [[86294.5, 356160.0], [86296.5, 17410.0], [86297.0, 61600.0], [86298.5, 4650.0], [86300.5, 5100.0], [86301.5, 41210.0], [86302.0, 60000.0], [86303.0, 25000.0], [86304.0, 9240.0], [86304.5, 17830.0], [86305.0, 26000.0], [86305.5, 13140.0], [86306.5, 34520.0], [86307.0, 10900.0], [86310.5, 21920.0], [86311.0, 71000.0], [86311.5, 2440.0], [86319.0, 12250.0], [86320.0, 5000.0], [86320.5, 26000.0]]}}}
{"jsonrpc": "2.0", "method": "subscription", "params": {"channel": "book.BTC-PERPETUAL.none.20.100ms", "data": {"timestamp": 1763875383169, "change_id": 128644847925, "instrument_name": "BTC-PERPETUAL", "bids": [[86282.5, 120.0], [86275.0, 240.0], [86265.5, 7460.0], [86264.5, 9900.0], [86262.5, 25080.0], [86261.0, 20000.0], [86260.0, 1000.0], [86257.5, 6970.0], [86257.0, 20000.0], [86253.5, 7760.0], [86253.0, 26000.0], [86252.5, 1000.0], [86252.0, 10230.0], [86250.5, 12990.0], [86247.0, 17060.0], [86246.5, 42330.0], [86245.5, 46000.0], [86245.0, 13040.0], [86242.0, 14350.0], [86240.5, 26060.0]], "asks": [[86283.0, 175510.0], [86283.5, 11820.0], [86293.0, 10000.0], [86294.0, 80470.0], [86294.5, 199130.0], [86295.0, 45000.0], [86296.5, 2910.0], [86298.0, 3820.0], [86298.5, 4650.0], [86300.5, 5100.0], [86303.5, 5320.0], [86304.5, 17830.0], [86305.5, 22180.0], [86306.0, 25000.0], [86306.5, 34520.0], [86307.0, 10900.0], [86309.0, 34520.0], [86310.5, 8490.0], [86311.0, 26000.0], [86311.5, 2440.0]]}}}
{"jsonrpc": "2.0", "method": "subscription", "params": {"channel": "book.BTC-PERPETUAL.none.20.100ms", "data": {"timestamp": 1763875383498, "change_id": 128644849367, "instrument_name": "BTC-PERPETUAL", "bids": [[86282.5, 50.0], [86275.0, 3230.0], [86274.5, 10000.0], [86271.5, 1140.0], [86271.0, 3820.0], [86267.0, 5970.0], [86266.5, 20000.0], [86264.5, 34140.0], [86264.0, 56980.0], [86263.5, 26000.0], [86263.0, 25000.0], [86262.5, 80.0], [86260.5, 490.0], [86260.0, 2760.0], [86257.5, 9230.0], [86253.5, 59980.0], [86253.0, 26000.0], [86252.5, 45000.0], [86251.5, 60.0], [86250.5, 12990.0]], "asks": [[86283.0, 201630.0], [86283.5, 43220.0], [86284.0, 370.0], [86288.0, 30690.0], [86288.5, 90290.0], [86289.5, 2510.0], [86291.0, 10000.0], [86293.0, 72250.0], [86293.5, 70840.0], [86294.5, 108230.0], [86295.0, 45000.0], [86296.5, 2910.0], [86298.0, 3820.0], [86298.5, 4650.0], [86302.5, 3180.0], [86303.5, 5320.0], [86304.5, 14350.0], [86305.5, 22180.0], [86306.5, 39520.0], [86307.0, 10900.0]]}}}
{"jsonrpc": "2.0", "method": "subscription", "params": {"channel": "book.BTC-PERPETUAL.none.20.100ms", "data": {"timestamp": 1763875383830, "change_id": 128644850033, "instrument_name": "BTC-PERPETUAL", "bids": [[86282.5, 50.0], [86275.0, 240.0], [86272.5, 7110.0], [86272.0, 20000.0], [86271.0, 3820.0], [86264.5, 34140.0], [86264.0, 30990.0], [86263.5, 51990.0], [86263.0, 25000.0], [86262.5, 80.0], [86260.5, 490.0], [86260.0, 4100.0], [86259.0, 9230.0], [86258.5, 5000.0], [86255.0, 59980.0], [86253.0, 26000.0], [86252.5, 45000.0], [86251.5, 60.0], [86250.5, 12990.0], [86247.0, 17060.0]], "asks": [[86283.0, 220100.0], [86283.5, 16850.0], [86284.0, 370.0], [86285.0, 25050.0], [86285.5, 23920.0], [86287.0, 60000.0], [86287.5, 31160.0], [86288.0, 86600.0], [86290.5, 10000.0], [86293.5, 35240.0], [86294.0, 22220.0], [86294.5, 29450.0], [86295.0, 45000.0], [86296.5, 2910.0], [86298.0, 3820.0], [86298.5, 4650.0], [86303.5, 5320.0], [86304.5, 14310.0], [86305.5, 22180.0], [86306.5, 39520.0]]}}}
{"jsonrpc": "2.0", "method": "subscription", "params": {"channel": "book.BTC-PERPETUAL.none.20.100ms", "data": {"timestamp": 1763875384162, "change_id": 128644850669, "instrument_name": "BTC-PERPETUAL", "bids": [[86282.5, 50.0], [86275.0, 240.0], [86272.5, 7110.0], [86272.0, 20000.0], [86271.0, 3820.0], [86264.5, 43190.0], [86264.0, 30990.0], [86263.5, 51990.0], [86263.0, 25000.0], [86262.5, 80.0], [86261.0, 9230.0], [86260.5, 490.0], [86260.0, 1130.0], [86258.5, 5000.0], [86254.0, 39120.0], [86253.5, 59980.0], [86253.0, 26000.0], [86252.5, 45000.0], [86251.5, 60.0], [86250.5, 12990.0]], "asks": [[86283.0, 229950.0], [86283.5, 13860.0], [86284.5, 43440.0], [86285.5, 23920.0], [86287.0, 121600.0], [86287.5, 7460.0], [86288.0, 25000.0], [86293.5, 35240.0], [86294.0, 22220.0], [86294.5, 29190.0], [86295.0, 45000.0], [86296.5, 2910.0], [86298.0, 3820.0], [86298.5, 4650.0], [86303.5, 5320.0], [86304.5, 14310.0], [86305.5, 53590.0], [86306.5, 39520.0], [86307.0, 10900.0], [86309.0, 34520.0]]}}}
{"jsonrpc": "2.0", "method": "subscription", "params": {"channel": "book.BTC-PERPETUAL.none.20.100ms", "data": {"timestamp": 1763875384487, "change_id": 128644851152, "instrument_name": "BTC-PERPETUAL", "bids": [[86282.5, 50.0], [86275.0, 240.0], [86272.0, 20000.0], [86268.5, 1140.0], [86268.0, 3820.0], [86264.5, 23150.0], [86264.0, 20000.0], [86263.5, 26000.0], [86263.0, 490.0], [86262.5, 80.0], [86262.0, 10990.0], [86261.0, 10990.0], [86259.0, 7460.0], [86258.5, 25000.0], [86256.0, 41870.0], [86255.5, 25990.0], [86255.0, 59980.0], [86254.5, 9230.0], [86253.0, 26000.0], [86252.5, 45000.0]], "asks": [[86283.0, 302420.0], [86283.5, 29050.0], [86285.5, 23920.0], [86287.0, 25000.0], [86292.0, 50570.0], [86292.5, 60000.0], [86293.0, 35240.0], [86294.5, 29190.0], [86295.0, 45000.0], [86296.5, 2910.0], [86298.0, 3820.0], [86298.5, 4650.0], [86303.5, 2750.0], [86304.5, 9200.0], [86305.5, 53590.0], [86306.5, 34520.0], [86307.0, 10900.0], [86309.0, 34520.0], [86309.5, 104100.0], [86310.5, 39570.0]]}}}
{"jsonrpc": "2.0", "method": "subscription", "params": {"channel": "book.BTC-PERPETUAL.none.20.100ms", "data": {"timestamp": 1763875384821, "change_id": 128644851694, "instrument_name": "BTC-PERPETUAL", "bids": [[86282.5, 50.0], [86275.0, 240.0], [86272.0, 20000.0], [86268.5, 1140.0], [86268.0, 3820.0], [86264.5, 17180.0], [86264.0, 20490.0], [86263.5, 26000.0], [86262.5, 80.0], [86260.5, 29060.0], [86260.0, 85970.0], [86259.5, 21980.0], [86256.0, 15550.0], [86255.5, 25000.0], [86253.5, 9230.0], [86253.0, 26000.0], [86251.5, 5060.0], [86250.5, 12990.0], [86247.0, 17060.0], [86246.5, 42330.0]], "asks": [[86283.0, 313370.0], [86283.5, 27550.0], [86285.5, 48920.0], [86286.0, 9240.0], [86290.0, 26140.0], [86290.5, 86000.0], [86294.0, 22150.0], [86294.5, 29190.0], [86295.0, 45000.0], [86296.5, 2910.0], [86298.0, 3820.0], [86298.5, 4650.0], [86303.5, 2750.0], [86304.5, 9200.0], [86305.5, 53590.0], [86306.0, 5000.0], [86306.5, 34520.0], [86307.0, 10900.0], [86309.5, 104100.0], [86310.5, 39570.0]]}}}
{"jsonrpc": "2.0", "method": "subscription", "params": {"channel": "book.BTC-PERPETUAL.none.20.100ms", "data": {"timestamp": 1763875385153, "change_id": 128644852742, "instrument_name": "BTC-PERPETUAL", "bids": [[86275.0, 390.0], [86262.5, 20080.0], [86257.5, 5970.0], [86256.5, 20000.0], [86256.0, 22410.0], [86254.0, 10990.0], [86253.0, 51000.0], [86251.5, 7240.0], [86251.0, 70960.0], [86248.0, 25990.0], [86247.0, 17060.0], [86246.5, 42330.0], [86245.5, 9230.0], [86245.0, 13040.0], [86242.0, 14350.0], [86240.5, 26000.0], [86240.0, 32450.0], [86239.5, 200.0], [86239.0, 13070.0], [86237.5, 45000.0]], "asks": [[86275.5, 280910.0], [86283.0, 200860.0], [86283.5, 23060.0], [86284.0, 25000.0], [86285.0, 26000.0], [86285.5, 23920.0], [86286.0, 45000.0], [86294.0, 8710.0], [86294.5, 29190.0], [86296.5, 2910.0], [86298.0, 3820.0], [86298.5, 4650.0], [86301.5, 4740.0], [86302.0, 13340.0], [86304.5, 5110.0], [86305.5, 32980.0], [86306.0, 5000.0], [86307.0, 10900.0], [86309.5, 117410.0], [86310.0, 17770.0]]}}}
{"jsonrpc": "2.0", "method": "subscription", "params": {"channel": "book.BTC-PERPETUAL.none.20.100ms", "data": {"timestamp": 1763875385483, "change_id": 128644853632, "instrument_name": "BTC-PERPETUAL", "bids": [[86275.0, 60.0], [86263.0, 5990.0], [86262.5, 30080.0], [86261.5, 3820.0], [86257.0, 9400.0], [86256.5, 31480.0], [86256.0, 37600.0], [86254.0, 36980.0], [86253.5, 59980.0], [86253.0, 26000.0], [86252.0, 9230.0], [86251.5, 7610.0], [86247.0, 59770.0], [86246.5, 42330.0], [86245.0, 18040.0], [86244.5, 45000.0], [86242.0, 14350.0], [86240.5, 26000.0], [86240.0, 32450.0], [86239.5, 200.0]], "asks": [[86275.5, 302580.0], [86278.5, 61600.0], [86279.0, 15920.0], [86283.0, 39380.0], [86283.5, 40.0], [86284.5, 55480.0], [86285.0, 86000.0], [86285.5, 23920.0], [86286.0, 45000.0], [86289.0, 10640.0], [86290.5, 25000.0], [86293.0, 2440.0], [86294.0, 16950.0], [86294.5, 26000.0], [86295.5, 34510.0], [86296.5, 18430.0], [86298.0, 38330.0], [86300.0, 27900.0], [86301.5, 4740.0], [86302.0, 13340.0]]}}}
{"jsonrpc": "2.0", "method": "subscription", "params": {"channel": "book.BTC-PERPETUAL.none.20.100ms", "data": {"timestamp": 1763875385810, "change_id": 128644854150, "instrument_name": "BTC-PERPETUAL", "bids": [[86275.0, 60.0], [86263.0, 9350.0], [86262.5, 20080.0], [86262.0, 10000.0], [86261.5, 3820.0], [86258.5, 6120.0], [86257.0, 490.0], [86256.5, 20000.0], [86256.0, 37600.0], [86254.5, 21980.0], [86254.0, 25990.0], [86253.0, 51000.0], [86252.0, 59980.0], [86251.5, 2900.0], [86247.5, 9230.0], [86247.0, 34770.0], [86246.5, 42330.0], [86245.0, 18040.0], [86244.5, 45000.0], [86242.0, 14350.0]], "asks": [[86275.5, 318010.0], [86278.5, 61600.0], [86279.0, 10000.0], [86282.0, 9240.0], [86283.0, 89230.0], [86283.5, 25000.0], [86284.0, 26000.0], [86284.5, 20570.0], [86285.5, 23920.0], [86286.0, 45000.0], [86293.0, 2440.0], [86294.0, 16950.0], [86294.5, 26000.0], [86295.5, 34510.0], [86296.5, 18430.0], [86298.0, 38330.0], [86300.0, 27900.0], [86301.5, 4740.0], [86302.0, 13340.0], [86305.5, 32980.0]]}}}
{"jsonrpc": "2.0", "method": "subscription", "params": {"channel": "book.BTC-PERPETUAL.none.20.100ms", "data": {"timestamp": 1763875386143, "change_id": 128644854738, "instrument_name": "BTC-PERPETUAL", "bids": [[86275.0, 60.0], [86262.5, 20080.0], [86257.5, 16960.0], [86256.5, 20000.0], [86255.5, 24290.0], [86253.5, 10990.0], [86253.0, 26000.0], [86252.0, 25990.0], [86251.5, 42680.0], [86248.5, 9230.0], [86247.5, 59980.0], [86247.0, 18520.0], [86246.5, 42330.0], [86245.0, 18040.0], [86242.0, 14350.0], [86240.5, 26000.0], [86240.0, 32450.0], [86239.5, 200.0], [86239.0, 13070.0], [86238.0, 16810.0]], "asks": [[86275.5, 375010.0], [86279.0, 10000.0], [86282.0, 34100.0], [86282.5, 85000.0], [86283.0, 65030.0], [86284.0, 35240.0], [86285.5, 23920.0], [86286.0, 45000.0], [86293.0, 2440.0], [86294.0, 16950.0], [86294.5, 26000.0], [86295.5, 34510.0], [86296.5, 18430.0], [86298.0, 38330.0], [86298.5, 5000.0], [86300.0, 27900.0], [86301.5, 4740.0], [86302.0, 13340.0], [86305.5, 36160.0], [86307.0, 10900.0]]}}}
{"jsonrpc": "2.0", "method": "subscription", "params": {"channel": "book.BTC-PERPETUAL.none.20.100ms", "data": {"timestamp": 1763875386475, "change_id": 128644855491, "instrument_name": "BTC-PERPETUAL", "bids": [[86275.0, 60.0], [86262.5, 20080.0], [86258.5, 5970.0], [86256.5, 20000.0], [86255.5, 7760.0], [86253.0, 26000.0], [86251.5, 10000.0], [86250.5, 17370.0], [86250.0, 21980.0], [86248.5, 490.0], [86248.0, 25990.0], [86247.0, 18520.0], [86246.5, 42330.0], [86245.5, 69210.0], [86245.0, 13040.0], [86242.0, 27040.0], [86240.5, 26000.0], [86240.0, 32450.0], [86239.5, 200.0], [86239.0, 13070.0]], "asks": [[86275.5, 418280.0], [86276.0, 23920.0], [86280.5, 37150.0], [86281.0, 60000.0], [86281.5, 35240.0], [86283.0, 42660.0], [86286.0, 45000.0], [86289.0, 7460.0], [86290.5, 25000.0], [86293.0, 2440.0], [86294.0, 16950.0], [86294.5, 26000.0], [86295.5, 34510.0], [86296.5, 18430.0], [86298.0, 38330.0], [86298.5, 5000.0], [86300.0, 27900.0], [86301.5, 9120.0], [86302.0, 13340.0], [86303.0, 16050.0]]}}}
{"jsonrpc": "2.0", "method": "subscription", "params": {"channel": "book.BTC-PERPETUAL.none.20.100ms", "data": {"timestamp": 1763875386805, "change_id": 128644856413, "instrument_name": "BTC-PERPETUAL", "bids": [[86262.5, 10.0], [86262.0, 3820.0], [86257.0, 11180.0], [86256.5, 40000.0], [86255.5, 7760.0], [86253.0, 26000.0], [86251.5, 38360.0], [86251.0, 37470.0], [86247.0, 92610.0], [86246.5, 42330.0], [86246.0, 9230.0], [86245.0, 13040.0], [86243.0, 25000.0], [86242.0, 27040.0], [86240.5, 31000.0], [86240.0, 32450.0], [86239.5, 200.0], [86239.0, 13070.0], [86238.0, 16810.0], [86235.0, 45000.0]], "asks": [[86263.0, 172160.0], [86270.5, 20200.0], [86271.0, 26000.0], [86273.5, 45000.0], [86275.0, 88360.0], [86275.5, 166750.0], [86276.0, 23920.0], [86277.0, 6040.0], [86279.0, 103930.0], [86279.5, 26000.0], [86283.0, 29230.0], [86287.5, 10490.0], [86288.5, 25000.0], [86289.5, 13340.0], [86293.0, 2440.0], [86294.0, 16950.0], [86294.5, 26000.0], [86295.5, 34510.0], [86296.5, 18430.0], [86297.0, 13310.0]]}}}
{"jsonrpc": "2.0", "method": "subscription", "params": {"channel": "book.BTC-PERPETUAL.none.20.100ms", "data": {"timestamp": 1763875387126, "change_id": 128644858558, "instrument_name": "BTC-PERPETUAL", "bids": [[86262.0, 82910.0], [86255.5, 20500.0], [86253.5, 21980.0], [86253.0, 26000.0], [86252.0, 25990.0], [86248.0, 18050.0], [86247.5, 60470.0], [86247.0, 18520.0], [86246.5, 42330.0], [86246.0, 9230.0], [86242.0, 52040.0], [86240.5, 31000.0], [86240.0, 32450.0], [86239.5, 200.0], [86239.0, 13070.0], [86238.0, 16810.0], [86235.0, 45000.0], [86234.5, 13110.0], [86233.0, 38690.0], [86232.5, 90420.0]], "asks": [[86262.5, 126800.0], [86269.5, 34510.0], [86270.0, 31980.0], [86271.0, 26000.0], [86273.0, 11000.0], [86273.5, 45000.0], [86275.0, 49690.0], [86275.5, 76750.0], [86276.0, 23920.0], [86277.0, 6040.0], [86278.5, 42160.0], [86280.5, 25000.0], [86282.0, 60000.0], [86282.5, 35240.0], [86283.0, 29230.0], [86287.5, 3030.0], [86289.5, 13340.0], [86293.0, 2440.0], [86294.0, 44130.0], [86294.5, 26000.0]]}}}
{"jsonrpc": "2.0", "method": "subscription", "params": {"channel": "book.BTC-PERPETUAL.none.20.100ms", "data": {"timestamp": 1763875387456, "change_id": 128644859077, "instrument_name": "BTC-PERPETUAL", "bids": [[86262.0, 82910.0], [86256.5, 6560.0], [86256.0, 21980.0], [86254.5, 15520.0], [86254.0, 25990.0], [86253.0, 26000.0], [86250.0, 27070.0], [86249.5, 490.0], [86249.0, 25000.0], [86248.5, 9230.0], [86247.5, 59980.0], [86247.0, 13140.0], [86246.5, 42330.0], [86242.0, 27040.0], [86240.5, 31000.0], [86240.0, 32450.0], [86239.5, 200.0], [86239.0, 13070.0], [86238.0, 42760.0], [86236.5, 34490.0]], "asks": [[86262.5, 130620.0], [86269.5, 34020.0], [86270.0, 20990.0], [86270.5, 490.0], [86271.0, 26000.0], [86271.5, 10000.0], [86273.0, 21990.0], [86273.5, 70000.0], [86275.0, 29670.0], [86275.5, 4900.0], [86276.0, 23920.0], [86277.0, 6040.0], [86277.5, 61600.0], [86278.5, 26930.0], [86282.0, 60000.0], [86283.0, 29230.0], [86286.5, 7760.0], [86287.0, 35240.0], [86287.5, 3030.0], [86289.5, 13340.0]]}}}
{"jsonrpc": "2.0", "method": "subscription", "params": {"channel": "book.BTC-PERPETUAL.none.20.100ms", "data": {"timestamp": 1763875387798, "change_id": 128644859574, "instrument_name": "BTC-PERPETUAL", "bids": [[86262.0, 19120.0], [86261.5, 3820.0], [86257.5, 8740.0], [86257.0, 10990.0], [86256.0, 10000.0], [86255.5, 25990.0], [86254.5, 30990.0], [86253.0, 26000.0], [86251.0, 9230.0], [86250.5, 490.0], [86250.0, 27070.0], [86247.5, 59980.0], [86247.0, 38140.0], [86246.5, 42330.0], [86242.0, 27040.0], [86240.5, 31000.0], [86240.0, 32450.0], [86239.5, 200.0], [86239.0, 13070.0], [86238.0, 42760.0]], "asks": [[86262.5, 132920.0], [86269.5, 34020.0], [86270.0, 20990.0], [86270.5, 490.0], [86271.0, 36000.0], [86272.5, 11000.0], [86273.0, 10990.0], [86273.5, 45000.0], [86275.0, 54670.0], [86275.5, 4650.0], [86276.0, 23920.0], [86277.0, 6040.0], [86277.5, 61600.0], [86281.5, 29390.0], [86282.0, 60000.0], [86283.0, 29230.0], [86286.0, 9240.0], [86286.5, 7760.0], [86287.0, 26000.0], [86287.5, 3030.0]]}}}
{"jsonrpc": "2.0", "method": "subscription", "params": {"channel": "book.BTC-PERPETUAL.none.20.100ms", "data": {"timestamp": 1763875388126, "change_id": 128644860226, "instrument_name": "BTC-PERPETUAL", "bids": [[86262.0, 19120.0], [86261.5, 3820.0], [86256.0, 21490.0], [86255.0, 21980.0], [86254.5, 20000.0], [86253.5, 25990.0], [86253.0, 26000.0], [86250.5, 490.0], [86250.0, 20440.0], [86248.0, 9230.0], [86247.0, 80580.0], [86246.5, 42330.0], [86244.5, 25000.0], [86242.0, 27040.0], [86240.5, 31000.0], [86240.0, 32450.0], [86239.5, 200.0], [86239.0, 13070.0], [86238.0, 25490.0], [86236.5, 34490.0]], "asks": [[86262.5, 135880.0], [86269.0, 490.0], [86269.5, 34020.0], [86270.0, 20990.0], [86271.0, 36000.0], [86272.0, 10990.0], [86272.5, 11000.0], [86273.5, 45000.0], [86274.5, 36180.0], [86275.5, 4650.0], [86276.0, 23920.0], [86276.5, 61600.0], [86277.0, 6040.0], [86279.5, 37150.0], [86280.0, 60000.0], [86281.5, 25000.0], [86282.5, 35240.0], [86283.0, 29230.0], [86287.5, 3030.0], [86289.5, 13340.0]]}}}
{"jsonrpc": "2.0", "method": "subscription", "params": {"channel": "book.BTC-PERPETUAL.none.20.100ms", "data": {"timestamp": 1763875388457, "change_id": 128644860783, "instrument_name": "BTC-PERPETUAL", "bids": [[86262.0, 19120.0], [86258.5, 1140.0], [86258.0, 3820.0], [86256.0, 21490.0], [86254.5, 20000.0], [86254.0, 10990.0], [86253.0, 26000.0], [86252.0, 36980.0], [86251.5, 3050.0], [86248.0, 9230.0], [86247.5, 490.0], [86247.0, 35930.0], [86246.5, 42330.0], [86244.0, 25000.0], [86242.5, 59980.0], [86242.0, 27040.0], [86240.5, 31000.0], [86240.0, 32450.0], [86239.5, 200.0], [86239.0, 13070.0]], "asks": [[86262.5, 136450.0], [86269.0, 490.0], [86269.5, 51050.0], [86270.0, 20990.0], [86270.5, 11000.0], [86271.0, 36000.0], [86272.0, 25000.0], [86272.5, 10990.0], [86273.5, 45000.0], [86275.0, 46630.0], [86275.5, 66250.0], [86276.0, 23920.0], [86276.5, 60000.0], [86277.0, 6040.0], [86280.0, 19240.0], [86280.5, 9240.0], [86282.5, 26000.0], [86283.0, 29230.0], [86287.5, 3030.0], [86289.5, 13340.0]]}}}
{"jsonrpc": "2.0", "method": "subscription", "params": {"channel": "book.BTC-PERPETUAL.none.20.100ms", "data": {"timestamp": 1763875388790, "change_id": 128644861114, "instrument_name": "BTC-PERPETUAL", "bids": [[86262.0, 32020.0], [86258.5, 1140.0], [86258.0, 3820.0], [86256.0, 21490.0], [86254.5, 20000.0], [86254.0, 10990.0], [86253.5, 10990.0], [86253.0, 26000.0], [86252.0, 25990.0], [86251.5, 3050.0], [86248.5, 490.0], [86248.0, 9230.0], [86247.0, 35930.0], [86246.5, 42330.0], [86245.0, 25000.0], [86244.5, 59980.0], [86242.0, 27040.0], [86240.5, 31000.0], [86240.0, 32450.0], [86239.5, 200.0]], "asks": [[86262.5, 144960.0], [86269.0, 490.0], [86269.5, 51050.0], [86270.0, 20990.0], [86270.5, 21990.0], [86271.0, 36000.0], [86272.0, 25000.0], [86273.5, 45000.0], [86274.5, 46630.0], [86275.5, 126250.0], [86276.0, 23920.0], [86277.0, 6040.0], [86280.0, 19240.0], [86282.0, 9240.0], [86282.5, 26000.0], [86283.0, 29190.0], [86287.5, 3030.0], [86289.5, 13340.0], [86292.0, 5000.0], [86293.0, 2440.0]]}}}
{"jsonrpc": "2.0", "method": "subscription", "params": {"channel": "book.BTC-PERPETUAL.none.20.100ms", "data": {"timestamp": 1763875389117, "change_id": 128644861650, "instrument_name": "BTC-PERPETUAL", "bids": [[86262.0, 19120.0], [86258.5, 1140.0], [86258.0, 3820.0], [86256.0, 21490.0], [86254.5, 30990.0], [86253.5, 10990.0], [86253.0, 26000.0], [86252.0, 25990.0], [86249.5, 3050.0], [86249.0, 9230.0], [86247.5, 490.0], [86247.0, 35930.0], [86246.5, 42330.0], [86245.0, 25000.0], [86242.5, 59980.0], [86242.0, 27040.0], [86240.5, 31000.0], [86240.0, 32450.0], [86239.5, 200.0], [86239.0, 13070.0]], "asks": [[86262.5, 129240.0], [86269.0, 490.0], [86269.5, 70960.0], [86270.0, 20990.0], [86270.5, 20990.0], [86271.0, 26000.0], [86271.5, 11000.0], [86272.0, 25000.0], [86273.5, 45000.0], [86274.0, 60000.0], [86274.5, 28720.0], [86275.0, 61600.0], [86275.5, 4650.0], [86276.0, 23920.0], [86277.0, 6040.0], [86279.0, 19230.0], [86282.0, 9240.0], [86282.5, 26000.0], [86283.0, 29190.0], [86287.5, 3030.0]]}}}
{"jsonrpc": "2.0", "method": "subscription", "params": {"channel": "book.BTC-PERPETUAL.none.20.100ms", "data": {"timestamp": 1763875389450, "change_id": 128644862112, "instrument_name": "BTC-PERPETUAL", "bids": [[86262.0, 19120.0], [86255.5, 3820.0], [86254.5, 20000.0], [86253.0, 26000.0], [86251.0, 10990.0], [86250.5, 21410.0], [86248.0, 25990.0], [86247.0, 36420.0], [86246.5, 42330.0], [86245.5, 9230.0], [86245.0, 25000.0], [86242.5, 59980.0], [86242.0, 27040.0], [86240.5, 31000.0], [86240.0, 32450.0], [86239.5, 200.0], [86239.0, 13070.0], [86238.0, 25490.0], [86236.5, 34490.0], [86235.0, 45000.0]], "asks": [[86262.5, 129220.0], [86268.0, 6410.0], [86268.5, 11480.0], [86269.5, 51490.0], [86270.0, 31990.0], [86271.0, 26000.0], [86271.5, 61600.0], [86272.0, 25000.0], [86273.5, 45000.0], [86274.0, 28720.0], [86274.5, 60000.0], [86275.5, 4650.0], [86276.0, 23920.0], [86277.0, 6040.0], [86278.5, 35240.0], [86279.0, 11470.0], [86283.0, 29190.0], [86287.0, 34510.0], [86287.5, 3030.0], [86289.5, 13340.0]]}}}
{"jsonrpc": "2.0", "method": "subscription", "params": {"channel": "book.BTC-PERPETUAL.none.20.100ms", "data": {"timestamp": 1763875389779, "change_id": 128644862712, "instrument_name": "BTC-PERPETUAL", "bids": [[86262.0, 10.0], [86253.0, 26000.0], [86251.5, 10000.0], [86251.0, 20000.0], [86250.5, 10420.0], [86248.5, 10990.0], [86248.0, 10990.0], [86247.0, 41820.0], [86246.0, 20000.0], [86245.0, 490.0], [86243.0, 25000.0], [86242.0, 42070.0], [86241.0, 69210.0], [86240.5, 26000.0], [86240.0, 32450.0], [86239.5, 200.0], [86239.0, 13070.0], [86235.0, 45000.0], [86234.5, 13110.0], [86230.5, 26000.0]], "asks": [[86262.5, 158210.0], [86267.0, 11480.0], [86267.5, 26840.0], [86268.0, 11000.0], [86269.0, 71600.0], [86269.5, 41860.0], [86271.0, 26000.0], [86272.0, 25000.0], [86273.0, 60000.0], [86273.5, 45000.0], [86275.0, 20850.0], [86275.5, 13890.0], [86276.0, 23920.0], [86276.5, 26000.0], [86277.0, 6040.0], [86279.0, 11470.0], [86283.0, 29190.0], [86287.0, 34510.0], [86287.5, 3030.0], [86289.5, 13340.0]]}}}
{"jsonrpc": "2.0", "method": "subscription", "params": {"channel": "book.BTC-PERPETUAL.none.20.100ms", "data": {"timestamp": 1763875390098, "change_id": 128644863259, "instrument_name": "BTC-PERPETUAL", "bids": [[86262.0, 10.0], [86257.0, 1140.0], [86256.5, 3820.0], [86253.5, 10750.0], [86253.0, 26000.0], [86251.5, 30440.0], [86251.0, 20000.0], [86248.0, 10990.0], [86247.5, 10990.0], [86247.0, 41820.0], [86246.0, 20000.0], [86243.5, 25490.0], [86242.5, 9230.0], [86242.0, 42070.0], [86241.0, 59980.0], [86240.5, 26000.0], [86240.0, 32450.0], [86239.5, 200.0], [86239.0, 13070.0], [86236.0, 5000.0]], "asks": [[86262.5, 167860.0], [86266.0, 490.0], [86266.5, 11000.0], [86267.0, 10990.0], [86267.5, 26840.0], [86269.0, 71600.0], [86269.5, 41860.0], [86271.0, 26000.0], [86272.0, 25000.0], [86273.0, 60000.0], [86273.5, 45000.0], [86275.0, 20850.0], [86275.5, 13890.0], [86276.0, 23920.0], [86276.5, 26000.0], [86277.0, 6040.0], [86279.0, 11470.0], [86283.0, 29190.0], [86287.0, 34510.0], [86287.5, 3030.0]]}}}
{"jsonrpc": "2.0", "method": "subscription", "params": {"channel": "book.BTC-PERPETUAL.none.20.100ms", "data": {"timestamp": 1763875390421, "change_id": 128644864080, "instrument_name": "BTC-PERPETUAL", "bids": [[86262.0, 27210.0], [86257.0, 1140.0], [86256.5, 3820.0], [86253.5, 7760.0], [86253.0, 36000.0], [86251.5, 14470.0], [86248.0, 10990.0], [86247.5, 10990.0], [86247.0, 41820.0], [86246.0, 20000.0], [86244.0, 490.0], [86243.5, 25000.0], [86242.5, 48540.0], [86241.0, 59980.0], [86240.5, 26000.0], [86240.0, 32450.0], [86239.5, 200.0], [86239.0, 13070.0], [86236.0, 5000.0], [86235.0, 45000.0]], "asks": [[86262.5, 168050.0], [86265.0, 11490.0], [86265.5, 10990.0], [86267.0, 10000.0], [86267.5, 17150.0], [86269.0, 61600.0], [86269.5, 41860.0], [86271.0, 26000.0], [86272.0, 25000.0], [86273.0, 60000.0], [86273.5, 45000.0], [86275.0, 20850.0], [86275.5, 13890.0], [86276.0, 23920.0], [86276.5, 26000.0], [86277.0, 6040.0], [86279.0, 11470.0], [86283.0, 29190.0], [86286.0, 34510.0], [86287.0, 34510.0]]}}}
{"jsonrpc": "2.0", "method": "subscription", "params": {"channel": "book.BTC-PERPETUAL.none.20.100ms", "data": {"timestamp": 1763875390767, "change_id": 128644864794, "instrument_name": "BTC-PERPETUAL", "bids": [[86262.0, 27210.0], [86259.5, 3210.0], [86259.0, 10740.0], [86254.0, 3820.0], [86253.5, 14320.0], [86253.0, 26000.0], [86252.0, 10990.0], [86249.0, 18120.0], [86248.5, 36980.0], [86248.0, 25000.0], [86247.5, 9230.0], [86247.0, 24520.0], [86246.5, 490.0], [86246.0, 20000.0], [86243.0, 59980.0], [86241.0, 21410.0], [86240.5, 26000.0], [86240.0, 32450.0], [86239.5, 200.0], [86239.0, 13070.0]], "asks": [[86262.5, 146290.0], [86264.0, 15960.0], [86266.0, 490.0], [86266.5, 20990.0], [86267.0, 10000.0], [86268.5, 21990.0], [86269.5, 27460.0], [86271.0, 26000.0], [86273.5, 45000.0], [86274.0, 43020.0], [86274.5, 61600.0], [86275.5, 64650.0], [86276.0, 23920.0], [86277.0, 6040.0], [86278.5, 9240.0], [86279.0, 22470.0], [86280.0, 26000.0], [86280.5, 25000.0], [86283.0, 29190.0], [86286.0, 34510.0]]}}}
{"jsonrpc": "2.0", "method": "subscription", "params": {"channel": "book.BTC-PERPETUAL.none.20.100ms", "data": {"timestamp": 1763875391083, "change_id": 128644865358, "instrument_name": "BTC-PERPETUAL", "bids": [[86262.0, 27210.0], [86259.0, 10740.0], [86256.5, 3820.0], [86253.5, 12740.0], [86253.0, 46000.0], [86250.0, 6710.0], [86249.5, 10990.0], [86247.5, 10990.0], [86247.0, 500.0], [86244.5, 26480.0], [86244.0, 24110.0], [86242.5, 94210.0], [86241.0, 21410.0], [86240.5, 26000.0], [86240.0, 32450.0], [86239.5, 200.0], [86239.0, 13070.0], [86236.0, 5000.0], [86235.0, 45000.0], [86234.5, 13110.0]], "asks": [[86262.5, 146890.0], [86264.0, 15960.0], [86265.5, 490.0], [86266.0, 10990.0], [86266.5, 31990.0], [86267.0, 10000.0], [86269.5, 59450.0], [86270.5, 61600.0], [86271.0, 26000.0], [86272.5, 25000.0], [86273.0, 60000.0], [86273.5, 45000.0], [86274.5, 20850.0], [86275.5, 4650.0], [86276.0, 23920.0], [86276.5, 9240.0], [86277.0, 6040.0], [86278.0, 26000.0], [86279.0, 11470.0], [86283.0, 29190.0]]}}}
{"jsonrpc": "2.0", "method": "subscription", "params": {"channel": "book.BTC-PERPETUAL.none.20.100ms", "data": {"timestamp": 1763875391432, "change_id": 128644865892, "instrument_name": "BTC-PERPETUAL", "bids": [[86262.0, 10.0], [86259.0, 10740.0], [86256.0, 19650.0], [86255.5, 16000.0], [86253.0, 46000.0], [86252.0, 10000.0], [86250.0, 6270.0], [86247.5, 21980.0], [86247.0, 500.0], [86245.0, 18610.0], [86244.5, 25990.0], [86243.5, 25000.0], [86242.0, 39310.0], [86241.5, 9230.0], [86241.0, 59980.0], [86240.5, 26000.0], [86240.0, 32450.0], [86239.5, 200.0], [86239.0, 13070.0], [86236.0, 5000.0]], "asks": [[86262.5, 177140.0], [86263.0, 9370.0], [86264.5, 21990.0], [86267.0, 10000.0], [86269.5, 59450.0], [86270.5, 61600.0], [86271.0, 26000.0], [86271.5, 25000.0], [86273.0, 60000.0], [86273.5, 45000.0], [86274.5, 30090.0], [86275.5, 4650.0], [86276.0, 23920.0], [86276.5, 26000.0], [86277.0, 6040.0], [86279.0, 11470.0], [86283.0, 29190.0], [86286.0, 34510.0], [86287.0, 34510.0], [86287.5, 3030.0]]}}}
{"jsonrpc": "2.0", "method": "subscription", "params": {"channel": "book.BTC-PERPETUAL.none.20.100ms", "data": {"timestamp": 1763875391769, "change_id": 128644866427, "instrument_name": "BTC-PERPETUAL", "bids": [[86262.0, 10.0], [86259.0, 10740.0], [86255.5, 13730.0], [86255.0, 16000.0], [86253.0, 20000.0], [86252.0, 10000.0], [86251.0, 3820.0], [86250.0, 3430.0], [86248.0, 10990.0], [86247.0, 500.0], [86244.5, 18890.0], [86244.0, 25990.0], [86243.0, 490.0], [86242.0, 39310.0], [86241.5, 9230.0], [86240.5, 51000.0], [86240.0, 32390.0], [86239.5, 200.0], [86239.0, 13070.0], [86236.0, 5000.0]], "asks": [[86262.5, 168600.0], [86265.5, 35650.0], [86266.0, 10990.0], [86267.0, 10000.0], [86269.0, 61600.0], [86269.5, 41860.0], [86270.5, 60000.0], [86271.0, 26000.0], [86273.0, 26000.0], [86273.5, 45000.0], [86274.0, 9240.0], [86274.5, 20850.0], [86275.5, 29650.0], [86276.0, 23920.0], [86277.0, 6040.0], [86279.0, 11470.0], [86283.0, 29190.0], [86286.0, 34510.0], [86287.0, 34510.0], [86287.5, 3030.0]]}}}
{"jsonrpc": "2.0", "method": "subscription", "params": {"channel": "book.BTC-PERPETUAL.none.20.100ms", "data": {"timestamp": 1763875392091, "change_id": 128644867684, "instrument_name": "BTC-PERPETUAL", "bids": [[86262.0, 16010.0], [86259.0, 10740.0], [86255.5, 10100.0], [86253.0, 30000.0], [86252.0, 3820.0], [86250.0, 11190.0], [86249.5, 26000.0], [86248.0, 10990.0], [86247.5, 10990.0], [86247.0, 500.0], [86246.5, 19660.0], [86246.0, 25990.0], [86243.5, 9230.0], [86243.0, 490.0], [86242.5, 25000.0], [86241.0, 36560.0], [86240.5, 26000.0], [86240.0, 32390.0], [86239.5, 60180.0], [86239.0, 13070.0]], "asks": [[86262.5, 181110.0], [86264.0, 9550.0], [86265.5, 11000.0], [86266.0, 10990.0], [86267.0, 10000.0], [86269.5, 62360.0], [86270.0, 60000.0], [86270.5, 86600.0], [86271.0, 26000.0], [86273.5, 45000.0], [86274.5, 20850.0], [86275.5, 13890.0], [86276.0, 23920.0], [86276.5, 26000.0], [86277.0, 6040.0], [86279.0, 11470.0], [86283.0, 29190.0], [86286.0, 34510.0], [86287.0, 34510.0], [86287.5, 3030.0]]}}}
{"jsonrpc": "2.0", "method": "subscription", "params": {"channel": "book.BTC-PERPETUAL.none.20.100ms", "data": {"timestamp": 1763875392429, "change_id": 128644868230, "instrument_name": "BTC-PERPETUAL", "bids": [[86262.0, 16010.0], [86259.5, 3210.0], [86259.0, 10740.0], [86258.5, 10000.0], [86253.5, 5970.0], [86253.0, 20000.0], [86252.0, 3820.0], [86250.0, 31790.0], [86249.5, 26000.0], [86248.5, 25990.0], [86247.5, 10990.0], [86247.0, 500.0], [86245.0, 7460.0], [86244.5, 34230.0], [86242.5, 42200.0], [86242.0, 60470.0], [86240.5, 26000.0], [86240.0, 32390.0], [86239.5, 200.0], [86239.0, 13070.0]], "asks": [[86262.5, 173620.0], [86264.0, 8750.0], [86265.5, 11480.0], [86266.0, 10000.0], [86269.0, 11000.0], [86269.5, 62360.0], [86270.5, 61600.0], [86271.0, 26000.0], [86273.5, 45000.0], [86274.0, 85000.0], [86274.5, 19180.0], [86275.5, 4650.0], [86276.0, 33160.0], [86277.0, 6040.0], [86278.5, 26000.0], [86279.0, 11470.0], [86283.0, 29190.0], [86285.5, 20600.0], [86286.0, 34510.0], [86287.0, 34510.0]]}}}
{"jsonrpc": "2.0", "method": "subscription", "params": {"channel": "book.BTC-PERPETUAL.none.20.100ms", "data": {"timestamp": 1763875392750, "change_id": 128644868559, "instrument_name": "BTC-PERPETUAL", "bids": [[86262.0, 16010.0], [86259.5, 5780.0], [86259.0, 20740.0], [86253.5, 5970.0], [86253.0, 20000.0], [86252.0, 3820.0], [86250.0, 31790.0], [86249.5, 26000.0], [86249.0, 10990.0], [86248.5, 25990.0], [86247.0, 500.0], [86246.0, 490.0], [86245.5, 9230.0], [86245.0, 7460.0], [86244.5, 25000.0], [86242.5, 37860.0], [86241.0, 64980.0], [86240.5, 26000.0], [86240.0, 32390.0], [86239.5, 200.0]], "asks": [[86262.5, 152110.0], [86263.5, 490.0], [86264.0, 14700.0], [86264.5, 20990.0], [86265.5, 10000.0], [86268.5, 10990.0], [86269.0, 11000.0], [86269.5, 62360.0], [86271.0, 26000.0], [86272.5, 61600.0], [86273.0, 60000.0], [86273.5, 45000.0], [86274.0, 25000.0], [86274.5, 19180.0], [86275.5, 4650.0], [86276.0, 23920.0], [86277.0, 6040.0], [86278.5, 35240.0], [86279.0, 11470.0], [86283.0, 29190.0]]}}}
{"jsonrpc": "2.0", "method": "subscription", "params": {"channel": "book.BTC-PERPETUAL.none.20.100ms", "data": {"timestamp": 1763875393089, "change_id": 128644869740, "instrument_name": "BTC-PERPETUAL", "bids": [[86262.0, 26310.0], [86259.5, 5780.0], [86259.0, 20740.0], [86255.5, 3820.0], [86253.5, 5970.0], [86253.0, 20000.0], [86251.0, 33220.0], [86250.5, 25990.0], [86249.5, 26000.0], [86249.0, 10990.0], [86247.0, 500.0], [86246.0, 10350.0], [86245.5, 9230.0], [86244.5, 25000.0], [86242.5, 37860.0], [86241.0, 64980.0], [86240.5, 26000.0], [86240.0, 32390.0], [86239.5, 200.0], [86239.0, 13070.0]], "asks": [[86262.5, 148690.0], [86263.5, 490.0], [86264.0, 14700.0], [86265.5, 10000.0], [86268.0, 20990.0], [86268.5, 10990.0], [86269.0, 11000.0], [86269.5, 62360.0], [86271.0, 26000.0], [86272.5, 61600.0], [86273.5, 70000.0], [86274.0, 60000.0], [86274.5, 13090.0], [86275.5, 4650.0], [86276.0, 23920.0], [86277.0, 6040.0], [86278.5, 9240.0], [86279.0, 11470.0], [86282.5, 26000.0], [86283.0, 29190.0]]}}}
{"jsonrpc": "2.0", "method": "subscription", "params": {"channel": "book.BTC-PERPETUAL.none.20.100ms", "data": {"timestamp": 1763875393414, "change_id": 128644870164, "instrument_name": "BTC-PERPETUAL", "bids": [[86262.0, 26380.0], [86259.5, 3210.0], [86259.0, 10740.0], [86256.0, 5970.0], [86253.0, 20000.0], [86251.0, 33220.0], [86250.5, 25990.0], [86250.0, 10990.0], [86249.5, 26000.0], [86247.0, 500.0], [86246.0, 27010.0], [86245.5, 490.0], [86245.0, 9230.0], [86244.0, 25000.0], [86243.0, 59980.0], [86242.5, 22880.0], [86240.5, 26000.0], [86240.0, 37390.0], [86239.5, 200.0], [86239.0, 13070.0]], "asks": [[86262.5, 148200.0], [86264.0, 14700.0], [86265.5, 490.0], [86266.0, 10000.0], [86267.5, 10990.0], [86268.0, 20990.0], [86269.0, 11000.0], [86269.5, 62360.0], [86271.0, 26000.0], [86272.5, 86600.0], [86273.5, 45000.0], [86274.0, 60000.0], [86274.5, 13090.0], [86275.5, 4650.0], [86276.0, 23920.0], [86277.0, 6040.0], [86278.5, 9240.0], [86279.0, 11470.0], [86282.5, 26000.0], [86283.0, 29190.0]]}}}
{"jsonrpc": "2.0", "method": "subscription", "params": {"channel": "book.BTC-PERPETUAL.none.20.100ms", "data": {"timestamp": 1763875393742, "change_id": 128644870451, "instrument_name": "BTC-PERPETUAL", "bids": [[86262.0, 26380.0], [86259.5, 3210.0], [86259.0, 10740.0], [86256.0, 5970.0], [86255.0, 3820.0], [86253.0, 20000.0], [86251.0, 33220.0], [86250.5, 25990.0], [86250.0, 10990.0], [86249.5, 26000.0], [86247.0, 9730.0], [86246.0, 26940.0], [86245.5, 490.0], [86244.0, 25000.0], [86243.0, 59980.0], [86242.5, 22880.0], [86240.5, 26000.0], [86240.0, 37390.0], [86239.5, 200.0], [86239.0, 13070.0]], "asks": [[86262.5, 148200.0], [86263.5, 490.0], [86264.0, 14700.0], [86266.0, 10000.0], [86267.5, 10990.0], [86268.0, 20990.0], [86269.0, 11000.0], [86269.5, 62360.0], [86271.0, 26000.0], [86272.5, 86600.0], [86273.5, 45000.0], [86274.0, 60000.0], [86274.5, 13090.0], [86275.5, 4650.0], [86276.0, 23920.0], [86277.0, 6040.0], [86278.5, 9240.0], [86279.0, 11470.0], [86282.5, 26000.0], [86283.0, 29190.0]]}}}
{"jsonrpc": "2.0", "method": "subscription", "params": {"channel": "book.BTC-PERPETUAL.none.20.100ms", "data": {"timestamp": 1763875394078, "change_id": 128644871067, "instrument_name": "BTC-PERPETUAL", "bids": [[86262.0, 10210.0], [86259.0, 10740.0], [86256.0, 9980.0], [86255.5, 16000.0], [86253.0, 20000.0], [86251.0, 33220.0], [86250.5, 25990.0], [86249.5, 26000.0], [86247.5, 10990.0], [86247.0, 500.0], [86245.5, 10360.0], [86245.0, 25000.0], [86244.5, 9720.0], [86242.5, 36370.0], [86241.0, 59980.0], [86240.5, 26000.0], [86240.0, 32390.0], [86239.5, 200.0], [86239.0, 13070.0], [86235.5, 17350.0]], "asks": [[86262.5, 148280.0], [86263.5, 490.0], [86264.0, 14700.0], [86266.0, 10000.0], [86267.5, 10990.0], [86268.0, 20990.0], [86269.0, 11000.0], [86269.5, 62360.0], [86271.0, 26000.0], [86272.5, 86600.0], [86273.0, 60000.0], [86273.5, 45000.0], [86274.5, 13090.0], [86275.5, 4650.0], [86276.0, 23920.0], [86277.0, 6040.0], [86278.5, 9240.0], [86279.0, 11470.0], [86282.5, 26000.0], [86283.0, 29190.0]]}}}
{"jsonrpc": "2.0", "method": "subscription", "params": {"channel": "book.BTC-PERPETUAL.none.20.100ms", "data": {"timestamp": 1763875394383, "change_id": 128644871504, "instrument_name": "BTC-PERPETUAL", "bids": [[86262.0, 10210.0], [86259.0, 10740.0], [86256.0, 16880.0], [86255.5, 16000.0], [86255.0, 3820.0], [86253.0, 20000.0], [86252.0, 10000.0], [86251.5, 10990.0], [86251.0, 22230.0], [86250.5, 25990.0], [86249.5, 26000.0], [86247.5, 10990.0], [86247.0, 500.0], [86245.5, 7610.0], [86245.0, 34230.0], [86243.0, 490.0], [86242.5, 36370.0], [86241.0, 59980.0], [86240.5, 26000.0], [86240.0, 32390.0]], "asks": [[86262.5, 153910.0], [86264.0, 14700.0], [86265.5, 10000.0], [86267.5, 10990.0], [86268.0, 20990.0], [86269.0, 11000.0], [86269.5, 62360.0], [86271.0, 26000.0], [86272.0, 85000.0], [86272.5, 61600.0], [86273.5, 45000.0], [86274.5, 13090.0], [86275.5, 4650.0], [86276.0, 23920.0], [86277.0, 6040.0], [86278.5, 9240.0], [86279.0, 11470.0], [86282.5, 26000.0], [86283.0, 29190.0], [86285.5, 20600.0]]}}}
{"jsonrpc": "2.0", "method": "subscription", "params": {"channel": "book.BTC-PERPETUAL.none.20.100ms", "data": {"timestamp": 1763875394748, "change_id": 128644871805, "instrument_name": "BTC-PERPETUAL", "bids": [[86262.0, 10.0], [86259.0, 10740.0], [86255.5, 16000.0], [86253.5, 9250.0], [86253.0, 20000.0], [86251.5, 10990.0], [86251.0, 22230.0], [86250.5, 25990.0], [86249.5, 26000.0], [86247.5, 10990.0], [86247.0, 500.0], [86246.0, 9230.0], [86245.5, 7610.0], [86244.5, 25000.0], [86243.0, 490.0], [86242.5, 36370.0], [86241.0, 59980.0], [86240.5, 26000.0], [86240.0, 32390.0], [86239.5, 200.0]], "asks": [[86262.5, 154000.0], [86264.0, 14700.0], [86265.5, 10000.0], [86267.5, 10990.0], [86268.0, 20990.0], [86269.0, 11000.0], [86269.5, 62360.0], [86271.0, 51000.0], [86271.5, 60000.0], [86272.5, 61600.0], [86273.5, 45000.0], [86274.5, 13090.0], [86275.5, 4650.0], [86276.0, 23920.0], [86277.0, 6040.0], [86278.5, 9240.0], [86279.0, 17770.0], [86282.5, 26000.0], [86283.0, 29190.0], [86285.5, 20600.0]]}}}
{"jsonrpc": "2.0", "method": "subscription", "params": {"channel": "book.BTC-PERPETUAL.none.20.100ms", "data": {"timestamp": 1763875395070, "change_id": 128644872486, "instrument_name": "BTC-PERPETUAL", "bids": [[86262.0, 10.0], [86259.0, 10740.0], [86255.5, 16000.0], [86253.0, 3820.0], [86251.0, 7910.0], [86249.5, 26000.0], [86247.0, 500.0], [86246.5, 18600.0], [86246.0, 20000.0], [86244.0, 10990.0], [86243.5, 10990.0], [86243.0, 25990.0], [86242.5, 36370.0], [86242.0, 490.0], [86240.5, 35230.0], [86240.0, 57390.0], [86239.5, 60180.0], [86239.0, 13070.0], [86236.0, 5000.0], [86235.5, 3910.0]], "asks": [[86262.5, 199510.0], [86265.0, 21370.0], [86265.5, 10000.0], [86269.0, 61600.0], [86269.5, 41860.0], [86270.5, 60000.0], [86271.0, 26000.0], [86273.5, 45000.0], [86274.0, 35240.0], [86274.5, 19180.0], [86275.5, 4650.0], [86276.0, 23920.0], [86277.0, 6040.0], [86278.5, 25000.0], [86279.0, 11470.0], [86283.0, 29190.0], [86285.5, 20600.0], [86286.0, 34510.0], [86287.0, 34510.0], [86287.5, 5090.0]]}}}
{"jsonrpc": "2.0", "method": "subscription", "params": {"channel": "book.BTC-PERPETUAL.none.20.100ms", "data": {"timestamp": 1763875395406, "change_id": 128644872933, "instrument_name": "BTC-PERPETUAL", "bids": [[86262.0, 510.0], [86259.0, 10740.0], [86255.5, 16000.0], [86253.0, 3820.0], [86251.0, 7910.0], [86249.5, 26000.0], [86247.0, 500.0], [86246.5, 9250.0], [86246.0, 20000.0], [86243.0, 10990.0], [86241.5, 37470.0], [86241.0, 43070.0], [86240.5, 26000.0], [86240.0, 32390.0], [86239.5, 200.0], [86239.0, 73050.0], [86238.5, 25000.0], [86238.0, 8160.0], [86237.5, 9230.0], [86236.0, 5000.0]], "asks": [[86262.5, 200870.0], [86264.5, 21370.0], [86265.0, 71600.0], [86269.5, 41860.0], [86270.5, 69240.0], [86271.0, 26000.0], [86273.0, 26000.0], [86273.5, 45000.0], [86274.5, 19180.0], [86275.0, 25000.0], [86275.5, 4650.0], [86276.0, 23920.0], [86277.0, 6040.0], [86279.0, 11470.0], [86283.0, 29190.0], [86285.5, 20600.0], [86286.0, 34510.0], [86287.0, 34510.0], [86287.5, 5090.0], [86289.0, 5000.0]]}}}
{"jsonrpc": "2.0", "method": "subscription", "params": {"channel": "book.BTC-PERPETUAL.none.20.100ms", "data": {"timestamp": 1763875395742, "change_id": 128644873313, "instrument_name": "BTC-PERPETUAL", "bids": [[86262.0, 510.0], [86259.0, 10740.0], [86255.5, 16000.0], [86253.0, 3820.0], [86251.0, 7910.0], [86250.0, 10000.0], [86249.5, 26000.0], [86247.0, 500.0], [86246.5, 8630.0], [86246.0, 20000.0], [86244.0, 490.0], [86242.5, 71540.0], [86242.0, 85970.0], [86241.5, 10990.0], [86240.5, 26000.0], [86240.0, 32390.0], [86239.5, 9430.0], [86239.0, 13070.0], [86238.5, 25000.0], [86238.0, 5410.0]], "asks": [[86262.5, 192830.0], [86264.5, 64590.0], [86265.0, 10000.0], [86269.5, 41860.0], [86271.0, 26000.0], [86272.5, 60000.0], [86273.0, 35240.0], [86273.5, 45000.0], [86274.5, 19180.0], [86275.0, 25000.0], [86275.5, 4650.0], [86276.0, 23920.0], [86277.0, 6040.0], [86279.0, 11470.0], [86283.0, 29190.0], [86285.5, 20600.0], [86286.0, 34510.0], [86287.0, 34510.0], [86287.5, 5090.0], [86289.0, 5000.0]]}}}
{"jsonrpc": "2.0", "method": "subscription", "params": {"channel": "book.BTC-PERPETUAL.none.20.100ms", "data": {"timestamp": 1763875396072, "change_id": 128644874206, "instrument_name": "BTC-PERPETUAL", "bids": [[86262.0, 510.0], [86259.0, 10740.0], [86255.5, 16000.0], [86247.0, 500.0], [86246.5, 5970.0], [86246.0, 20000.0], [86242.5, 29000.0], [86241.5, 10990.0], [86240.5, 26000.0], [86240.0, 32880.0], [86239.5, 200.0], [86239.0, 10990.0], [86238.0, 51130.0], [86236.5, 25990.0], [86235.0, 69210.0], [86231.0, 11680.0], [86230.5, 26000.0], [86230.0, 60.0], [86229.0, 27960.0], [86226.5, 45000.0]], "asks": [[86262.5, 275330.0], [86264.5, 2990.0], [86265.0, 10000.0], [86269.5, 49620.0], [86270.0, 60000.0], [86270.5, 35240.0], [86271.0, 26000.0], [86273.5, 45000.0], [86274.5, 13090.0], [86275.0, 25000.0], [86275.5, 4650.0], [86277.0, 6040.0], [86279.0, 11470.0], [86283.0, 29190.0], [86285.5, 20600.0], [86286.0, 34510.0], [86287.0, 34510.0], [86287.5, 5090.0], [86289.5, 13340.0], [86293.0, 10200.0]]}}}
{"jsonrpc": "2.0", "method": "subscription", "params": {"channel": "book.BTC-PERPETUAL.none.20.100ms", "data": {"timestamp": 1763875396387, "change_id": 128644874970, "instrument_name": "BTC-PERPETUAL", "bids": [[86262.0, 510.0], [86259.0, 10740.0], [86249.0, 16000.0], [86247.0, 500.0], [86246.5, 5970.0], [86246.0, 33820.0], [86242.5, 46150.0], [86241.0, 490.0], [86240.5, 36990.0], [86240.0, 32390.0], [86239.5, 11190.0], [86238.0, 85970.0], [86236.0, 2760.0], [86235.5, 9230.0], [86231.0, 16680.0], [86230.5, 26000.0], [86230.0, 60.0], [86229.0, 27960.0], [86228.5, 25000.0], [86226.5, 45000.0]], "asks": [[86262.5, 292690.0], [86263.5, 10000.0], [86264.5, 12820.0], [86266.0, 25000.0], [86269.5, 81810.0], [86270.0, 60000.0], [86271.0, 26000.0], [86273.5, 45000.0], [86274.5, 3190.0], [86275.5, 4650.0], [86277.0, 6040.0], [86279.0, 11470.0], [86283.0, 34190.0], [86285.0, 92120.0], [86285.5, 20600.0], [86286.0, 34510.0], [86287.0, 37690.0], [86287.5, 5090.0], [86289.5, 13340.0], [86293.0, 10200.0]]}}}
{"jsonrpc": "2.0", "method": "subscription", "params": {"channel": "book.BTC-PERPETUAL.none.20.100ms", "data": {"timestamp": 1763875396727, "change_id": 128644875447, "instrument_name": "BTC-PERPETUAL", "bids": [[86262.0, 510.0], [86259.0, 10740.0], [86249.0, 16000.0], [86247.0, 500.0], [86246.0, 3820.0], [86245.5, 10000.0], [86242.5, 29000.0], [86240.5, 26000.0], [86240.0, 32880.0], [86239.5, 200.0], [86238.5, 10990.0], [86238.0, 80100.0], [86237.5, 59980.0], [86234.5, 9230.0], [86234.0, 25000.0], [86231.5, 13170.0], [86231.0, 5000.0], [86230.5, 26000.0], [86230.0, 60.0], [86229.0, 27960.0]], "asks": [[86262.5, 306760.0], [86263.5, 10000.0], [86264.5, 34250.0], [86266.0, 25000.0], [86269.0, 60000.0], [86269.5, 35240.0], [86270.5, 21190.0], [86271.0, 26000.0], [86273.5, 45000.0], [86274.5, 3190.0], [86275.5, 4650.0], [86277.0, 6040.0], [86279.0, 11470.0], [86283.0, 34190.0], [86285.0, 92120.0], [86285.5, 20600.0], [86286.0, 34510.0], [86287.0, 37690.0], [86287.5, 5090.0], [86288.0, 27900.0]]}}}
{"jsonrpc": "2.0", "method": "subscription", "params": {"channel": "book.BTC-PERPETUAL.none.20.100ms", "data": {"timestamp": 1763875397060, "change_id": 128644876119, "instrument_name": "BTC-PERPETUAL", "bids": [[86262.0, 510.0], [86259.0, 10740.0], [86247.0, 4630.0], [86242.5, 32140.0], [86240.5, 26000.0], [86240.0, 32390.0], [86239.5, 200.0], [86238.5, 490.0], [86238.0, 10000.0], [86236.5, 28650.0], [86236.0, 59980.0], [86235.0, 47970.0], [86234.5, 25000.0], [86233.0, 19210.0], [86231.5, 9230.0], [86231.0, 5000.0], [86230.5, 26000.0], [86230.0, 60.0], [86229.0, 27960.0], [86226.5, 45000.0]], "asks": [[86262.5, 332020.0], [86263.5, 10000.0], [86264.0, 26000.0], [86264.5, 24420.0], [86266.0, 25000.0], [86268.0, 60000.0], [86270.5, 21190.0], [86271.0, 26000.0], [86273.5, 45000.0], [86274.5, 3190.0], [86275.5, 4650.0], [86277.0, 6040.0], [86279.0, 11470.0], [86283.0, 34190.0], [86285.0, 92120.0], [86287.0, 3180.0], [86287.5, 5090.0], [86288.0, 27900.0], [86289.5, 13340.0], [86293.0, 10200.0]]}}}
{"jsonrpc": "2.0", "method": "subscription", "params": {"channel": "book.BTC-PERPETUAL.none.20.100ms", "data": {"timestamp": 1763875397394, "change_id": 128644877425, "instrument_name": "BTC-PERPETUAL", "bids": [[86259.0, 10750.0], [86247.0, 500.0], [86243.0, 3580.0], [86242.5, 12000.0], [86240.5, 12710.0], [86240.0, 32390.0], [86239.5, 200.0], [86238.0, 10000.0], [86233.5, 20510.0], [86232.0, 11480.0], [86231.5, 10990.0], [86231.0, 25990.0], [86230.5, 26000.0], [86228.0, 20660.0], [86225.5, 59980.0], [86225.0, 9230.0], [86224.5, 32290.0], [86224.0, 25000.0], [86222.5, 92930.0], [86222.0, 13130.0]], "asks": [[86259.5, 359480.0], [86260.0, 3820.0], [86261.0, 2250.0], [86261.5, 26000.0], [86262.0, 75900.0], [86262.5, 171280.0], [86264.0, 63000.0], [86265.0, 7460.0], [86269.5, 25000.0], [86270.5, 21190.0], [86271.0, 26000.0], [86273.5, 45000.0], [86275.0, 13080.0], [86275.5, 4650.0], [86277.0, 6040.0], [86278.0, 34510.0], [86282.5, 10210.0], [86283.0, 29190.0], [86284.5, 32440.0], [86285.0, 92120.0]]}}}
{"jsonrpc": "2.0", "method": "subscription", "params": {"channel": "book.BTC-PERPETUAL.none.20.100ms", "data": {"timestamp": 1763875397723, "change_id": 128644877961, "instrument_name": "BTC-PERPETUAL", "bids": [[86259.0, 10750.0], [86247.0, 500.0], [86243.0, 3580.0], [86242.5, 12000.0], [86240.5, 12710.0], [86240.0, 32390.0], [86239.5, 200.0], [86238.0, 10000.0], [86236.5, 4280.0], [86236.0, 3820.0], [86234.0, 10990.0], [86233.5, 29540.0], [86232.5, 10990.0], [86231.5, 490.0], [86231.0, 25990.0], [86230.5, 26000.0], [86230.0, 25000.0], [86229.5, 9230.0], [86227.0, 20660.0], [86226.5, 59980.0]], "asks": [[86259.5, 453150.0], [86260.0, 3820.0], [86260.5, 59030.0], [86261.0, 1200.0], [86261.5, 26000.0], [86262.0, 35240.0], [86262.5, 125310.0], [86263.5, 3190.0], [86264.0, 3000.0], [86270.5, 21190.0], [86271.0, 26000.0], [86273.5, 45000.0], [86275.0, 18080.0], [86275.5, 7090.0], [86277.0, 6040.0], [86278.0, 34510.0], [86282.5, 10210.0], [86283.0, 26000.0], [86284.5, 32440.0], [86285.0, 92120.0]]}}}
{"jsonrpc": "2.0", "method": "subscription", "params": {"channel": "book.BTC-PERPETUAL.none.20.100ms", "data": {"timestamp": 1763875398045, "change_id": 128644878599, "instrument_name": "BTC-PERPETUAL", "bids": [[86259.0, 10750.0], [86247.0, 500.0], [86243.0, 3580.0], [86242.5, 12000.0], [86242.0, 10000.0], [86240.5, 12710.0], [86240.0, 32390.0], [86239.5, 200.0], [86238.5, 3820.0], [86238.0, 10000.0], [86233.5, 29540.0], [86232.0, 10990.0], [86231.5, 11480.0], [86231.0, 25990.0], [86230.5, 26000.0], [86230.0, 25000.0], [86228.0, 20660.0], [86227.5, 69210.0], [86224.5, 32290.0], [86223.5, 5000.0]], "asks": [[86259.5, 399120.0], [86260.0, 73060.0], [86260.5, 59030.0], [86261.5, 26000.0], [86262.0, 26000.0], [86262.5, 116110.0], [86263.5, 3190.0], [86264.0, 3000.0], [86270.5, 21190.0], [86271.0, 60500.0], [86273.5, 45000.0], [86275.0, 18080.0], [86275.5, 7090.0], [86277.0, 6040.0], [86278.0, 34510.0], [86282.5, 10210.0], [86283.0, 26000.0], [86284.5, 32440.0], [86285.0, 92120.0], [86286.0, 13380.0]]}}}
{"jsonrpc": "2.0", "method": "subscription", "params": {"channel": "book.BTC-PERPETUAL.none.20.100ms", "data": {"timestamp": 1763875398386, "change_id": 128644879120, "instrument_name": "BTC-PERPETUAL", "bids": [[86259.0, 10750.0], [86247.0, 500.0], [86243.0, 3580.0], [86242.5, 12000.0], [86241.0, 10000.0], [86240.5, 12710.0], [86240.0, 32390.0], [86239.5, 200.0], [86238.5, 3820.0], [86238.0, 10000.0], [86233.5, 29540.0], [86232.5, 10990.0], [86231.5, 490.0], [86231.0, 25990.0], [86230.5, 26000.0], [86230.0, 25000.0], [86229.5, 70970.0], [86225.5, 2760.0], [86225.0, 9230.0], [86224.5, 32290.0]], "asks": [[86259.5, 400220.0], [86260.0, 3820.0], [86260.5, 63820.0], [86261.0, 69240.0], [86261.5, 26000.0], [86262.0, 26000.0], [86262.5, 105110.0], [86263.5, 3190.0], [86264.0, 3000.0], [86270.5, 21190.0], [86271.0, 60500.0], [86273.5, 45000.0], [86275.0, 18080.0], [86275.5, 7090.0], [86277.0, 6040.0], [86278.0, 34510.0], [86282.5, 10210.0], [86283.0, 26000.0], [86284.5, 32440.0], [86285.0, 92120.0]]}}}
{"jsonrpc": "2.0", "method": "subscription", "params": {"channel": "book.BTC-PERPETUAL.none.20.100ms", "data": {"timestamp": 1763875398707, "change_id": 128644879820, "instrument_name": "BTC-PERPETUAL", "bids": [[86259.0, 10890.0], [86249.0, 12000.0], [86247.5, 3820.0], [86247.0, 500.0], [86243.5, 25990.0], [86242.0, 10990.0], [86241.0, 9230.0], [86240.5, 38710.0], [86240.0, 32390.0], [86239.5, 200.0], [86239.0, 10990.0], [86238.5, 490.0], [86238.0, 10000.0], [86234.5, 25000.0], [86231.0, 59980.0], [86230.5, 26000.0], [86226.5, 45000.0], [86224.5, 32290.0], [86223.0, 60.0], [86222.5, 154500.0]], "asks": [[86259.5, 267290.0], [86260.0, 3820.0], [86260.5, 43740.0], [86261.5, 26000.0], [86262.5, 72470.0], [86263.0, 11000.0], [86264.0, 3000.0], [86268.0, 25000.0], [86268.5, 17910.0], [86269.5, 109400.0], [86270.0, 61600.0], [86271.0, 60500.0], [86273.5, 45000.0], [86274.5, 31220.0], [86275.0, 26000.0], [86275.5, 7090.0], [86277.0, 6040.0], [86278.0, 34510.0], [86282.5, 10210.0], [86283.0, 26000.0]]}}}
{"jsonrpc": "2.0", "method": "subscription", "params": {"channel": "book.BTC-PERPETUAL.none.20.100ms", "data": {"timestamp": 1763875399046, "change_id": 128644880430, "instrument_name": "BTC-PERPETUAL", "bids": [[86259.0, 10890.0], [86249.5, 4870.0], [86249.0, 12000.0], [86247.5, 3820.0], [86247.0, 500.0], [86246.0, 10990.0], [86245.5, 14020.0], [86245.0, 25990.0], [86244.5, 10000.0], [86241.0, 30150.0], [86240.5, 26000.0], [86240.0, 32390.0], [86239.5, 200.0], [86239.0, 10990.0], [86238.5, 25000.0], [86236.0, 490.0], [86231.0, 64980.0], [86230.5, 26000.0], [86226.5, 45000.0], [86224.5, 32290.0]], "asks": [[86259.5, 270230.0], [86260.0, 3820.0], [86260.5, 30290.0], [86261.5, 26000.0], [86262.5, 72470.0], [86263.5, 11000.0], [86264.0, 3000.0], [86266.5, 40520.0], [86267.0, 121600.0], [86267.5, 25000.0], [86270.5, 31490.0], [86271.0, 60500.0], [86273.5, 45000.0], [86274.5, 31220.0], [86275.0, 26000.0], [86275.5, 7090.0], [86277.0, 6040.0], [86278.0, 34510.0], [86280.5, 3190.0], [86282.5, 10210.0]]}}}
{"jsonrpc": "2.0", "method": "subscription", "params": {"channel": "book.BTC-PERPETUAL.none.20.100ms", "data": {"timestamp": 1763875399345, "change_id": 128644880756, "instrument_name": "BTC-PERPETUAL", "bids": [[86259.0, 10890.0], [86249.5, 4870.0], [86249.0, 12000.0], [86247.5, 3820.0], [86247.0, 500.0], [86246.0, 10990.0], [86245.5, 14020.0], [86245.0, 25990.0], [86244.5, 10000.0], [86241.0, 30150.0], [86240.5, 26000.0], [86240.0, 32390.0], [86239.5, 200.0], [86239.0, 11480.0], [86238.5, 25000.0], [86231.0, 64980.0], [86230.5, 26000.0], [86226.5, 45000.0], [86224.5, 47070.0], [86223.0, 60.0]], "asks": [[86259.5, 271050.0], [86260.0, 3820.0], [86260.5, 30290.0], [86261.5, 26000.0], [86262.5, 72470.0], [86263.5, 11000.0], [86264.0, 3000.0], [86265.5, 43760.0], [86267.0, 121600.0], [86267.5, 25000.0], [86270.5, 31490.0], [86271.0, 60500.0], [86273.5, 45000.0], [86274.5, 31220.0], [86275.0, 26000.0], [86275.5, 7090.0], [86277.0, 6040.0], [86278.0, 34510.0], [86280.5, 3190.0], [86282.5, 10210.0]]}}}
{"jsonrpc": "2.0", "method": "subscription", "params": {"channel": "book.BTC-PERPETUAL.none.20.100ms", "data": {"timestamp": 1763875399700, "change_id": 128644881308, "instrument_name": "BTC-PERPETUAL", "bids": [[86259.0, 10890.0], [86249.0, 12000.0], [86247.0, 500.0], [86243.0, 2990.0], [86242.5, 10000.0], [86240.5, 9730.0], [86240.0, 32390.0], [86239.5, 200.0], [86238.0, 27230.0], [86237.5, 20000.0], [86235.5, 10990.0], [86235.0, 37470.0], [86234.5, 25000.0], [86232.0, 25970.0], [86231.5, 9230.0], [86231.0, 59980.0], [86230.5, 26000.0], [86227.0, 13430.0], [86226.5, 45000.0], [86224.5, 31680.0]], "asks": [[86259.5, 356150.0], [86260.0, 3820.0], [86260.5, 44330.0], [86261.5, 26000.0], [86262.5, 72470.0], [86263.0, 60000.0], [86264.0, 3000.0], [86266.0, 17980.0], [86266.5, 26000.0], [86267.0, 9240.0], [86267.5, 25000.0], [86270.5, 31490.0], [86271.0, 60500.0], [86273.5, 45000.0], [86274.5, 14220.0], [86275.5, 7090.0], [86277.0, 6040.0], [86278.0, 34510.0], [86280.5, 3190.0], [86282.5, 10210.0]]}}}
{"jsonrpc": "2.0", "method": "subscription", "params": {"channel": "book.BTC-PERPETUAL.none.20.100ms", "data": {"timestamp": 1763875400032, "change_id": 128644882023, "instrument_name": "BTC-PERPETUAL", "bids": [[86259.0, 10890.0], [86247.0, 500.0], [86244.5, 5920.0], [86243.0, 16000.0], [86241.5, 27590.0], [86240.5, 26000.0], [86240.0, 32390.0], [86239.5, 200.0], [86238.5, 14810.0], [86238.0, 13090.0], [86237.5, 20000.0], [86236.5, 25990.0], [86233.5, 33130.0], [86233.0, 94700.0], [86232.5, 10990.0], [86230.5, 26000.0], [86227.0, 13430.0], [86226.5, 45000.0], [86226.0, 5000.0], [86224.5, 31680.0]], "asks": [[86259.5, 349380.0], [86260.0, 3820.0], [86261.5, 26000.0], [86262.0, 47900.0], [86262.5, 72470.0], [86263.5, 25000.0], [86264.0, 3000.0], [86264.5, 60000.0], [86265.0, 10220.0], [86265.5, 9240.0], [86269.0, 26000.0], [86270.5, 31490.0], [86271.0, 60500.0], [86273.5, 45000.0], [86274.5, 14220.0], [86275.5, 7090.0], [86277.0, 6040.0], [86278.0, 34510.0], [86280.5, 3190.0], [86282.5, 10210.0]]}}}
{"jsonrpc": "2.0", "method": "subscription", "params": {"channel": "book.BTC-PERPETUAL.none.20.100ms", "data": {"timestamp": 1763875400372, "change_id": 128644882480, "instrument_name": "BTC-PERPETUAL", "bids": [[86259.0, 10890.0], [86247.0, 500.0], [86244.5, 5920.0], [86243.0, 16000.0], [86241.5, 27590.0], [86240.5, 26000.0], [86240.0, 32390.0], [86239.5, 200.0], [86238.5, 14810.0], [86238.0, 45510.0], [86237.5, 20000.0], [86235.5, 25000.0], [86234.0, 11480.0], [86233.5, 27080.0], [86233.0, 9230.0], [86231.0, 59980.0], [86230.5, 26000.0], [86227.0, 13430.0], [86226.5, 45000.0], [86226.0, 5000.0]], "asks": [[86259.5, 292250.0], [86260.0, 3820.0], [86261.0, 61600.0], [86261.5, 26000.0], [86262.0, 47900.0], [86262.5, 72470.0], [86263.5, 60000.0], [86264.0, 28000.0], [86267.0, 10520.0], [86267.5, 26000.0], [86269.5, 9240.0], [86270.5, 31490.0], [86271.0, 60500.0], [86273.5, 45000.0], [86274.5, 14220.0], [86275.5, 7090.0], [86277.0, 6040.0], [86278.0, 34510.0], [86279.0, 5000.0], [86280.5, 3190.0]]}}}
{"jsonrpc": "2.0", "method": "subscription", "params": {"channel": "book.BTC-PERPETUAL.none.20.100ms", "data": {"timestamp": 1763875400690, "change_id": 128644882908, "instrument_name": "BTC-PERPETUAL", "bids": [[86259.0, 10890.0], [86247.0, 500.0], [86244.5, 15920.0], [86243.0, 16000.0], [86241.5, 27590.0], [86240.5, 36990.0], [86240.0, 32390.0], [86239.5, 200.0], [86238.5, 3820.0], [86238.0, 45510.0], [86237.5, 20000.0], [86236.5, 9230.0], [86236.0, 10990.0], [86235.5, 25000.0], [86235.0, 490.0], [86233.5, 27080.0], [86231.0, 59980.0], [86230.5, 26000.0], [86227.0, 13430.0], [86226.5, 45000.0]], "asks": [[86259.5, 286210.0], [86260.0, 3820.0], [86261.0, 61600.0], [86261.5, 26000.0], [86262.0, 47900.0], [86262.5, 72470.0], [86263.5, 60000.0], [86264.0, 28000.0], [86270.0, 35240.0], [86270.5, 31490.0], [86271.0, 60500.0], [86273.5, 45000.0], [86274.5, 14220.0], [86275.5, 7090.0], [86277.0, 6040.0], [86278.0, 34510.0], [86279.0, 5000.0], [86280.5, 3190.0], [86282.5, 10210.0], [86283.0, 26000.0]]}}}
{"jsonrpc": "2.0", "method": "subscription", "params": {"channel": "book.BTC-PERPETUAL.none.20.100ms", "data": {"timestamp": 1763875401035, "change_id": 128644883778, "instrument_name": "BTC-PERPETUAL", "bids": [[86259.0, 25890.0], [86249.0, 9350.0], [86248.5, 19820.0], [86247.5, 10990.0], [86247.0, 500.0], [86245.5, 15140.0], [86245.0, 25990.0], [86244.0, 20000.0], [86243.5, 9720.0], [86241.5, 36150.0], [86241.0, 70970.0], [86240.5, 26000.0], [86240.0, 32390.0], [86239.5, 200.0], [86234.0, 13430.0], [86233.5, 55520.0], [86230.5, 51000.0], [86223.0, 60.0], [86222.5, 61700.0], [86222.0, 13130.0]], "asks": [[86259.5, 259330.0], [86260.0, 3820.0], [86260.5, 34460.0], [86261.5, 26000.0], [86262.5, 64470.0], [86263.0, 21490.0], [86264.0, 3000.0], [86265.5, 21250.0], [86266.0, 11000.0], [86269.5, 136850.0], [86271.0, 60500.0], [86272.0, 25000.0], [86273.0, 60000.0], [86273.5, 45000.0], [86274.5, 20160.0], [86275.5, 7090.0], [86276.5, 35240.0], [86277.0, 6040.0], [86278.0, 34510.0], [86279.5, 11470.0]]}}}
{"jsonrpc": "2.0", "method": "subscription", "params": {"channel": "book.BTC-PERPETUAL.none.20.100ms", "data": {"timestamp": 1763875401360, "change_id": 128644884272, "instrument_name": "BTC-PERPETUAL", "bids": [[86259.0, 26890.0], [86251.0, 10000.0], [86249.5, 4570.0], [86247.5, 10990.0], [86247.0, 500.0], [86246.5, 16480.0], [86245.0, 25990.0], [86244.0, 20000.0], [86242.5, 9230.0], [86242.0, 490.0], [86241.5, 20920.0], [86241.0, 10990.0], [86240.5, 26000.0], [86240.0, 32390.0], [86239.5, 200.0], [86238.0, 37430.0], [86237.5, 25000.0], [86235.0, 5000.0], [86234.5, 59980.0], [86233.5, 45000.0]], "asks": [[86259.5, 249700.0], [86260.0, 4320.0], [86260.5, 34460.0], [86261.0, 20990.0], [86261.5, 26000.0], [86262.5, 64470.0], [86263.5, 11000.0], [86264.0, 3000.0], [86265.0, 7460.0], [86268.5, 25000.0], [86270.0, 39100.0], [86270.5, 121600.0], [86271.0, 26000.0], [86273.5, 45000.0], [86274.5, 16980.0], [86275.0, 9240.0], [86275.5, 7090.0], [86276.5, 26000.0], [86277.0, 6040.0], [86278.0, 34510.0]]}}}
{"jsonrpc": "2.0", "method": "subscription", "params": {"channel": "book.BTC-PERPETUAL.none.20.100ms", "data": {"timestamp": 1763875401690, "change_id": 128644884904, "instrument_name": "BTC-PERPETUAL", "bids": [[86259.0, 10890.0], [86253.0, 16000.0], [86250.0, 3130.0], [86249.5, 10000.0], [86247.0, 500.0], [86246.5, 16480.0], [86245.5, 10990.0], [86245.0, 25990.0], [86244.0, 20000.0], [86241.5, 30150.0], [86241.0, 25000.0], [86240.5, 26490.0], [86240.0, 32390.0], [86239.5, 200.0], [86239.0, 10990.0], [86238.0, 37430.0], [86235.0, 5000.0], [86234.0, 59980.0], [86233.5, 45000.0], [86230.5, 26000.0]], "asks": [[86259.5, 256250.0], [86260.0, 3820.0], [86260.5, 34460.0], [86261.0, 20990.0], [86261.5, 26000.0], [86262.5, 64470.0], [86264.0, 3000.0], [86264.5, 11000.0], [86265.0, 34070.0], [86268.0, 86600.0], [86269.5, 60000.0], [86270.0, 39100.0], [86271.0, 26000.0], [86273.5, 79500.0], [86274.0, 35240.0], [86274.5, 16980.0], [86275.5, 7090.0], [86277.0, 6040.0], [86278.0, 34510.0], [86279.5, 11470.0]]}}}
{"jsonrpc": "2.0", "method": "subscription", "params": {"channel": "book.BTC-PERPETUAL.none.20.100ms", "data": {"timestamp": 1763875402025, "change_id": 128644885475, "instrument_name": "BTC-PERPETUAL", "bids": [[86259.0, 16190.0], [86253.5, 4780.0], [86253.0, 16000.0], [86250.0, 3130.0], [86249.5, 10000.0], [86247.0, 500.0], [86246.5, 16480.0], [86245.5, 10990.0], [86245.0, 25990.0], [86244.0, 20000.0], [86241.5, 30150.0], [86240.5, 62480.0], [86240.0, 32390.0], [86239.5, 200.0], [86238.0, 37430.0], [86235.0, 5000.0], [86234.0, 59980.0], [86233.5, 45000.0], [86230.5, 26000.0], [86223.0, 22400.0]], "asks": [[86259.5, 274170.0], [86260.0, 3820.0], [86260.5, 34460.0], [86261.5, 26000.0], [86262.5, 64430.0], [86263.5, 11000.0], [86264.0, 3000.0], [86265.0, 34070.0], [86268.0, 86600.0], [86269.5, 60000.0], [86270.0, 39100.0], [86271.0, 26000.0], [86273.5, 79500.0], [86274.0, 35240.0], [86274.5, 16980.0], [86275.5, 7090.0], [86277.0, 6040.0], [86278.0, 34510.0], [86279.5, 11470.0], [86280.5, 3190.0]]}}}
