{"jsonrpc": "2.0", "id": 1, "result": ["book.BTC-PERPETUAL.none.20.100ms"], "usIn": 1757654303605277, "usOut": 1757654303605435, "usDiff": 158, "testnet": false}
{"jsonrpc": "2.0", "method": "subscription", "params": {"channel": "book.BTC-PERPETUAL.none.20.100ms", "data": {"timestamp": 1757654303601, "change_id": 117135562518, "instrument_name": "BTC-PERPETUAL", "bids": [[115609.5, 1717170.0], [115609.0, 24050.0], [115604.5, 40000.0], [115604.0, 20.0], [115603.5, 20.0], [115603.0, 45080.0], [115602.5, 20.0], [115602.0, 20.0], [115601.5, 20.0], [115601.0, 20.0], [115600.5, 20.0], [115600.0, 500.0], [115599.5, 91860.0], [115599.0, 236140.0], [115598.0, 25000.0], [115595.5, 38780.0], [115595.0, 45060.0], [115593.0, 66600.0], [115592.0, 16890.0], [115591.0, 700.0]], "asks": [[115610.0, 761040.0], [115610.5, 66600.0], [115611.0, 10060.0], [115612.5, 2850.0], [115615.0, 530.0], [115617.0, 15000.0], [115620.0, 10.0], [115624.5, 20.0], [115626.5, 28230.0], [115627.0, 45500.0], [115627.5, 39700.0], [115628.0, 6020.0], [115628.5, 20.0], [115629.0, 20.0], [115632.0, 2850.0], [115633.0, 24980.0], [115634.0, 39050.0], [115634.5, 32480.0], [115637.5, 101760.0], [115638.0, 99720.0]]}}}
{"jsonrpc": "2.0", "method": "subscription", "params": {"channel": "book.BTC-PERPETUAL.none.20.100ms", "data": {"timestamp": 1757654303636, "change_id": 117135562529, "instrument_name": "BTC-PERPETUAL", "bids": [[115609.5, 1717170.0], [115609.0, 24050.0], [115604.5, 40000.0], [115604.0, 20.0], [115603.5, 20.0], [115603.0, 45080.0], [115602.5, 20.0], [115602.0, 20.0], [115601.5, 20.0], [115601.0, 20.0], [115600.5, 20.0], [115600.0, 500.0], [115599.5, 91860.0], [115599.0, 236140.0], [115598.0, 25000.0], [115595.5, 38780.0], [115595.0, 45060.0], [115593.0, 66600.0], [115592.0, 16890.0], [115591.0, 700.0]], "asks": [[115610.0, 761040.0], [115610.5, 66600.0], [115611.0, 10060.0], [115612.5, 2850.0], [115615.0, 530.0], [115617.0, 15000.0], [115620.0, 10.0], [115624.5, 20.0], [115626.5, 28230.0], [115627.0, 45500.0], [115627.5, 39700.0], [115628.0, 6020.0], [115628.5, 20.0], [115629.0, 20.0], [115632.0, 2850.0], [115633.0, 24980.0], [115634.0, 39050.0], [115634.5, 32480.0], [115637.5, 101760.0], [115638.0, 99720.0]]}}}
{"jsonrpc": "2.0", "method": "subscription", "params": {"channel": "book.BTC-PERPETUAL.none.20.100ms", "data": {"timestamp": 1757654303943, "change_id": 117135562969, "instrument_name": "BTC-PERPETUAL", "bids": [[115609.5, 1717170.0], [115609.0, 24050.0], [115604.5, 40000.0], [115603.5, 500.0], [115603.0, 45080.0], [115602.5, 20.0], [115602.0, 20.0], [115601.5, 20.0], [115601.0, 20.0], [115600.5, 20.0], [115599.5, 91860.0], [115599.0, 236140.0], [115598.0, 25000.0], [115595.5, 38780.0], [115595.0, 45060.0], [115593.0, 66600.0], [115592.0, 16890.0], [115591.0, 700.0], [115588.0, 70010.0], [115587.5, 80800.0]], "asks": [[115610.0, 761040.0], [115610.5, 66600.0], [115611.0, 10060.0], [115612.5, 2850.0], [115615.0, 530.0], [115617.0, 15000.0], [115620.0, 10.0], [115624.5, 20.0], [115626.5, 28230.0], [115627.0, 45500.0], [115627.5, 39700.0], [115628.0, 6020.0], [115628.5, 20.0], [115629.0, 20.0], [115632.0, 2850.0], [115632.5, 200.0], [115633.0, 24980.0], [115634.0, 39050.0], [115634.5, 32480.0], [115637.5, 101760.0]]}}}
{"jsonrpc": "2.0", "method": "subscription", "params": {"channel": "book.BTC-PERPETUAL.none.20.100ms", "data": {"timestamp": 1757654304321, "change_id": 117135563271, "instrument_name": "BTC-PERPETUAL", "bids": [[115609.5, 1717170.0], [115609.0, 24050.0], [115604.5, 40000.0], [115603.5, 520.0], [115603.0, 45080.0], [115602.5, 20.0], [115602.0, 20.0], [115601.5, 20.0], [115601.0, 20.0], [115600.5, 20.0], [115599.5, 91860.0], [115599.0, 236140.0], [115598.0, 25000.0], [115595.5, 38780.0], [115595.0, 45060.0], [115593.0, 66600.0], [115592.0, 16890.0], [115591.0, 700.0], [115588.0, 70010.0], [115587.5, 80800.0]], "asks": [[115610.0, 761010.0], [115610.5, 66600.0], [115611.0, 10060.0], [115612.5, 2850.0], [115615.0, 530.0], [115617.0, 15000.0], [115620.0, 10.0], [115624.5, 20.0], [115626.5, 28230.0], [115627.0, 45520.0], [115627.5, 39700.0], [115628.0, 6020.0], [115628.5, 20.0], [115629.0, 20.0], [115629.5, 20.0], [115630.0, 20.0], [115632.0, 27830.0], [115632.5, 200.0], [115634.0, 39050.0], [115634.5, 32480.0]]}}}
{"jsonrpc": "2.0", "method": "subscription", "params": {"channel": "book.BTC-PERPETUAL.none.20.100ms", "data": {"timestamp": 1757654304645, "change_id": 117135563955, "instrument_name": "BTC-PERPETUAL", "bids": [[115609.5, 1693420.0], [115609.0, 24050.0], [115604.5, 40000.0], [115604.0, 20.0], [115603.5, 520.0], [115603.0, 45080.0], [115602.5, 20.0], [115602.0, 20.0], [115601.5, 20.0], [115601.0, 20.0], [115600.5, 20.0], [115599.5, 91860.0], [115599.0, 236140.0], [115598.0, 25000.0], [115595.5, 38780.0], [115595.0, 45060.0], [115593.0, 66600.0], [115592.0, 16890.0], [115591.0, 700.0], [115588.0, 70010.0]], "asks": [[115610.0, 761010.0], [115610.5, 66600.0], [115611.0, 10060.0], [115612.5, 2850.0], [115615.0, 530.0], [115617.0, 15000.0], [115620.0, 10.0], [115622.0, 11770.0], [115624.5, 20.0], [115626.5, 28250.0], [115627.0, 45520.0], [115627.5, 39700.0], [115628.0, 6020.0], [115628.5, 20.0], [115629.0, 20.0], [115629.5, 20.0], [115632.0, 27830.0], [115632.5, 200.0], [115634.0, 39050.0], [115634.5, 32480.0]]}}}
{"jsonrpc": "2.0", "method": "subscription", "params": {"channel": "book.BTC-PERPETUAL.none.20.100ms", "data": {"timestamp": 1757654304876, "change_id": 117135564244, "instrument_name": "BTC-PERPETUAL", "bids": [[115609.5, 1716120.0], [115609.0, 24050.0], [115604.5, 40000.0], [115603.5, 500.0], [115603.0, 45060.0], [115601.0, 20.0], [115600.5, 20.0], [115599.5, 91860.0], [115599.0, 236140.0], [115598.0, 25000.0], [115595.5, 38780.0], [115595.0, 45060.0], [115593.0, 66600.0], [115592.0, 16890.0], [115591.0, 700.0], [115588.0, 70010.0], [115587.5, 79800.0], [115585.5, 32480.0], [115585.0, 160000.0], [115582.5, 17460.0]], "asks": [[115610.0, 761010.0], [115610.5, 66600.0], [115611.0, 10060.0], [115612.5, 2850.0], [115615.0, 530.0], [115617.0, 15000.0], [115620.0, 10.0], [115622.0, 11770.0], [115624.5, 20.0], [115626.5, 28250.0], [115627.0, 45520.0], [115627.5, 39700.0], [115628.0, 6020.0], [115628.5, 20.0], [115629.0, 20.0], [115629.5, 20.0], [115632.0, 27830.0], [115632.5, 200.0], [115634.0, 39050.0], [115634.5, 32480.0]]}}}
{"jsonrpc": "2.0", "method": "subscription", "params": {"channel": "book.BTC-PERPETUAL.none.20.100ms", "data": {"timestamp": 1757654305261, "change_id": 117135564456, "instrument_name": "BTC-PERPETUAL", "bids": [[115609.5, 1717120.0], [115609.0, 24050.0], [115604.5, 40000.0], [115603.5, 500.0], [115603.0, 45060.0], [115601.0, 20.0], [115600.5, 20.0], [115599.5, 91860.0], [115599.0, 236140.0], [115598.0, 25000.0], [115595.5, 38780.0], [115595.0, 45060.0], [115593.0, 66600.0], [115592.0, 16890.0], [115591.0, 700.0], [115588.0, 70010.0], [115587.5, 79800.0], [115585.5, 32480.0], [115585.0, 160000.0], [115582.5, 17460.0]], "asks": [[115610.0, 761010.0], [115610.5, 66600.0], [115611.0, 10060.0], [115612.5, 2850.0], [115615.0, 530.0], [115617.0, 15000.0], [115620.0, 10.0], [115622.0, 11770.0], [115624.5, 20.0], [115626.5, 28250.0], [115627.0, 45520.0], [115627.5, 39700.0], [115628.0, 6020.0], [115628.5, 20.0], [115629.0, 20.0], [115629.5, 20.0], [115632.0, 27830.0], [115632.5, 200.0], [115634.0, 39050.0], [115634.5, 32480.0]]}}}
{"jsonrpc": "2.0", "method": "subscription", "params": {"channel": "book.BTC-PERPETUAL.none.20.100ms", "data": {"timestamp": 1757654305657, "change_id": 117135565247, "instrument_name": "BTC-PERPETUAL", "bids": [[115609.5, 1715250.0], [115609.0, 24050.0], [115604.5, 40000.0], [115603.5, 520.0], [115603.0, 45080.0], [115602.5, 20.0], [115602.0, 20.0], [115601.5, 20.0], [115599.5, 91860.0], [115599.0, 236140.0], [115598.0, 25000.0], [115595.5, 38780.0], [115595.0, 45060.0], [115593.0, 66600.0], [115592.0, 16890.0], [115591.0, 700.0], [115588.0, 70010.0], [115587.5, 79800.0], [115585.5, 32480.0], [115585.0, 160000.0]], "asks": [[115610.0, 687270.0], [115610.5, 66600.0], [115611.0, 10060.0], [115612.5, 2850.0], [115615.0, 530.0], [115617.0, 15000.0], [115620.0, 10.0], [115624.5, 20.0], [115626.5, 35750.0], [115627.0, 45000.0], [115627.5, 40200.0], [115628.0, 6020.0], [115628.5, 20.0], [115629.0, 20.0], [115629.5, 20.0], [115630.0, 20.0], [115630.5, 20.0], [115631.0, 20.0], [115632.0, 27830.0], [115632.5, 200.0]]}}}
{"jsonrpc": "2.0", "method": "subscription", "params": {"channel": "book.BTC-PERPETUAL.none.20.100ms", "data": {"timestamp": 1757654305990, "change_id": 117135565575, "instrument_name": "BTC-PERPETUAL", "bids": [[115609.5, 1715640.0], [115609.0, 24050.0], [115604.5, 40000.0], [115603.5, 500.0], [115603.0, 45080.0], [115602.5, 20.0], [115601.5, 20.0], [115599.5, 91860.0], [115599.0, 236140.0], [115598.0, 25000.0], [115595.5, 38780.0], [115595.0, 45060.0], [115593.0, 66600.0], [115592.0, 16890.0], [115591.0, 700.0], [115588.0, 70010.0], [115587.5, 79800.0], [115585.5, 32480.0], [115585.0, 160000.0], [115582.5, 17460.0]], "asks": [[115610.0, 671270.0], [115610.5, 66600.0], [115611.0, 10060.0], [115612.5, 2850.0], [115615.0, 530.0], [115617.0, 15000.0], [115620.0, 10.0], [115624.5, 20.0], [115627.0, 45000.0], [115627.5, 40200.0], [115628.0, 6020.0], [115628.5, 20.0], [115629.0, 20.0], [115629.5, 20.0], [115630.0, 20.0], [115630.5, 20.0], [115631.0, 20.0], [115632.0, 27830.0], [115632.5, 200.0], [115634.0, 39050.0]]}}}
{"jsonrpc": "2.0", "method": "subscription", "params": {"channel": "book.BTC-PERPETUAL.none.20.100ms", "data": {"timestamp": 1757654306310, "change_id": 117135565810, "instrument_name": "BTC-PERPETUAL", "bids": [[115609.5, 1402130.0], [115609.0, 24050.0], [115604.5, 40000.0], [115603.5, 520.0], [115603.0, 45080.0], [115602.5, 20.0], [115601.5, 20.0], [115599.5, 91860.0], [115599.0, 236140.0], [115598.0, 25000.0], [115595.5, 38780.0], [115595.0, 45060.0], [115593.0, 66600.0], [115592.0, 16890.0], [115591.0, 700.0], [115588.0, 70010.0], [115587.5, 79800.0], [115585.5, 32480.0], [115585.0, 160000.0], [115582.5, 17460.0]], "asks": [[115610.0, 671260.0], [115610.5, 66600.0], [115611.0, 10060.0], [115612.5, 2850.0], [115615.0, 530.0], [115617.0, 15000.0], [115619.0, 15000.0], [115620.0, 10.0], [115624.5, 20.0], [115627.0, 45000.0], [115627.5, 40200.0], [115628.0, 6020.0], [115628.5, 20.0], [115629.0, 20.0], [115629.5, 20.0], [115630.0, 20.0], [115630.5, 20.0], [115631.0, 20.0], [115632.0, 27830.0], [115632.5, 200.0]]}}}
{"jsonrpc": "2.0", "method": "subscription", "params": {"channel": "book.BTC-PERPETUAL.none.20.100ms", "data": {"timestamp": 1757654306640, "change_id": 117135566490, "instrument_name": "BTC-PERPETUAL", "bids": [[115609.5, 1398760.0], [115609.0, 12000.0], [115604.5, 40000.0], [115603.5, 500.0], [115603.0, 80.0], [115602.5, 20.0], [115600.0, 20.0], [115599.5, 91880.0], [115599.0, 236160.0], [115598.0, 25000.0], [115597.0, 45000.0], [115595.5, 38780.0], [115595.0, 45060.0], [115593.0, 66600.0], [115592.0, 16890.0], [115591.0, 700.0], [115588.0, 70010.0], [115587.5, 79800.0], [115585.5, 32480.0], [115585.0, 160000.0]], "asks": [[115610.0, 671260.0], [115610.5, 66600.0], [115611.0, 10060.0], [115612.5, 2850.0], [115615.0, 530.0], [115617.0, 15000.0], [115619.0, 15000.0], [115620.0, 10.0], [115622.0, 11770.0], [115624.0, 45000.0], [115624.5, 20.0], [115626.0, 20.0], [115626.5, 20.0], [115627.0, 22770.0], [115627.5, 39700.0], [115628.0, 6020.0], [115632.0, 27830.0], [115632.5, 200.0], [115634.0, 39050.0], [115634.5, 32480.0]]}}}
{"jsonrpc": "2.0", "method": "subscription", "params": {"channel": "book.BTC-PERPETUAL.none.20.100ms", "data": {"timestamp": 1757654306972, "change_id": 117135566829, "instrument_name": "BTC-PERPETUAL", "bids": [[115609.5, 1708680.0], [115609.0, 12000.0], [115604.5, 40000.0], [115603.0, 80.0], [115602.5, 20.0], [115602.0, 20.0], [115601.5, 20.0], [115600.0, 520.0], [115599.5, 91880.0], [115599.0, 236160.0], [115598.5, 25000.0], [115597.0, 45000.0], [115595.5, 38780.0], [115595.0, 45060.0], [115593.0, 66600.0], [115592.0, 16890.0], [115591.0, 700.0], [115588.0, 70010.0], [115587.5, 79800.0], [115585.5, 32480.0]], "asks": [[115610.0, 670230.0], [115610.5, 66600.0], [115611.0, 10060.0], [115612.5, 2850.0], [115615.0, 530.0], [115617.0, 15000.0], [115619.0, 15000.0], [115620.0, 10.0], [115624.0, 45000.0], [115624.5, 20.0], [115627.5, 40180.0], [115628.0, 6020.0], [115631.5, 24980.0], [115632.0, 2850.0], [115632.5, 200.0], [115634.0, 39050.0], [115634.5, 32480.0], [115637.5, 101760.0], [115638.0, 99720.0], [115639.5, 13020.0]]}}}
{"jsonrpc": "2.0", "method": "subscription", "params": {"channel": "book.BTC-PERPETUAL.none.20.100ms", "data": {"timestamp": 1757654307296, "change_id": 117135567086, "instrument_name": "BTC-PERPETUAL", "bids": [[115609.5, 1711050.0], [115609.0, 12000.0], [115604.5, 40000.0], [115603.0, 80.0], [115602.5, 20.0], [115602.0, 20.0], [115601.5, 20.0], [115600.0, 520.0], [115599.5, 91880.0], [115599.0, 236160.0], [115598.5, 25000.0], [115597.0, 45000.0], [115595.5, 38780.0], [115595.0, 45060.0], [115593.0, 66600.0], [115592.0, 16890.0], [115591.0, 700.0], [115588.0, 70010.0], [115587.5, 79800.0], [115585.5, 32480.0]], "asks": [[115610.0, 728130.0], [115610.5, 66600.0], [115611.0, 10060.0], [115612.5, 2850.0], [115615.0, 530.0], [115617.0, 15000.0], [115619.0, 15000.0], [115620.0, 10.0], [115624.0, 45000.0], [115624.5, 20.0], [115627.5, 40180.0], [115628.0, 6020.0], [115631.5, 24980.0], [115632.0, 2850.0], [115632.5, 200.0], [115634.0, 39050.0], [115634.5, 32480.0], [115637.5, 101760.0], [115638.0, 99720.0], [115639.5, 13020.0]]}}}
{"jsonrpc": "2.0", "method": "subscription", "params": {"channel": "book.BTC-PERPETUAL.none.20.100ms", "data": {"timestamp": 1757654307639, "change_id": 117135567740, "instrument_name": "BTC-PERPETUAL", "bids": [[115609.5, 1713250.0], [115609.0, 12000.0], [115604.5, 40000.0], [115603.0, 60.0], [115602.5, 20.0], [115602.0, 20.0], [115601.5, 20.0], [115601.0, 20.0], [115600.5, 20.0], [115600.0, 520.0], [115599.5, 91880.0], [115599.0, 236160.0], [115598.5, 25000.0], [115597.0, 45000.0], [115595.5, 38780.0], [115595.0, 45060.0], [115593.0, 66600.0], [115592.0, 16890.0], [115591.0, 700.0], [115588.0, 70010.0]], "asks": [[115610.0, 728130.0], [115610.5, 66600.0], [115611.0, 10060.0], [115612.5, 2850.0], [115615.0, 530.0], [115617.0, 15000.0], [115619.0, 15000.0], [115620.0, 10.0], [115622.0, 12050.0], [115624.0, 45000.0], [115624.5, 20.0], [115625.5, 20.0], [115626.0, 20.0], [115626.5, 20.0], [115627.0, 20.0], [115627.5, 40200.0], [115628.0, 6020.0], [115628.5, 20.0], [115631.5, 24980.0], [115632.0, 2850.0]]}}}
{"jsonrpc": "2.0", "method": "subscription", "params": {"channel": "book.BTC-PERPETUAL.none.20.100ms", "data": {"timestamp": 1757654307976, "change_id": 117135568009, "instrument_name": "BTC-PERPETUAL", "bids": [[115609.5, 1713250.0], [115609.0, 12000.0], [115604.5, 40000.0], [115603.0, 80.0], [115602.5, 20.0], [115602.0, 20.0], [115601.5, 45020.0], [115600.0, 500.0], [115599.5, 91860.0], [115599.0, 236140.0], [115598.5, 25000.0], [115595.5, 38780.0], [115595.0, 45060.0], [115593.0, 66600.0], [115592.0, 16890.0], [115591.0, 700.0], [115588.0, 70010.0], [115587.5, 79800.0], [115585.5, 32480.0], [115585.0, 160000.0]], "asks": [[115610.0, 673080.0], [115610.5, 66600.0], [115611.0, 10060.0], [115615.0, 530.0], [115617.0, 15000.0], [115619.0, 15000.0], [115620.0, 10.0], [115624.0, 45000.0], [115624.5, 20.0], [115627.5, 40180.0], [115628.0, 6020.0], [115628.5, 20.0], [115631.5, 24980.0], [115632.0, 2850.0], [115632.5, 200.0], [115634.0, 39050.0], [115634.5, 32480.0], [115637.5, 101760.0], [115638.0, 99720.0], [115639.5, 13020.0]]}}}
{"jsonrpc": "2.0", "method": "subscription", "params": {"channel": "book.BTC-PERPETUAL.none.20.100ms", "data": {"timestamp": 1757654308306, "change_id": 117135568259, "instrument_name": "BTC-PERPETUAL", "bids": [[115609.5, 1713250.0], [115609.0, 12000.0], [115604.5, 40000.0], [115603.0, 80.0], [115602.5, 20.0], [115602.0, 520.0], [115601.5, 45020.0], [115599.5, 91860.0], [115599.0, 236140.0], [115598.5, 25000.0], [115595.5, 38780.0], [115595.0, 45060.0], [115593.0, 66600.0], [115592.0, 16890.0], [115591.0, 700.0], [115588.0, 70010.0], [115587.5, 79800.0], [115585.5, 32480.0], [115585.0, 160000.0], [115582.5, 17460.0]], "asks": [[115610.0, 725480.0], [115610.5, 66600.0], [115611.0, 10060.0], [115615.0, 530.0], [115617.0, 15000.0], [115619.0, 15000.0], [115620.0, 10.0], [115624.0, 45000.0], [115624.5, 20.0], [115627.0, 500.0], [115627.5, 39680.0], [115628.0, 6000.0], [115628.5, 20.0], [115631.5, 24980.0], [115632.0, 2850.0], [115632.5, 200.0], [115634.0, 39050.0], [115634.5, 32480.0], [115637.5, 101760.0], [115638.0, 99720.0]]}}}
{"jsonrpc": "2.0", "method": "subscription", "params": {"channel": "book.BTC-PERPETUAL.none.20.100ms", "data": {"timestamp": 1757654308639, "change_id": 117135568931, "instrument_name": "BTC-PERPETUAL", "bids": [[115609.5, 1713250.0], [115609.0, 12000.0], [115606.5, 20.0], [115606.0, 20.0], [115605.5, 20.0], [115605.0, 20.0], [115604.5, 40020.0], [115604.0, 20.0], [115603.5, 20.0], [115603.0, 80.0], [115602.0, 89570.0], [115601.5, 45000.0], [115600.5, 233150.0], [115599.0, 2850.0], [115598.0, 25000.0], [115595.5, 38780.0], [115595.0, 45060.0], [115593.0, 66600.0], [115592.0, 16890.0], [115591.0, 700.0]], "asks": [[115610.0, 437080.0], [115610.5, 66600.0], [115611.0, 10060.0], [115615.0, 530.0], [115617.0, 15000.0], [115619.0, 15000.0], [115620.0, 10.0], [115624.0, 45000.0], [115624.5, 20.0], [115627.5, 39680.0], [115628.0, 6000.0], [115629.0, 20.0], [115629.5, 20.0], [115630.0, 20.0], [115630.5, 20.0], [115631.0, 500.0], [115632.5, 200.0], [115633.5, 24980.0], [115634.0, 39050.0], [115634.5, 32480.0]]}}}
{"jsonrpc": "2.0", "method": "subscription", "params": {"channel": "book.BTC-PERPETUAL.none.20.100ms", "data": {"timestamp": 1757654308958, "change_id": 117135569255, "instrument_name": "BTC-PERPETUAL", "bids": [[115609.5, 1714220.0], [115609.0, 12000.0], [115604.5, 40000.0], [115603.0, 60.0], [115602.5, 500.0], [115602.0, 89070.0], [115601.5, 45000.0], [115600.5, 233150.0], [115599.0, 2850.0], [115596.0, 25000.0], [115595.5, 38780.0], [115595.0, 45060.0], [115593.0, 66600.0], [115592.0, 16890.0], [115591.0, 700.0], [115588.0, 70010.0], [115587.5, 79800.0], [115587.0, 1000.0], [115585.5, 32480.0], [115585.0, 160000.0]], "asks": [[115610.0, 670180.0], [115610.5, 66600.0], [115611.0, 10060.0], [115611.5, 2850.0], [115615.0, 530.0], [115617.0, 15000.0], [115619.0, 15000.0], [115620.0, 10.0], [115624.0, 45000.0], [115624.5, 20.0], [115627.5, 39680.0], [115628.0, 6000.0], [115630.0, 20.0], [115630.5, 520.0], [115631.0, 20.0], [115631.5, 20.0], [115632.0, 27850.0], [115632.5, 220.0], [115634.0, 39050.0], [115634.5, 32480.0]]}}}
{"jsonrpc": "2.0", "method": "subscription", "params": {"channel": "book.BTC-PERPETUAL.none.20.100ms", "data": {"timestamp": 1757654309284, "change_id": 117135569491, "instrument_name": "BTC-PERPETUAL", "bids": [[115609.5, 1714220.0], [115609.0, 12000.0], [115605.0, 500.0], [115604.5, 40000.0], [115603.0, 60.0], [115602.0, 89070.0], [115601.5, 45000.0], [115600.5, 233150.0], [115599.0, 2850.0], [115596.0, 25000.0], [115595.5, 38780.0], [115595.0, 45060.0], [115593.0, 66600.0], [115592.0, 16890.0], [115591.0, 700.0], [115588.0, 70010.0], [115587.5, 79800.0], [115587.0, 1000.0], [115585.5, 32480.0], [115585.0, 160000.0]], "asks": [[115610.0, 716180.0], [115610.5, 66600.0], [115611.0, 10060.0], [115611.5, 2850.0], [115615.0, 530.0], [115617.0, 15000.0], [115619.0, 15000.0], [115620.0, 10.0], [115624.0, 45000.0], [115624.5, 20.0], [115627.5, 39680.0], [115628.0, 6000.0], [115630.0, 20.0], [115630.5, 520.0], [115631.0, 20.0], [115631.5, 20.0], [115632.0, 27850.0], [115632.5, 220.0], [115634.0, 39050.0], [115634.5, 32480.0]]}}}
{"jsonrpc": "2.0", "method": "subscription", "params": {"channel": "book.BTC-PERPETUAL.none.20.100ms", "data": {"timestamp": 1757654309614, "change_id": 117135570152, "instrument_name": "BTC-PERPETUAL", "bids": [[115609.5, 1714220.0], [115609.0, 12000.0], [115605.0, 500.0], [115604.5, 40000.0], [115603.0, 60.0], [115602.0, 89070.0], [115601.5, 45000.0], [115600.5, 233150.0], [115599.0, 2850.0], [115596.0, 25000.0], [115595.5, 38780.0], [115595.0, 45060.0], [115593.0, 66600.0], [115592.0, 16890.0], [115591.0, 700.0], [115588.0, 70010.0], [115587.5, 79800.0], [115587.0, 1000.0], [115585.5, 32480.0], [115585.0, 160000.0]], "asks": [[115610.0, 716180.0], [115610.5, 66600.0], [115611.0, 10060.0], [115611.5, 2850.0], [115615.0, 530.0], [115617.0, 15000.0], [115619.0, 15000.0], [115620.0, 10.0], [115622.0, 12050.0], [115624.0, 45000.0], [115624.5, 20.0], [115627.5, 39680.0], [115628.0, 6000.0], [115630.0, 520.0], [115630.5, 20.0], [115631.0, 20.0], [115631.5, 20.0], [115632.0, 27850.0], [115632.5, 220.0], [115634.0, 39050.0]]}}}
{"jsonrpc": "2.0", "method": "subscription", "params": {"channel": "book.BTC-PERPETUAL.none.20.100ms", "data": {"timestamp": 1757654309954, "change_id": 117135570546, "instrument_name": "BTC-PERPETUAL", "bids": [[115609.5, 1713080.0], [115609.0, 12000.0], [115605.0, 500.0], [115604.5, 40000.0], [115603.0, 60.0], [115602.5, 20.0], [115602.0, 89090.0], [115601.5, 45020.0], [115601.0, 20.0], [115600.5, 233170.0], [115599.0, 2850.0], [115596.0, 25000.0], [115595.5, 38780.0], [115595.0, 45060.0], [115593.0, 66600.0], [115592.0, 16890.0], [115591.0, 700.0], [115588.0, 70010.0], [115587.5, 79800.0], [115587.0, 1000.0]], "asks": [[115610.0, 716180.0], [115610.5, 66600.0], [115611.0, 10060.0], [115611.5, 2850.0], [115615.0, 530.0], [115617.0, 15000.0], [115619.0, 15000.0], [115620.0, 10.0], [115622.0, 12050.0], [115624.0, 45000.0], [115624.5, 20.0], [115627.0, 20.0], [115627.5, 39700.0], [115628.0, 6020.0], [115628.5, 20.0], [115631.0, 500.0], [115631.5, 24980.0], [115632.0, 2850.0], [115632.5, 200.0], [115634.0, 39050.0]]}}}
{"jsonrpc": "2.0", "method": "subscription", "params": {"channel": "book.BTC-PERPETUAL.none.20.100ms", "data": {"timestamp": 1757654310216, "change_id": 117135570771, "instrument_name": "BTC-PERPETUAL", "bids": [[115609.5, 1713080.0], [115609.0, 12000.0], [115605.0, 500.0], [115604.5, 40000.0], [115603.0, 60.0], [115602.5, 20.0], [115602.0, 89090.0], [115601.5, 45020.0], [115601.0, 20.0], [115600.5, 233170.0], [115599.0, 2850.0], [115596.0, 25000.0], [115595.5, 38780.0], [115595.0, 45060.0], [115593.0, 66600.0], [115592.0, 16890.0], [115591.0, 700.0], [115588.0, 70010.0], [115587.5, 79800.0], [115587.0, 1000.0]], "asks": [[115610.0, 732890.0], [115610.5, 66600.0], [115611.0, 10060.0], [115611.5, 2850.0], [115612.5, 10.0], [115615.0, 530.0], [115617.0, 15000.0], [115619.0, 15000.0], [115620.0, 10.0], [115622.0, 12050.0], [115624.0, 45000.0], [115624.5, 20.0], [115627.0, 20.0], [115627.5, 39700.0], [115628.0, 6020.0], [115628.5, 20.0], [115631.0, 500.0], [115631.5, 24980.0], [115632.0, 2850.0], [115632.5, 200.0]]}}}
{"jsonrpc": "2.0", "method": "subscription", "params": {"channel": "book.BTC-PERPETUAL.none.20.100ms", "data": {"timestamp": 1757654310572, "change_id": 117135571137, "instrument_name": "BTC-PERPETUAL", "bids": [[115609.5, 1667590.0], [115609.0, 12000.0], [115605.0, 500.0], [115604.5, 40000.0], [115603.0, 60.0], [115602.5, 20.0], [115602.0, 89090.0], [115601.5, 45020.0], [115601.0, 20.0], [115600.5, 233170.0], [115599.0, 2850.0], [115596.0, 25000.0], [115595.5, 38780.0], [115595.0, 45060.0], [115593.0, 66600.0], [115592.0, 16890.0], [115591.0, 700.0], [115588.0, 70010.0], [115587.5, 79800.0], [115587.0, 1000.0]], "asks": [[115610.0, 716190.0], [115610.5, 66600.0], [115611.0, 10060.0], [115611.5, 2850.0], [115612.5, 10.0], [115615.0, 530.0], [115617.0, 15000.0], [115619.0, 15000.0], [115620.0, 10.0], [115622.0, 12050.0], [115624.0, 45000.0], [115624.5, 20.0], [115627.0, 20.0], [115627.5, 39700.0], [115628.0, 6020.0], [115628.5, 20.0], [115631.0, 500.0], [115631.5, 24980.0], [115632.0, 2850.0], [115632.5, 200.0]]}}}
{"jsonrpc": "2.0", "method": "subscription", "params": {"channel": "book.BTC-PERPETUAL.none.20.100ms", "data": {"timestamp": 1757654310950, "change_id": 117135571590, "instrument_name": "BTC-PERPETUAL", "bids": [[115609.5, 1667590.0], [115609.0, 12000.0], [115605.0, 500.0], [115604.5, 40000.0], [115603.5, 20.0], [115603.0, 80.0], [115602.5, 20.0], [115602.0, 89090.0], [115601.5, 45020.0], [115601.0, 20.0], [115600.5, 233170.0], [115600.0, 20.0], [115599.0, 2850.0], [115596.0, 25000.0], [115595.5, 38780.0], [115595.0, 45060.0], [115593.0, 66600.0], [115592.0, 16890.0], [115591.0, 700.0], [115588.0, 70010.0]], "asks": [[115610.0, 711190.0], [115610.5, 66600.0], [115611.0, 10060.0], [115611.5, 2850.0], [115612.5, 10.0], [115615.0, 530.0], [115617.0, 15000.0], [115619.0, 15000.0], [115620.0, 10.0], [115622.0, 12050.0], [115624.0, 45000.0], [115624.5, 20.0], [115626.0, 20.0], [115626.5, 20.0], [115627.0, 20.0], [115627.5, 39700.0], [115628.0, 6020.0], [115628.5, 20.0], [115629.0, 20.0], [115629.5, 20.0]]}}}
{"jsonrpc": "2.0", "method": "subscription", "params": {"channel": "book.BTC-PERPETUAL.none.20.100ms", "data": {"timestamp": 1757654311276, "change_id": 117135571905, "instrument_name": "BTC-PERPETUAL", "bids": [[115609.5, 1646090.0], [115609.0, 12000.0], [115605.0, 500.0], [115604.5, 40020.0], [115604.0, 20.0], [115603.5, 20.0], [115603.0, 80.0], [115602.5, 20.0], [115602.0, 89060.0], [115601.5, 45000.0], [115599.0, 2850.0], [115598.0, 233050.0], [115596.0, 25000.0], [115595.5, 38780.0], [115595.0, 45060.0], [115593.0, 66600.0], [115592.0, 16890.0], [115591.0, 700.0], [115588.0, 70010.0], [115587.5, 79800.0]], "asks": [[115610.0, 703090.0], [115610.5, 66600.0], [115611.0, 10060.0], [115611.5, 2850.0], [115612.5, 10.0], [115615.0, 530.0], [115617.0, 15000.0], [115619.0, 15000.0], [115620.0, 10.0], [115624.0, 45000.0], [115624.5, 20.0], [115627.5, 39680.0], [115628.0, 6020.0], [115628.5, 20.0], [115629.0, 20.0], [115629.5, 20.0], [115630.0, 20.0], [115630.5, 20.0], [115631.0, 520.0], [115632.0, 27830.0]]}}}
{"jsonrpc": "2.0", "method": "subscription", "params": {"channel": "book.BTC-PERPETUAL.none.20.100ms", "data": {"timestamp": 1757654311614, "change_id": 117135572547, "instrument_name": "BTC-PERPETUAL", "bids": [[115609.5, 1645840.0], [115609.0, 12000.0], [115605.0, 500.0], [115604.5, 40000.0], [115603.5, 20.0], [115603.0, 80.0], [115602.5, 20.0], [115602.0, 89060.0], [115601.5, 45000.0], [115599.0, 2850.0], [115598.0, 233050.0], [115596.0, 25000.0], [115595.5, 38780.0], [115595.0, 45060.0], [115593.0, 66600.0], [115592.0, 16890.0], [115591.0, 700.0], [115588.0, 70010.0], [115587.5, 79800.0], [115587.0, 1000.0]], "asks": [[115610.0, 703010.0], [115610.5, 66600.0], [115611.0, 10060.0], [115612.5, 10.0], [115615.0, 530.0], [115617.0, 15000.0], [115619.0, 15000.0], [115620.0, 10.0], [115624.0, 45000.0], [115624.5, 20.0], [115627.5, 39680.0], [115628.0, 6000.0], [115629.5, 20.0], [115630.0, 20.0], [115630.5, 25000.0], [115631.0, 20.0], [115631.5, 500.0], [115632.0, 2850.0], [115632.5, 200.0], [115634.0, 39050.0]]}}}
{"jsonrpc": "2.0", "method": "subscription", "params": {"channel": "book.BTC-PERPETUAL.none.20.100ms", "data": {"timestamp": 1757654311933, "change_id": 117135572762, "instrument_name": "BTC-PERPETUAL", "bids": [[115609.5, 1552000.0], [115609.0, 12000.0], [115605.0, 500.0], [115604.5, 40000.0], [115603.5, 20.0], [115603.0, 80.0], [115602.5, 20.0], [115602.0, 89060.0], [115601.5, 45000.0], [115599.0, 2850.0], [115598.0, 233050.0], [115596.0, 25000.0], [115595.5, 38780.0], [115595.0, 45060.0], [115593.0, 66600.0], [115592.0, 16890.0], [115591.0, 700.0], [115588.0, 70010.0], [115587.5, 79800.0], [115587.0, 1000.0]], "asks": [[115610.0, 702760.0], [115610.5, 66600.0], [115611.0, 12910.0], [115612.5, 10.0], [115615.0, 530.0], [115617.0, 15000.0], [115619.0, 15000.0], [115620.0, 10.0], [115624.0, 45000.0], [115624.5, 20.0], [115627.5, 39680.0], [115628.0, 6000.0], [115629.5, 20.0], [115630.0, 520.0], [115630.5, 25000.0], [115631.0, 20.0], [115632.0, 2850.0], [115632.5, 200.0], [115634.0, 39050.0], [115634.5, 32480.0]]}}}
{"jsonrpc": "2.0", "method": "subscription", "params": {"channel": "book.BTC-PERPETUAL.none.20.100ms", "data": {"timestamp": 1757654312280, "change_id": 117135573064, "instrument_name": "BTC-PERPETUAL", "bids": [[115609.5, 1517930.0], [115609.0, 12000.0], [115604.5, 40000.0], [115603.0, 60.0], [115602.5, 500.0], [115602.0, 89060.0], [115601.5, 45020.0], [115601.0, 20.0], [115598.5, 25000.0], [115598.0, 233050.0], [115595.5, 38780.0], [115595.0, 45060.0], [115593.0, 66600.0], [115592.0, 16890.0], [115591.0, 700.0], [115588.0, 70010.0], [115587.5, 79800.0], [115587.0, 1000.0], [115585.5, 32480.0], [115585.0, 160000.0]], "asks": [[115610.0, 702760.0], [115610.5, 66600.0], [115611.0, 12910.0], [115612.5, 10.0], [115615.0, 530.0], [115617.0, 15000.0], [115619.0, 15000.0], [115620.0, 10.0], [115622.0, 12050.0], [115624.0, 45000.0], [115624.5, 20.0], [115625.5, 20.0], [115626.0, 20.0], [115626.5, 20.0], [115627.0, 21410.0], [115627.5, 39700.0], [115628.0, 6020.0], [115628.5, 20.0], [115629.0, 20.0], [115630.0, 500.0]]}}}
{"jsonrpc": "2.0", "method": "subscription", "params": {"channel": "book.BTC-PERPETUAL.none.20.100ms", "data": {"timestamp": 1757654312608, "change_id": 117135573750, "instrument_name": "BTC-PERPETUAL", "bids": [[115609.5, 1698280.0], [115609.0, 12000.0], [115604.5, 40000.0], [115603.0, 60.0], [115602.5, 500.0], [115602.0, 89040.0], [115601.5, 45020.0], [115601.0, 20.0], [115600.5, 20.0], [115599.0, 2850.0], [115598.0, 233050.0], [115595.5, 38780.0], [115595.0, 45060.0], [115594.5, 25000.0], [115593.0, 66600.0], [115592.0, 16890.0], [115591.0, 700.0], [115588.0, 70010.0], [115587.5, 79800.0], [115587.0, 1000.0]], "asks": [[115610.0, 702760.0], [115610.5, 66600.0], [115611.0, 12910.0], [115612.5, 10.0], [115615.0, 530.0], [115617.0, 15000.0], [115619.0, 15000.0], [115620.0, 10.0], [115621.5, 6000.0], [115622.0, 12050.0], [115624.0, 45000.0], [115624.5, 20.0], [115626.0, 20.0], [115626.5, 20.0], [115627.0, 18830.0], [115627.5, 39700.0], [115628.0, 20.0], [115628.5, 20.0], [115629.0, 520.0], [115630.5, 24980.0]]}}}
{"jsonrpc": "2.0", "method": "subscription", "params": {"channel": "book.BTC-PERPETUAL.none.20.100ms", "data": {"timestamp": 1757654312910, "change_id": 117135574041, "instrument_name": "BTC-PERPETUAL", "bids": [[115609.5, 1687170.0], [115609.0, 12000.0], [115604.5, 40000.0], [115603.0, 60.0], [115602.5, 500.0], [115602.0, 89040.0], [115601.5, 45000.0], [115601.0, 20.0], [115600.5, 20.0], [115598.0, 233050.0], [115595.5, 38780.0], [115595.0, 45060.0], [115594.5, 25000.0], [115593.0, 66600.0], [115592.0, 16890.0], [115591.0, 700.0], [115588.0, 70010.0], [115587.5, 79800.0], [115587.0, 1000.0], [115585.5, 32480.0]], "asks": [[115610.0, 702960.0], [115610.5, 66600.0], [115611.0, 12910.0], [115612.5, 10.0], [115615.0, 530.0], [115617.0, 15000.0], [115619.0, 15000.0], [115620.0, 10.0], [115621.5, 6000.0], [115622.0, 12050.0], [115624.0, 45000.0], [115624.5, 20.0], [115626.0, 20.0], [115626.5, 20.0], [115627.0, 18830.0], [115627.5, 39700.0], [115628.0, 20.0], [115628.5, 20.0], [115629.0, 20.0], [115630.0, 500.0]]}}}
{"jsonrpc": "2.0", "method": "subscription", "params": {"channel": "book.BTC-PERPETUAL.none.20.100ms", "data": {"timestamp": 1757654313271, "change_id": 117135574339, "instrument_name": "BTC-PERPETUAL", "bids": [[115609.5, 1690020.0], [115609.0, 12000.0], [115604.5, 40000.0], [115603.0, 60.0], [115602.5, 500.0], [115602.0, 89040.0], [115601.5, 45020.0], [115601.0, 20.0], [115600.5, 20.0], [115600.0, 20.0], [115599.5, 20.0], [115599.0, 2870.0], [115598.5, 20.0], [115598.0, 233070.0], [115595.5, 38780.0], [115595.0, 45060.0], [115594.5, 25000.0], [115593.0, 66600.0], [115592.0, 16890.0], [115591.0, 700.0]], "asks": [[115610.0, 736560.0], [115610.5, 66600.0], [115611.0, 12910.0], [115612.5, 10.0], [115615.0, 530.0], [115617.0, 15000.0], [115619.0, 15000.0], [115620.0, 10.0], [115621.5, 6000.0], [115622.0, 12050.0], [115624.0, 45000.0], [115624.5, 20.0], [115625.0, 20.0], [115626.0, 20.0], [115626.5, 20.0], [115627.0, 18830.0], [115627.5, 39700.0], [115628.0, 20.0], [115630.0, 500.0], [115630.5, 24980.0]]}}}
{"jsonrpc": "2.0", "method": "subscription", "params": {"channel": "book.BTC-PERPETUAL.none.20.100ms", "data": {"timestamp": 1757654313547, "change_id": 117135574855, "instrument_name": "BTC-PERPETUAL", "bids": [[115609.5, 1690020.0], [115609.0, 12000.0], [115604.5, 40000.0], [115603.0, 60.0], [115602.5, 500.0], [115602.0, 89040.0], [115601.5, 45020.0], [115601.0, 20.0], [115600.5, 20.0], [115600.0, 20.0], [115599.5, 20.0], [115599.0, 2870.0], [115598.5, 20.0], [115598.0, 233070.0], [115595.5, 38780.0], [115595.0, 45060.0], [115594.5, 25000.0], [115593.0, 66600.0], [115592.0, 16890.0], [115591.0, 700.0]], "asks": [[115610.0, 736560.0], [115610.5, 66600.0], [115611.0, 10060.0], [115612.5, 10.0], [115615.0, 530.0], [115617.0, 15000.0], [115619.0, 15000.0], [115620.0, 10.0], [115621.5, 6000.0], [115622.0, 12050.0], [115624.0, 45000.0], [115624.5, 40.0], [115625.0, 20.0], [115625.5, 20.0], [115626.0, 20.0], [115626.5, 20.0], [115627.0, 18820.0], [115627.5, 39700.0], [115628.0, 20.0], [115630.0, 500.0]]}}}
{"jsonrpc": "2.0", "method": "subscription", "params": {"channel": "book.BTC-PERPETUAL.none.20.100ms", "data": {"timestamp": 1757654313902, "change_id": 117135575410, "instrument_name": "BTC-PERPETUAL", "bids": [[115609.5, 1690020.0], [115609.0, 12000.0], [115604.5, 40000.0], [115603.0, 60.0], [115602.5, 500.0], [115602.0, 89060.0], [115601.5, 45020.0], [115601.0, 20.0], [115600.5, 20.0], [115600.0, 20.0], [115599.5, 20.0], [115599.0, 2870.0], [115598.5, 20.0], [115598.0, 233050.0], [115595.5, 38780.0], [115595.0, 45060.0], [115594.5, 25000.0], [115593.0, 66600.0], [115592.0, 16890.0], [115591.0, 700.0]], "asks": [[115610.0, 739410.0], [115610.5, 66600.0], [115611.0, 10060.0], [115612.5, 10.0], [115615.0, 530.0], [115617.0, 15000.0], [115619.0, 15000.0], [115620.0, 10.0], [115621.5, 6000.0], [115622.0, 12050.0], [115624.0, 45000.0], [115624.5, 20.0], [115625.0, 20.0], [115625.5, 20.0], [115626.0, 20.0], [115626.5, 20.0], [115627.0, 18820.0], [115627.5, 39700.0], [115628.0, 20.0], [115628.5, 20.0]]}}}
{"jsonrpc": "2.0", "method": "subscription", "params": {"channel": "book.BTC-PERPETUAL.none.20.100ms", "data": {"timestamp": 1757654314257, "change_id": 117135575726, "instrument_name": "BTC-PERPETUAL", "bids": [[115609.5, 1690020.0], [115609.0, 12000.0], [115604.5, 40000.0], [115603.0, 60.0], [115602.5, 500.0], [115602.0, 89040.0], [115601.5, 45020.0], [115600.5, 20.0], [115600.0, 20.0], [115599.5, 20.0], [115599.0, 2870.0], [115598.5, 20.0], [115598.0, 233070.0], [115597.5, 20.0], [115595.5, 38780.0], [115595.0, 45060.0], [115593.5, 25000.0], [115593.0, 66600.0], [115592.0, 16890.0], [115591.0, 700.0]], "asks": [[115610.0, 788610.0], [115610.5, 66600.0], [115611.0, 10060.0], [115612.5, 10.0], [115615.0, 530.0], [115617.0, 15000.0], [115619.0, 15000.0], [115620.0, 10.0], [115621.5, 6000.0], [115622.0, 12050.0], [115624.0, 45000.0], [115624.5, 20.0], [115625.0, 20.0], [115625.5, 20.0], [115626.0, 20.0], [115626.5, 20.0], [115627.0, 10130.0], [115627.5, 4700.0], [115630.0, 24980.0], [115632.0, 2850.0]]}}}
{"jsonrpc": "2.0", "method": "subscription", "params": {"channel": "book.BTC-PERPETUAL.none.20.100ms", "data": {"timestamp": 1757654314588, "change_id": 117135576369, "instrument_name": "BTC-PERPETUAL", "bids": [[115609.5, 1649820.0], [115609.0, 12000.0], [115604.5, 40000.0], [115603.0, 60.0], [115602.0, 82670.0], [115601.5, 45000.0], [115599.5, 500.0], [115599.0, 2870.0], [115598.5, 20.0], [115598.0, 20.0], [115597.5, 20.0], [115596.5, 200.0], [115596.0, 232950.0], [115595.5, 38780.0], [115595.0, 45060.0], [115593.0, 91600.0], [115592.0, 16890.0], [115591.0, 700.0], [115588.0, 70010.0], [115587.5, 79800.0]], "asks": [[115610.0, 788610.0], [115610.5, 66600.0], [115611.0, 10060.0], [115612.5, 10.0], [115615.0, 530.0], [115617.0, 15000.0], [115619.0, 15000.0], [115620.0, 10.0], [115621.5, 23140.0], [115622.0, 12050.0], [115624.0, 45000.0], [115624.5, 20.0], [115625.0, 20.0], [115625.5, 20.0], [115626.0, 20.0], [115626.5, 520.0], [115627.0, 9630.0], [115627.5, 4700.0], [115631.0, 24980.0], [115632.0, 2850.0]]}}}
{"jsonrpc": "2.0", "method": "subscription", "params": {"channel": "book.BTC-PERPETUAL.none.20.100ms", "data": {"timestamp": 1757654314919, "change_id": 117135576856, "instrument_name": "BTC-PERPETUAL", "bids": [[115609.5, 1632820.0], [115604.5, 40000.0], [115600.0, 1080.0], [115599.0, 2850.0], [115596.5, 260.0], [115596.0, 500.0], [115595.5, 122790.0], [115595.0, 90060.0], [115594.5, 232940.0], [115593.0, 66600.0], [115592.0, 16890.0], [115591.0, 700.0], [115590.0, 25000.0], [115588.0, 70010.0], [115587.5, 79800.0], [115585.5, 32480.0], [115585.0, 160000.0], [115582.5, 11170.0], [115579.0, 27570.0], [115578.5, 50.0]], "asks": [[115610.0, 555590.0], [115610.5, 95300.0], [115611.0, 10060.0], [115612.5, 10.0], [115615.0, 530.0], [115615.5, 8850.0], [115616.5, 21380.0], [115617.0, 15000.0], [115617.5, 45000.0], [115620.0, 10.0], [115621.5, 3790.0], [115622.0, 12050.0], [115623.5, 500.0], [115624.5, 20.0], [115625.0, 20.0], [115625.5, 20.0], [115626.0, 2300.0], [115626.5, 20.0], [115627.0, 20.0], [115627.5, 4700.0]]}}}
{"jsonrpc": "2.0", "method": "subscription", "params": {"channel": "book.BTC-PERPETUAL.none.20.100ms", "data": {"timestamp": 1757654315257, "change_id": 117135577777, "instrument_name": "BTC-PERPETUAL", "bids": [[115609.5, 1707280.0], [115609.0, 25650.0], [115608.5, 45000.0], [115604.5, 40000.0], [115603.0, 60.0], [115601.0, 81350.0], [115600.0, 272840.0], [115599.5, 25000.0], [115599.0, 2850.0], [115598.5, 20.0], [115598.0, 20.0], [115597.5, 20.0], [115597.0, 20.0], [115596.5, 20.0], [115595.5, 46280.0], [115595.0, 45060.0], [115593.0, 66600.0], [115592.0, 16890.0], [115591.0, 700.0], [115588.5, 20990.0]], "asks": [[115610.0, 226420.0], [115611.0, 10000.0], [115612.5, 70.0], [115614.0, 66600.0], [115615.0, 530.0], [115616.5, 232940.0], [115617.0, 15000.0], [115620.0, 10.0], [115624.5, 20.0], [115631.5, 35000.0], [115632.0, 2850.0], [115632.5, 45000.0], [115633.5, 25180.0], [115634.5, 32480.0], [115637.0, 500.0], [115639.5, 12020.0], [115640.0, 1100.0], [115641.5, 25190.0], [115643.0, 64390.0], [115643.5, 214640.0]]}}}
{"jsonrpc": "2.0", "method": "subscription", "params": {"channel": "book.BTC-PERPETUAL.none.20.100ms", "data": {"timestamp": 1757654315568, "change_id": 117135578407, "instrument_name": "BTC-PERPETUAL", "bids": [[115609.5, 1706780.0], [115609.0, 25650.0], [115608.5, 45000.0], [115607.0, 20.0], [115606.5, 20.0], [115606.0, 20.0], [115605.0, 500.0], [115604.5, 40000.0], [115603.0, 2950.0], [115601.5, 91030.0], [115601.0, 232940.0], [115600.0, 64900.0], [115599.0, 5480.0], [115598.5, 20.0], [115598.0, 20.0], [115597.5, 20.0], [115597.0, 20.0], [115596.5, 20.0], [115595.5, 46280.0], [115595.0, 45060.0]], "asks": [[115610.0, 225170.0], [115611.0, 10000.0], [115612.5, 70.0], [115614.0, 66600.0], [115615.0, 530.0], [115616.5, 232940.0], [115617.0, 15000.0], [115619.0, 2850.0], [115620.0, 10.0], [115620.5, 15000.0], [115624.5, 20.0], [115631.5, 35500.0], [115632.0, 2850.0], [115632.5, 45000.0], [115633.5, 200.0], [115634.0, 24980.0], [115634.5, 32480.0], [115639.5, 12020.0], [115640.0, 1100.0], [115641.5, 25190.0]]}}}
{"jsonrpc": "2.0", "method": "subscription", "params": {"channel": "book.BTC-PERPETUAL.none.20.100ms", "data": {"timestamp": 1757654315918, "change_id": 117135579046, "instrument_name": "BTC-PERPETUAL", "bids": [[115609.5, 1706770.0], [115609.0, 25650.0], [115608.5, 45000.0], [115605.0, 500.0], [115604.5, 272940.0], [115603.0, 2950.0], [115601.5, 25000.0], [115600.5, 21140.0], [115600.0, 39900.0], [115599.0, 5480.0], [115598.5, 20.0], [115598.0, 20.0], [115595.5, 25260.0], [115593.0, 66600.0], [115592.0, 16890.0], [115591.0, 700.0], [115588.0, 70010.0], [115587.5, 40000.0], [115586.0, 20990.0], [115585.5, 32480.0]], "asks": [[115610.0, 225170.0], [115610.5, 232940.0], [115611.0, 10000.0], [115612.5, 70.0], [115614.0, 66600.0], [115615.0, 530.0], [115617.0, 15000.0], [115619.0, 2850.0], [115620.0, 10.0], [115620.5, 15000.0], [115624.5, 20.0], [115629.5, 45000.0], [115631.5, 35500.0], [115632.0, 2850.0], [115633.5, 200.0], [115634.0, 24980.0], [115634.5, 32480.0], [115639.5, 12020.0], [115640.0, 1100.0], [115641.5, 25190.0]]}}}
{"jsonrpc": "2.0", "method": "subscription", "params": {"channel": "book.BTC-PERPETUAL.none.20.100ms", "data": {"timestamp": 1757654316245, "change_id": 117135579363, "instrument_name": "BTC-PERPETUAL", "bids": [[115609.5, 1707270.0], [115609.0, 25650.0], [115608.5, 45000.0], [115605.5, 20.0], [115605.0, 20.0], [115604.5, 272960.0], [115604.0, 20.0], [115603.5, 37030.0], [115603.0, 2970.0], [115601.5, 25000.0], [115600.5, 13630.0], [115600.0, 39900.0], [115599.0, 5480.0], [115595.5, 25260.0], [115593.0, 66600.0], [115592.0, 16890.0], [115591.0, 700.0], [115588.0, 70010.0], [115587.5, 40000.0], [115586.0, 20990.0]], "asks": [[115610.0, 256770.0], [115610.5, 232940.0], [115611.0, 10000.0], [115612.5, 70.0], [115614.0, 66600.0], [115615.0, 530.0], [115617.0, 15000.0], [115619.0, 2850.0], [115620.0, 10.0], [115620.5, 15000.0], [115624.5, 20.0], [115629.5, 45020.0], [115630.0, 20.0], [115630.5, 20.0], [115631.5, 35000.0], [115632.0, 8850.0], [115633.5, 700.0], [115634.0, 24980.0], [115634.5, 32480.0], [115639.5, 12020.0]]}}}
{"jsonrpc": "2.0", "method": "subscription", "params": {"channel": "book.BTC-PERPETUAL.none.20.100ms", "data": {"timestamp": 1757654316578, "change_id": 117135579925, "instrument_name": "BTC-PERPETUAL", "bids": [[115609.5, 1707280.0], [115609.0, 104210.0], [115608.5, 45000.0], [115605.5, 20.0], [115605.0, 20.0], [115604.5, 272960.0], [115604.0, 20.0], [115603.5, 37030.0], [115603.0, 2970.0], [115602.0, 21110.0], [115601.0, 25000.0], [115600.0, 39900.0], [115599.0, 5480.0], [115595.5, 25260.0], [115593.0, 66600.0], [115592.0, 16890.0], [115591.0, 700.0], [115588.0, 70010.0], [115587.5, 40000.0], [115586.0, 20990.0]], "asks": [[115610.0, 225170.0], [115611.0, 10000.0], [115612.5, 70.0], [115615.0, 530.0], [115616.5, 232920.0], [115617.0, 15000.0], [115619.0, 2850.0], [115620.0, 10.0], [115620.5, 15000.0], [115622.0, 66600.0], [115624.5, 20.0], [115629.5, 45000.0], [115631.5, 35000.0], [115632.0, 8850.0], [115633.5, 700.0], [115634.0, 11150.0], [115634.5, 32480.0], [115638.0, 4680.0], [115639.5, 12020.0], [115640.0, 1100.0]]}}}
{"jsonrpc": "2.0", "method": "subscription", "params": {"channel": "book.BTC-PERPETUAL.none.20.100ms", "data": {"timestamp": 1757654316909, "change_id": 117135580444, "instrument_name": "BTC-PERPETUAL", "bids": [[115609.5, 1704420.0], [115609.0, 104210.0], [115608.5, 45000.0], [115608.0, 20.0], [115607.5, 20.0], [115607.0, 20.0], [115606.5, 20.0], [115606.0, 20.0], [115605.5, 20.0], [115604.5, 297940.0], [115603.5, 37010.0], [115603.0, 2950.0], [115602.0, 13610.0], [115600.0, 39900.0], [115599.0, 5480.0], [115595.5, 25260.0], [115593.0, 66600.0], [115592.0, 16890.0], [115591.0, 700.0], [115588.0, 70010.0]], "asks": [[115610.0, 213280.0], [115611.0, 242920.0], [115612.5, 70.0], [115615.0, 530.0], [115616.0, 2850.0], [115617.0, 15000.0], [115620.0, 10.0], [115620.5, 15000.0], [115622.0, 66600.0], [115624.5, 20.0], [115629.5, 45000.0], [115631.5, 35000.0], [115632.0, 8850.0], [115633.5, 200.0], [115634.5, 32480.0], [115637.0, 24980.0], [115637.5, 500.0], [115638.0, 4680.0], [115639.5, 12020.0], [115640.0, 1100.0]]}}}
{"jsonrpc": "2.0", "method": "subscription", "params": {"channel": "book.BTC-PERPETUAL.none.20.100ms", "data": {"timestamp": 1757654317235, "change_id": 117135581680, "instrument_name": "BTC-PERPETUAL", "bids": [[115609.5, 2260160.0], [115609.0, 41840.0], [115608.5, 45020.0], [115608.0, 20.0], [115607.5, 20.0], [115607.0, 20.0], [115606.5, 20.0], [115606.0, 20.0], [115604.5, 106600.0], [115603.0, 60.0], [115602.5, 25000.0], [115602.0, 23910.0], [115601.5, 40000.0], [115600.5, 1000.0], [115600.0, 39900.0], [115596.0, 20990.0], [115595.5, 95900.0], [115594.5, 225000.0], [115592.0, 16890.0], [115588.0, 21740.0]], "asks": [[115610.0, 168720.0], [115611.0, 10000.0], [115612.5, 10.0], [115615.0, 530.0], [115616.0, 60.0], [115618.5, 232910.0], [115620.0, 10.0], [115622.0, 66600.0], [115626.5, 15000.0], [115629.0, 15000.0], [115631.0, 20.0], [115639.0, 20.0], [115639.5, 12040.0], [115640.0, 1100.0], [115643.0, 500.0], [115643.5, 215140.0], [115645.0, 1000.0], [115645.5, 45000.0], [115646.0, 2000.0], [115646.5, 35000.0]]}}}
{"jsonrpc": "2.0", "method": "subscription", "params": {"channel": "book.BTC-PERPETUAL.none.20.100ms", "data": {"timestamp": 1757654317561, "change_id": 117135583538, "instrument_name": "BTC-PERPETUAL", "bids": [[115609.5, 2262830.0], [115609.0, 41840.0], [115608.5, 45020.0], [115608.0, 20.0], [115607.5, 20.0], [115607.0, 20.0], [115606.5, 20.0], [115606.0, 20.0], [115605.5, 25000.0], [115604.5, 106600.0], [115603.0, 60.0], [115602.0, 57250.0], [115601.5, 40000.0], [115601.0, 98900.0], [115600.5, 1000.0], [115600.0, 39900.0], [115599.0, 2850.0], [115596.0, 20990.0], [115595.5, 60040.0], [115594.5, 2370.0]], "asks": [[115610.0, 158130.0], [115611.0, 10000.0], [115612.5, 10.0], [115615.0, 530.0], [115616.0, 60.0], [115618.5, 232910.0], [115620.0, 10.0], [115622.0, 66600.0], [115625.5, 2850.0], [115631.0, 20.0], [115635.5, 20.0], [115636.0, 20.0], [115639.0, 20.0], [115639.5, 12540.0], [115640.0, 100.0], [115641.5, 25210.0], [115642.0, 45000.0], [115642.5, 24980.0], [115643.5, 215140.0], [115645.0, 21760.0]]}}}
{"jsonrpc": "2.0", "method": "subscription", "params": {"channel": "book.BTC-PERPETUAL.none.20.100ms", "data": {"timestamp": 1757654317901, "change_id": 117135584937, "instrument_name": "BTC-PERPETUAL", "bids": [[115609.5, 1952800.0], [115609.0, 41820.0], [115608.5, 45000.0], [115607.5, 20.0], [115607.0, 20.0], [115606.5, 25020.0], [115606.0, 20.0], [115604.5, 106600.0], [115603.0, 60.0], [115602.0, 57250.0], [115601.5, 40000.0], [115601.0, 98900.0], [115600.5, 1000.0], [115600.0, 39900.0], [115599.0, 2850.0], [115595.5, 60040.0], [115594.5, 2370.0], [115593.5, 20990.0], [115593.0, 183290.0], [115592.0, 16890.0]], "asks": [[115610.0, 158130.0], [115611.0, 10000.0], [115612.5, 10.0], [115615.0, 530.0], [115616.0, 60.0], [115616.5, 232890.0], [115620.0, 10.0], [115622.0, 66600.0], [115625.5, 2850.0], [115631.0, 20.0], [115633.0, 20.0], [115633.5, 20.0], [115634.0, 6020.0], [115634.5, 32500.0], [115635.0, 20.0], [115635.5, 20.0], [115636.0, 20.0], [115636.5, 20.0], [115637.5, 35000.0], [115638.5, 45000.0]]}}}
{"jsonrpc": "2.0", "method": "subscription", "params": {"channel": "book.BTC-PERPETUAL.none.20.100ms", "data": {"timestamp": 1757654318232, "change_id": 117135585317, "instrument_name": "BTC-PERPETUAL", "bids": [[115609.5, 2220190.0], [115609.0, 41840.0], [115608.5, 70020.0], [115608.0, 20.0], [115607.5, 20.0], [115607.0, 20.0], [115606.5, 20.0], [115606.0, 20.0], [115604.5, 106600.0], [115603.0, 60.0], [115602.0, 57250.0], [115601.5, 40000.0], [115601.0, 98900.0], [115600.5, 1000.0], [115600.0, 39900.0], [115599.0, 2850.0], [115596.5, 2890.0], [115595.5, 60040.0], [115594.5, 2370.0], [115593.5, 20990.0]], "asks": [[115610.0, 158130.0], [115611.0, 10000.0], [115612.5, 10.0], [115615.0, 530.0], [115616.5, 232950.0], [115620.0, 10.0], [115622.0, 66600.0], [115624.5, 2850.0], [115631.0, 20.0], [115631.5, 45000.0], [115633.0, 20.0], [115633.5, 20.0], [115634.0, 6020.0], [115634.5, 20.0], [115635.0, 20.0], [115635.5, 220.0], [115636.0, 20.0], [115636.5, 20.0], [115637.0, 17990.0], [115637.5, 59980.0]]}}}
{"jsonrpc": "2.0", "method": "subscription", "params": {"channel": "book.BTC-PERPETUAL.none.20.100ms", "data": {"timestamp": 1757654318523, "change_id": 117135585710, "instrument_name": "BTC-PERPETUAL", "bids": [[115609.5, 2216470.0], [115609.0, 41840.0], [115608.5, 70020.0], [115608.0, 20.0], [115607.5, 20.0], [115607.0, 20.0], [115606.5, 20.0], [115606.0, 20.0], [115604.5, 106600.0], [115603.0, 60.0], [115602.0, 57250.0], [115601.5, 40000.0], [115601.0, 98900.0], [115600.5, 1000.0], [115600.0, 39900.0], [115599.0, 2850.0], [115596.5, 2890.0], [115595.5, 60040.0], [115594.5, 2370.0], [115593.5, 20990.0]], "asks": [[115610.0, 158130.0], [115611.0, 10000.0], [115612.5, 10.0], [115615.0, 530.0], [115616.5, 232950.0], [115620.0, 10.0], [115622.0, 66600.0], [115624.5, 2850.0], [115631.0, 20.0], [115632.0, 2850.0], [115634.0, 6020.0], [115634.5, 20.0], [115635.0, 20.0], [115635.5, 220.0], [115636.0, 20.0], [115636.5, 20.0], [115637.0, 520.0], [115637.5, 104980.0], [115639.5, 12020.0], [115640.0, 100.0]]}}}
{"jsonrpc": "2.0", "method": "subscription", "params": {"channel": "book.BTC-PERPETUAL.none.20.100ms", "data": {"timestamp": 1757654318866, "change_id": 117135586067, "instrument_name": "BTC-PERPETUAL", "bids": [[115609.5, 2214720.0], [115609.0, 41840.0], [115608.5, 70020.0], [115608.0, 20.0], [115607.5, 20.0], [115607.0, 20.0], [115606.5, 20.0], [115606.0, 20.0], [115604.5, 106600.0], [115603.0, 60.0], [115602.0, 57250.0], [115601.5, 40000.0], [115601.0, 98900.0], [115600.5, 1000.0], [115600.0, 39900.0], [115599.0, 2850.0], [115596.5, 2890.0], [115595.5, 60040.0], [115594.5, 2370.0], [115593.5, 20990.0]], "asks": [[115610.0, 156380.0], [115611.0, 10000.0], [115612.5, 10.0], [115615.0, 530.0], [115616.5, 232950.0], [115620.0, 10.0], [115622.0, 66600.0], [115624.5, 2850.0], [115631.0, 20.0], [115632.0, 2850.0], [115634.0, 6000.0], [115634.5, 20.0], [115635.0, 20.0], [115635.5, 220.0], [115636.0, 20.0], [115636.5, 20.0], [115637.0, 520.0], [115637.5, 105000.0], [115638.0, 20.0], [115639.5, 12020.0]]}}}
{"jsonrpc": "2.0", "method": "subscription", "params": {"channel": "book.BTC-PERPETUAL.none.20.100ms", "data": {"timestamp": 1757654319160, "change_id": 117135586370, "instrument_name": "BTC-PERPETUAL", "bids": [[115609.5, 2214720.0], [115609.0, 41840.0], [115608.5, 70020.0], [115608.0, 20.0], [115607.5, 20.0], [115607.0, 20.0], [115606.5, 20.0], [115606.0, 20.0], [115604.5, 106600.0], [115603.0, 60.0], [115602.0, 57250.0], [115601.5, 40000.0], [115601.0, 98900.0], [115600.5, 1000.0], [115600.0, 39900.0], [115599.0, 2850.0], [115596.5, 2890.0], [115595.5, 60040.0], [115594.5, 2370.0], [115593.5, 20990.0]], "asks": [[115610.0, 156380.0], [115611.0, 10000.0], [115612.5, 10.0], [115615.0, 530.0], [115616.5, 232950.0], [115620.0, 10.0], [115622.0, 66600.0], [115624.5, 2850.0], [115631.0, 20.0], [115632.0, 2850.0], [115633.5, 20.0], [115634.0, 6020.0], [115634.5, 20.0], [115635.0, 20.0], [115635.5, 220.0], [115636.0, 20.0], [115636.5, 20.0], [115637.0, 20.0], [115637.5, 104980.0], [115639.0, 500.0]]}}}
{"jsonrpc": "2.0", "method": "subscription", "params": {"channel": "book.BTC-PERPETUAL.none.20.100ms", "data": {"timestamp": 1757654319542, "change_id": 117135586808, "instrument_name": "BTC-PERPETUAL", "bids": [[115609.5, 2214720.0], [115609.0, 41840.0], [115608.5, 70020.0], [115608.0, 20.0], [115607.5, 20.0], [115607.0, 20.0], [115606.5, 20.0], [115606.0, 20.0], [115604.5, 106600.0], [115603.0, 60.0], [115602.0, 57250.0], [115601.5, 40000.0], [115601.0, 98900.0], [115600.5, 1000.0], [115600.0, 39900.0], [115599.0, 2850.0], [115596.5, 2890.0], [115595.5, 60040.0], [115594.5, 2370.0], [115593.5, 20990.0]], "asks": [[115610.0, 186380.0], [115611.0, 10000.0], [115612.5, 10.0], [115615.0, 530.0], [115616.5, 232950.0], [115620.0, 10.0], [115622.0, 66600.0], [115624.5, 2850.0], [115631.0, 20.0], [115632.0, 2850.0], [115633.5, 20.0], [115634.0, 6020.0], [115634.5, 20.0], [115635.0, 20.0], [115635.5, 220.0], [115636.0, 20.0], [115636.5, 20.0], [115637.0, 520.0], [115637.5, 104980.0], [115639.5, 12020.0]]}}}
{"jsonrpc": "2.0", "method": "subscription", "params": {"channel": "book.BTC-PERPETUAL.none.20.100ms", "data": {"timestamp": 1757654319852, "change_id": 117135587839, "instrument_name": "BTC-PERPETUAL", "bids": [[115609.5, 2214700.0], [115609.0, 41840.0], [115608.5, 70020.0], [115608.0, 20.0], [115607.5, 20.0], [115607.0, 20.0], [115606.5, 20.0], [115606.0, 20.0], [115604.5, 106600.0], [115603.0, 60.0], [115602.0, 57250.0], [115601.5, 40000.0], [115601.0, 98900.0], [115600.5, 1000.0], [115600.0, 39900.0], [115599.0, 2850.0], [115596.5, 2890.0], [115595.5, 60040.0], [115594.5, 2370.0], [115593.5, 20990.0]], "asks": [[115610.0, 186380.0], [115611.0, 10000.0], [115612.5, 10.0], [115615.0, 530.0], [115616.5, 232950.0], [115620.0, 10.0], [115622.0, 66600.0], [115624.5, 2850.0], [115631.0, 20.0], [115632.0, 2850.0], [115633.0, 20.0], [115633.5, 20.0], [115634.0, 6020.0], [115634.5, 20.0], [115635.0, 20.0], [115635.5, 220.0], [115636.0, 20.0], [115636.5, 20.0], [115637.0, 500.0], [115637.5, 104980.0]]}}}
{"jsonrpc": "2.0", "method": "subscription", "params": {"channel": "book.BTC-PERPETUAL.none.20.100ms", "data": {"timestamp": 1757654320188, "change_id": 117135588232, "instrument_name": "BTC-PERPETUAL", "bids": [[115609.5, 2214700.0], [115609.0, 41840.0], [115608.5, 70020.0], [115608.0, 20.0], [115607.5, 20.0], [115607.0, 20.0], [115606.5, 20.0], [115606.0, 20.0], [115604.5, 106600.0], [115603.0, 60.0], [115602.0, 57250.0], [115601.5, 40000.0], [115601.0, 98900.0], [115600.5, 1000.0], [115600.0, 39900.0], [115599.0, 2850.0], [115595.5, 60040.0], [115594.5, 2370.0], [115593.5, 20990.0], [115593.0, 183290.0]], "asks": [[115610.0, 186380.0], [115611.0, 10000.0], [115612.5, 10.0], [115615.0, 530.0], [115616.5, 232950.0], [115620.0, 10.0], [115622.0, 66600.0], [115624.5, 2850.0], [115631.0, 20.0], [115632.0, 2870.0], [115632.5, 20.0], [115633.0, 20.0], [115633.5, 20.0], [115634.0, 6020.0], [115634.5, 20.0], [115635.0, 20.0], [115635.5, 220.0], [115637.0, 500.0], [115637.5, 104980.0], [115639.5, 12020.0]]}}}
{"jsonrpc": "2.0", "method": "subscription", "params": {"channel": "book.BTC-PERPETUAL.none.20.100ms", "data": {"timestamp": 1757654320538, "change_id": 117135588590, "instrument_name": "BTC-PERPETUAL", "bids": [[115609.5, 2217610.0], [115609.0, 66840.0], [115608.5, 45020.0], [115608.0, 20.0], [115607.5, 20.0], [115607.0, 20.0], [115606.5, 20.0], [115606.0, 20.0], [115604.5, 106600.0], [115603.0, 60.0], [115602.0, 57250.0], [115601.5, 40000.0], [115601.0, 98900.0], [115600.5, 1000.0], [115600.0, 39900.0], [115599.0, 2850.0], [115595.5, 60040.0], [115594.5, 2370.0], [115593.5, 20990.0], [115593.0, 183290.0]], "asks": [[115610.0, 186380.0], [115611.0, 10000.0], [115612.5, 10.0], [115615.0, 530.0], [115616.5, 232950.0], [115620.0, 10.0], [115622.0, 66600.0], [115624.5, 2850.0], [115626.0, 6470.0], [115631.0, 20.0], [115632.0, 2850.0], [115633.0, 6470.0], [115633.5, 20.0], [115634.0, 6020.0], [115634.5, 20.0], [115635.0, 20.0], [115635.5, 220.0], [115636.0, 20.0], [115636.5, 20.0], [115637.0, 520.0]]}}}
{"jsonrpc": "2.0", "method": "subscription", "params": {"channel": "book.BTC-PERPETUAL.none.20.100ms", "data": {"timestamp": 1757654320828, "change_id": 117135588992, "instrument_name": "BTC-PERPETUAL", "bids": [[115609.5, 2217610.0], [115609.0, 41840.0], [115608.5, 45020.0], [115608.0, 25020.0], [115607.5, 20.0], [115607.0, 20.0], [115606.5, 20.0], [115606.0, 20.0], [115604.5, 106600.0], [115603.0, 60.0], [115602.0, 57250.0], [115601.5, 40000.0], [115601.0, 98900.0], [115600.5, 1000.0], [115600.0, 39900.0], [115599.0, 2850.0], [115595.5, 60040.0], [115594.5, 2370.0], [115593.0, 183290.0], [115592.0, 16890.0]], "asks": [[115610.0, 186380.0], [115611.0, 10000.0], [115612.5, 10.0], [115615.0, 530.0], [115616.5, 232950.0], [115620.0, 10.0], [115622.0, 66600.0], [115624.5, 2850.0], [115626.0, 6470.0], [115631.0, 20.0], [115632.0, 2850.0], [115633.0, 6490.0], [115633.5, 20.0], [115634.0, 6020.0], [115634.5, 20.0], [115635.0, 20.0], [115635.5, 220.0], [115636.0, 20.0], [115636.5, 20.0], [115637.0, 500.0]]}}}
{"jsonrpc": "2.0", "method": "subscription", "params": {"channel": "book.BTC-PERPETUAL.none.20.100ms", "data": {"timestamp": 1757654321200, "change_id": 117135589560, "instrument_name": "BTC-PERPETUAL", "bids": [[115609.5, 1979000.0], [115609.0, 41820.0], [115608.5, 45000.0], [115607.5, 25000.0], [115606.0, 20.0], [115605.5, 20.0], [115605.0, 20.0], [115604.5, 106620.0], [115604.0, 20.0], [115603.5, 20.0], [115603.0, 60.0], [115602.0, 57250.0], [115601.5, 40000.0], [115601.0, 98900.0], [115600.5, 1000.0], [115600.0, 39900.0], [115595.5, 60040.0], [115594.5, 2370.0], [115593.0, 183290.0], [115592.0, 16890.0]], "asks": [[115610.0, 221480.0], [115611.0, 10000.0], [115612.5, 10.0], [115615.0, 530.0], [115616.5, 232950.0], [115620.0, 10.0], [115622.0, 66600.0], [115624.5, 2850.0], [115626.0, 6470.0], [115630.0, 20.0], [115630.5, 20.0], [115631.0, 40.0], [115631.5, 20.0], [115632.0, 2870.0], [115632.5, 20.0], [115633.0, 6490.0], [115634.0, 6000.0], [115634.5, 32480.0], [115635.5, 200.0], [115637.0, 31990.0]]}}}
{"jsonrpc": "2.0", "method": "subscription", "params": {"channel": "book.BTC-PERPETUAL.none.20.100ms", "data": {"timestamp": 1757654321541, "change_id": 117135590096, "instrument_name": "BTC-PERPETUAL", "bids": [[115609.5, 2220860.0], [115609.0, 41820.0], [115608.5, 70000.0], [115606.0, 20.0], [115605.5, 20.0], [115605.0, 20.0], [115604.5, 106620.0], [115604.0, 20.0], [115603.5, 20.0], [115603.0, 60.0], [115602.0, 57250.0], [115601.5, 40000.0], [115601.0, 98900.0], [115600.0, 39900.0], [115599.0, 2850.0], [115595.5, 60040.0], [115594.5, 2370.0], [115593.0, 183290.0], [115592.0, 16890.0], [115589.0, 20990.0]], "asks": [[115610.0, 186140.0], [115611.0, 10000.0], [115612.5, 10.0], [115615.0, 530.0], [115616.5, 232950.0], [115620.0, 10.0], [115622.0, 66600.0], [115626.0, 6470.0], [115628.5, 35000.0], [115631.0, 20.0], [115632.0, 2850.0], [115633.0, 6470.0], [115634.0, 6000.0], [115635.5, 200.0], [115637.0, 14000.0], [115637.5, 45000.0], [115639.5, 12020.0], [115640.0, 100.0], [115641.5, 110750.0], [115643.0, 24980.0]]}}}
{"jsonrpc": "2.0", "method": "subscription", "params": {"channel": "book.BTC-PERPETUAL.none.20.100ms", "data": {"timestamp": 1757654321857, "change_id": 117135590538, "instrument_name": "BTC-PERPETUAL", "bids": [[115609.5, 2217540.0], [115609.0, 41840.0], [115608.5, 45000.0], [115608.0, 25000.0], [115606.0, 20.0], [115605.5, 20.0], [115605.0, 20.0], [115604.5, 106620.0], [115604.0, 20.0], [115603.5, 20.0], [115603.0, 60.0], [115602.0, 57250.0], [115601.5, 40000.0], [115601.0, 98900.0], [115600.0, 39900.0], [115599.0, 2850.0], [115595.5, 5780.0], [115594.5, 2370.0], [115592.0, 16890.0], [115589.0, 20990.0]], "asks": [[115610.0, 186100.0], [115611.0, 10000.0], [115612.5, 10.0], [115615.0, 530.0], [115616.5, 232950.0], [115620.0, 10.0], [115622.0, 66600.0], [115622.5, 2850.0], [115626.0, 6470.0], [115628.5, 35000.0], [115631.0, 20.0], [115632.0, 2850.0], [115633.0, 6470.0], [115634.0, 6000.0], [115635.5, 200.0], [115636.5, 500.0], [115637.0, 13500.0], [115637.5, 45000.0], [115639.5, 12020.0], [115640.0, 100.0]]}}}
{"jsonrpc": "2.0", "method": "subscription", "params": {"channel": "book.BTC-PERPETUAL.none.20.100ms", "data": {"timestamp": 1757654322082, "change_id": 117135590887, "instrument_name": "BTC-PERPETUAL", "bids": [[115609.5, 2217540.0], [115609.0, 41840.0], [115608.5, 45000.0], [115608.0, 25000.0], [115606.0, 20.0], [115605.5, 20.0], [115605.0, 20.0], [115604.5, 106620.0], [115604.0, 20.0], [115603.5, 20.0], [115603.0, 60.0], [115602.0, 57250.0], [115601.5, 40000.0], [115601.0, 98900.0], [115600.0, 39900.0], [115599.0, 2850.0], [115595.5, 5780.0], [115594.5, 2370.0], [115592.0, 16890.0], [115589.0, 20990.0]], "asks": [[115610.0, 215600.0], [115611.0, 10000.0], [115612.5, 10.0], [115615.0, 530.0], [115616.5, 232950.0], [115620.0, 10.0], [115622.0, 66600.0], [115622.5, 2850.0], [115626.0, 6470.0], [115628.5, 35000.0], [115631.0, 20.0], [115632.0, 2850.0], [115633.0, 6470.0], [115634.0, 6000.0], [115635.5, 200.0], [115636.5, 500.0], [115637.0, 13500.0], [115637.5, 45000.0], [115639.5, 12020.0], [115640.0, 100.0]]}}}
{"jsonrpc": "2.0", "method": "subscription", "params": {"channel": "book.BTC-PERPETUAL.none.20.100ms", "data": {"timestamp": 1757654322484, "change_id": 117135591378, "instrument_name": "BTC-PERPETUAL", "bids": [[115609.5, 2242540.0], [115609.0, 41840.0], [115608.5, 45020.0], [115608.0, 20.0], [115607.5, 20.0], [115607.0, 20.0], [115606.5, 20.0], [115606.0, 20.0], [115604.5, 106600.0], [115603.0, 60.0], [115602.0, 57250.0], [115601.5, 40000.0], [115601.0, 98900.0], [115600.0, 39900.0], [115599.0, 2850.0], [115596.5, 1000.0], [115595.5, 5780.0], [115594.5, 2370.0], [115592.0, 16890.0], [115589.0, 20990.0]], "asks": [[115610.0, 186100.0], [115611.0, 10000.0], [115612.5, 10.0], [115615.0, 530.0], [115616.5, 232950.0], [115620.0, 10.0], [115622.0, 66600.0], [115622.5, 2850.0], [115626.0, 6470.0], [115628.5, 35000.0], [115631.0, 20.0], [115632.0, 2850.0], [115633.0, 6490.0], [115633.5, 20.0], [115634.0, 6020.0], [115634.5, 20.0], [115635.0, 20.0], [115635.5, 220.0], [115636.0, 20.0], [115636.5, 520.0]]}}}
{"jsonrpc": "2.0", "method": "subscription", "params": {"channel": "book.BTC-PERPETUAL.none.20.100ms", "data": {"timestamp": 1757654322861, "change_id": 117135591808, "instrument_name": "BTC-PERPETUAL", "bids": [[115609.5, 2242520.0], [115609.0, 41820.0], [115608.5, 45000.0], [115607.5, 20.0], [115607.0, 20.0], [115606.5, 20.0], [115606.0, 20.0], [115604.5, 106600.0], [115603.0, 60.0], [115602.0, 57250.0], [115601.5, 40000.0], [115601.0, 98900.0], [115600.0, 39900.0], [115599.0, 2850.0], [115596.5, 1000.0], [115595.5, 5780.0], [115594.5, 2370.0], [115592.0, 16890.0], [115589.5, 85790.0], [115589.0, 210850.0]], "asks": [[115610.0, 186100.0], [115611.0, 10000.0], [115612.5, 10.0], [115615.0, 530.0], [115616.5, 232950.0], [115620.0, 10.0], [115622.0, 66600.0], [115622.5, 2850.0], [115626.0, 6470.0], [115628.5, 35000.0], [115631.0, 20.0], [115631.5, 20.0], [115632.0, 2870.0], [115632.5, 20.0], [115633.0, 6490.0], [115633.5, 20.0], [115634.0, 51020.0], [115634.5, 32500.0], [115635.0, 20.0], [115635.5, 200.0]]}}}
{"jsonrpc": "2.0", "method": "subscription", "params": {"channel": "book.BTC-PERPETUAL.none.20.100ms", "data": {"timestamp": 1757654323155, "change_id": 117135592111, "instrument_name": "BTC-PERPETUAL", "bids": [[115609.5, 2242520.0], [115609.0, 41820.0], [115608.5, 45000.0], [115607.0, 20.0], [115606.5, 20.0], [115606.0, 20.0], [115604.5, 106600.0], [115603.0, 60.0], [115602.0, 57250.0], [115601.5, 40000.0], [115601.0, 98900.0], [115600.0, 39900.0], [115599.0, 2850.0], [115596.5, 1000.0], [115595.5, 5780.0], [115594.5, 2370.0], [115592.0, 16890.0], [115589.5, 85790.0], [115589.0, 210850.0], [115588.5, 2630.0]], "asks": [[115610.0, 186100.0], [115611.0, 10000.0], [115612.5, 10.0], [115615.0, 530.0], [115616.5, 232950.0], [115620.0, 10.0], [115622.0, 66600.0], [115622.5, 2850.0], [115626.0, 6470.0], [115628.5, 35000.0], [115631.0, 20.0], [115631.5, 20.0], [115632.0, 2870.0], [115632.5, 20.0], [115633.0, 6490.0], [115633.5, 20.0], [115634.0, 51020.0], [115634.5, 32500.0], [115635.0, 20.0], [115635.5, 200.0]]}}}
{"jsonrpc": "2.0", "method": "subscription", "params": {"channel": "book.BTC-PERPETUAL.none.20.100ms", "data": {"timestamp": 1757654323518, "change_id": 117135592618, "instrument_name": "BTC-PERPETUAL", "bids": [[115609.5, 2242520.0], [115609.0, 41820.0], [115608.5, 45020.0], [115608.0, 20.0], [115607.5, 20.0], [115607.0, 20.0], [115606.5, 20.0], [115606.0, 20.0], [115605.5, 20.0], [115605.0, 20.0], [115604.5, 106600.0], [115603.0, 60.0], [115602.0, 57250.0], [115601.5, 40000.0], [115601.0, 98900.0], [115600.0, 39900.0], [115599.0, 2850.0], [115596.5, 1000.0], [115595.5, 5780.0], [115594.5, 2370.0]], "asks": [[115610.0, 186100.0], [115611.0, 10000.0], [115612.5, 10.0], [115615.0, 530.0], [115616.5, 232950.0], [115620.0, 10.0], [115622.0, 66600.0], [115623.0, 2850.0], [115626.0, 6470.0], [115627.5, 6000.0], [115628.5, 35000.0], [115631.0, 20.0], [115631.5, 20.0], [115632.0, 2870.0], [115632.5, 20.0], [115633.0, 6490.0], [115633.5, 20.0], [115634.0, 45020.0], [115634.5, 32500.0], [115635.0, 20.0]]}}}
{"jsonrpc": "2.0", "method": "subscription", "params": {"channel": "book.BTC-PERPETUAL.none.20.100ms", "data": {"timestamp": 1757654323856, "change_id": 117135593041, "instrument_name": "BTC-PERPETUAL", "bids": [[115609.5, 2242540.0], [115609.0, 41840.0], [115608.5, 45020.0], [115608.0, 20.0], [115607.5, 20.0], [115607.0, 20.0], [115606.5, 20.0], [115606.0, 20.0], [115604.5, 106600.0], [115603.0, 60.0], [115602.0, 57250.0], [115601.5, 40000.0], [115601.0, 98900.0], [115600.0, 39900.0], [115599.0, 2850.0], [115596.5, 1000.0], [115595.5, 5780.0], [115594.5, 2370.0], [115592.0, 16890.0], [115589.5, 28830.0]], "asks": [[115610.0, 186100.0], [115611.0, 10000.0], [115612.5, 10.0], [115615.0, 530.0], [115616.5, 232950.0], [115620.0, 10.0], [115622.0, 66600.0], [115623.0, 2850.0], [115626.0, 6470.0], [115627.5, 6000.0], [115628.5, 35000.0], [115631.0, 20.0], [115632.0, 2850.0], [115632.5, 20.0], [115633.0, 6490.0], [115633.5, 20.0], [115634.0, 45020.0], [115634.5, 32500.0], [115635.0, 20.0], [115635.5, 200.0]]}}}
{"jsonrpc": "2.0", "method": "subscription", "params": {"channel": "book.BTC-PERPETUAL.none.20.100ms", "data": {"timestamp": 1757654324124, "change_id": 117135593450, "instrument_name": "BTC-PERPETUAL", "bids": [[115609.5, 2244520.0], [115609.0, 41820.0], [115608.5, 45020.0], [115608.0, 20.0], [115607.5, 20.0], [115607.0, 20.0], [115606.5, 20.0], [115606.0, 20.0], [115604.5, 106600.0], [115603.0, 60.0], [115602.0, 57250.0], [115601.5, 40000.0], [115601.0, 98900.0], [115600.0, 39900.0], [115599.0, 2850.0], [115596.5, 1000.0], [115595.5, 5780.0], [115594.5, 2370.0], [115592.0, 16890.0], [115589.5, 28830.0]], "asks": [[115610.0, 186100.0], [115611.0, 10000.0], [115612.5, 10.0], [115615.0, 530.0], [115616.5, 232950.0], [115620.0, 10.0], [115622.0, 66600.0], [115624.0, 2850.0], [115626.0, 6470.0], [115627.5, 6000.0], [115628.5, 35000.0], [115631.0, 20.0], [115632.0, 2850.0], [115633.0, 6490.0], [115633.5, 20.0], [115634.0, 45020.0], [115634.5, 32500.0], [115635.0, 20.0], [115635.5, 220.0], [115636.0, 20.0]]}}}
{"jsonrpc": "2.0", "method": "subscription", "params": {"channel": "book.BTC-PERPETUAL.none.20.100ms", "data": {"timestamp": 1757654324449, "change_id": 117135593796, "instrument_name": "BTC-PERPETUAL", "bids": [[115609.5, 2244520.0], [115609.0, 41820.0], [115608.5, 45000.0], [115608.0, 20.0], [115607.5, 20.0], [115607.0, 20.0], [115606.5, 20.0], [115606.0, 20.0], [115604.5, 106600.0], [115603.0, 60.0], [115602.0, 57250.0], [115601.5, 40000.0], [115601.0, 98900.0], [115600.0, 39900.0], [115599.0, 2850.0], [115596.5, 6000.0], [115595.5, 5780.0], [115594.5, 2370.0], [115592.0, 16890.0], [115589.5, 79530.0]], "asks": [[115610.0, 186100.0], [115611.0, 10050.0], [115612.5, 10.0], [115615.0, 530.0], [115616.5, 232950.0], [115620.0, 10.0], [115622.0, 66600.0], [115624.0, 2850.0], [115626.0, 6470.0], [115627.5, 6000.0], [115628.5, 35000.0], [115631.0, 20.0], [115632.0, 2850.0], [115633.0, 6490.0], [115633.5, 20.0], [115634.0, 45020.0], [115634.5, 32500.0], [115635.0, 20.0], [115635.5, 220.0], [115636.0, 20.0]]}}}
{"jsonrpc": "2.0", "method": "subscription", "params": {"channel": "book.BTC-PERPETUAL.none.20.100ms", "data": {"timestamp": 1757654324820, "change_id": 117135594347, "instrument_name": "BTC-PERPETUAL", "bids": [[115609.5, 2244520.0], [115609.0, 41840.0], [115608.5, 45020.0], [115608.0, 20.0], [115607.5, 20.0], [115607.0, 20.0], [115606.5, 20.0], [115606.0, 20.0], [115604.5, 106600.0], [115603.0, 60.0], [115602.0, 57250.0], [115601.5, 40000.0], [115601.0, 98900.0], [115600.0, 39900.0], [115599.0, 2850.0], [115596.5, 6000.0], [115595.5, 5780.0], [115594.5, 2370.0], [115592.0, 16890.0], [115589.5, 28830.0]], "asks": [[115610.0, 186100.0], [115611.0, 10050.0], [115612.5, 10.0], [115615.0, 530.0], [115616.5, 232950.0], [115620.0, 10.0], [115622.0, 66600.0], [115624.0, 2850.0], [115626.0, 6470.0], [115627.5, 6000.0], [115628.5, 35000.0], [115631.0, 20.0], [115632.0, 2850.0], [115632.5, 20.0], [115633.0, 6490.0], [115633.5, 20.0], [115634.0, 45020.0], [115634.5, 32500.0], [115635.0, 20.0], [115635.5, 220.0]]}}}
{"jsonrpc": "2.0", "method": "subscription", "params": {"channel": "book.BTC-PERPETUAL.none.20.100ms", "data": {"timestamp": 1757654325130, "change_id": 117135594647, "instrument_name": "BTC-PERPETUAL", "bids": [[115609.5, 2244540.0], [115609.0, 41840.0], [115608.5, 45020.0], [115608.0, 20.0], [115607.5, 20.0], [115607.0, 20.0], [115606.5, 20.0], [115606.0, 20.0], [115604.5, 106600.0], [115603.0, 60.0], [115602.0, 57250.0], [115601.5, 40000.0], [115601.0, 98900.0], [115600.0, 39900.0], [115599.0, 2850.0], [115596.5, 6000.0], [115595.5, 5780.0], [115594.5, 2370.0], [115592.0, 16890.0], [115589.5, 28830.0]], "asks": [[115610.0, 186100.0], [115611.0, 10050.0], [115612.5, 10.0], [115615.0, 530.0], [115616.5, 232950.0], [115620.0, 10.0], [115622.0, 66600.0], [115624.0, 2850.0], [115626.0, 6470.0], [115627.5, 6000.0], [115628.5, 35000.0], [115631.0, 20.0], [115632.0, 2850.0], [115633.0, 6490.0], [115633.5, 20.0], [115634.0, 45020.0], [115634.5, 32500.0], [115635.0, 20.0], [115635.5, 220.0], [115636.0, 20.0]]}}}
{"jsonrpc": "2.0", "method": "subscription", "params": {"channel": "book.BTC-PERPETUAL.none.20.100ms", "data": {"timestamp": 1757654325470, "change_id": 117135594963, "instrument_name": "BTC-PERPETUAL", "bids": [[115609.5, 2244540.0], [115609.0, 41840.0], [115608.5, 45020.0], [115608.0, 20.0], [115607.5, 20.0], [115607.0, 20.0], [115606.5, 20.0], [115606.0, 20.0], [115604.5, 106600.0], [115603.0, 60.0], [115602.0, 57250.0], [115601.5, 40000.0], [115601.0, 98900.0], [115600.0, 39900.0], [115599.0, 2850.0], [115596.5, 6000.0], [115595.5, 5780.0], [115594.5, 2370.0], [115592.0, 16890.0], [115589.5, 28830.0]], "asks": [[115610.0, 175580.0], [115611.0, 10050.0], [115612.5, 10.0], [115615.0, 530.0], [115616.5, 232950.0], [115620.0, 10.0], [115622.0, 66600.0], [115624.0, 2850.0], [115626.0, 6470.0], [115627.5, 6000.0], [115628.5, 35000.0], [115631.0, 20.0], [115632.0, 2850.0], [115633.0, 6470.0], [115633.5, 20.0], [115634.0, 45020.0], [115634.5, 32500.0], [115635.0, 20.0], [115635.5, 220.0], [115636.0, 20.0]]}}}
{"jsonrpc": "2.0", "method": "subscription", "params": {"channel": "book.BTC-PERPETUAL.none.20.100ms", "data": {"timestamp": 1757654325804, "change_id": 117135595423, "instrument_name": "BTC-PERPETUAL", "bids": [[115609.5, 2244540.0], [115609.0, 41840.0], [115608.5, 45020.0], [115608.0, 20.0], [115607.5, 20.0], [115607.0, 20.0], [115606.5, 20.0], [115606.0, 20.0], [115604.5, 106600.0], [115603.0, 60.0], [115602.0, 57250.0], [115601.5, 40000.0], [115601.0, 98900.0], [115600.0, 39900.0], [115599.0, 2850.0], [115596.5, 6000.0], [115595.5, 5780.0], [115594.5, 2370.0], [115592.0, 16890.0], [115589.5, 80140.0]], "asks": [[115610.0, 175580.0], [115611.0, 10050.0], [115612.5, 10.0], [115615.0, 530.0], [115616.5, 232950.0], [115620.0, 10.0], [115622.0, 66600.0], [115624.0, 2850.0], [115626.0, 6470.0], [115627.5, 6000.0], [115628.5, 35000.0], [115631.0, 20.0], [115632.0, 2850.0], [115633.0, 6470.0], [115633.5, 20.0], [115634.0, 45020.0], [115634.5, 32500.0], [115635.0, 20.0], [115635.5, 220.0], [115636.0, 20.0]]}}}
{"jsonrpc": "2.0", "method": "subscription", "params": {"channel": "book.BTC-PERPETUAL.none.20.100ms", "data": {"timestamp": 1757654326167, "change_id": 117135595721, "instrument_name": "BTC-PERPETUAL", "bids": [[115609.5, 2243670.0], [115609.0, 41840.0], [115608.5, 45020.0], [115608.0, 20.0], [115607.5, 20.0], [115607.0, 20.0], [115606.5, 20.0], [115606.0, 20.0], [115604.5, 106600.0], [115603.0, 60.0], [115602.0, 57250.0], [115601.5, 40000.0], [115601.0, 98900.0], [115600.0, 39900.0], [115599.0, 2850.0], [115596.5, 6000.0], [115595.5, 5780.0], [115594.5, 2370.0], [115592.0, 16890.0], [115589.5, 28830.0]], "asks": [[115610.0, 165390.0], [115611.0, 10050.0], [115612.5, 10.0], [115615.0, 530.0], [115616.5, 232950.0], [115620.0, 10.0], [115622.0, 66600.0], [115624.0, 2850.0], [115626.0, 6470.0], [115627.5, 6000.0], [115628.5, 35000.0], [115631.0, 20.0], [115632.0, 2850.0], [115633.0, 6470.0], [115634.0, 45000.0], [115634.5, 32500.0], [115635.0, 20.0], [115635.5, 220.0], [115636.0, 20.0], [115636.5, 20.0]]}}}
{"jsonrpc": "2.0", "method": "subscription", "params": {"channel": "book.BTC-PERPETUAL.none.20.100ms", "data": {"timestamp": 1757654326485, "change_id": 117135596024, "instrument_name": "BTC-PERPETUAL", "bids": [[115609.5, 2243670.0], [115609.0, 41840.0], [115608.5, 45020.0], [115608.0, 20.0], [115607.5, 20.0], [115607.0, 20.0], [115606.5, 20.0], [115606.0, 20.0], [115604.5, 106600.0], [115603.0, 60.0], [115602.0, 57250.0], [115601.5, 40000.0], [115601.0, 98900.0], [115600.0, 39900.0], [115599.0, 2850.0], [115596.5, 6000.0], [115595.5, 5780.0], [115594.5, 2370.0], [115592.0, 16890.0], [115589.5, 28830.0]], "asks": [[115610.0, 165390.0], [115611.0, 10050.0], [115612.5, 10.0], [115615.0, 530.0], [115616.5, 232950.0], [115620.0, 10.0], [115622.0, 66600.0], [115623.5, 2850.0], [115626.0, 6470.0], [115627.5, 6000.0], [115628.5, 35000.0], [115631.0, 20.0], [115632.0, 2850.0], [115633.0, 6470.0], [115634.0, 45000.0], [115634.5, 32500.0], [115635.0, 20.0], [115635.5, 220.0], [115636.0, 20.0], [115636.5, 20.0]]}}}
{"jsonrpc": "2.0", "method": "subscription", "params": {"channel": "book.BTC-PERPETUAL.none.20.100ms", "data": {"timestamp": 1757654326811, "change_id": 117135596474, "instrument_name": "BTC-PERPETUAL", "bids": [[115609.5, 1670380.0], [115609.0, 41840.0], [115608.5, 45020.0], [115608.0, 20.0], [115607.5, 20.0], [115607.0, 20.0], [115606.5, 20.0], [115606.0, 20.0], [115604.5, 106600.0], [115603.0, 60.0], [115602.0, 57250.0], [115601.5, 40000.0], [115601.0, 98900.0], [115600.0, 39900.0], [115599.0, 2850.0], [115596.5, 6000.0], [115595.5, 5780.0], [115594.5, 2370.0], [115592.0, 16890.0], [115589.5, 28830.0]], "asks": [[115610.0, 154630.0], [115611.0, 10050.0], [115612.5, 10.0], [115615.0, 530.0], [115616.5, 232950.0], [115620.0, 10.0], [115622.0, 66600.0], [115623.5, 2850.0], [115626.0, 6470.0], [115627.5, 6000.0], [115628.5, 35000.0], [115631.0, 20.0], [115632.0, 2850.0], [115633.0, 6470.0], [115633.5, 20.0], [115634.0, 45020.0], [115634.5, 32500.0], [115635.0, 20.0], [115635.5, 220.0], [115636.0, 20.0]]}}}
{"jsonrpc": "2.0", "method": "subscription", "params": {"channel": "book.BTC-PERPETUAL.none.20.100ms", "data": {"timestamp": 1757654327166, "change_id": 117135596774, "instrument_name": "BTC-PERPETUAL", "bids": [[115609.5, 1931010.0], [115609.0, 41840.0], [115608.5, 45020.0], [115608.0, 20.0], [115607.5, 20.0], [115607.0, 20.0], [115606.5, 20.0], [115606.0, 20.0], [115605.5, 20.0], [115604.5, 106600.0], [115603.0, 60.0], [115602.0, 57250.0], [115601.5, 40000.0], [115601.0, 98900.0], [115600.0, 39900.0], [115599.0, 2850.0], [115596.5, 6000.0], [115595.5, 5780.0], [115594.5, 2370.0], [115592.0, 16890.0]], "asks": [[115610.0, 169630.0], [115611.0, 10050.0], [115612.5, 10.0], [115615.0, 530.0], [115616.5, 232950.0], [115620.0, 10.0], [115622.0, 66600.0], [115623.5, 2850.0], [115626.0, 6470.0], [115627.5, 6000.0], [115628.5, 35000.0], [115631.0, 20.0], [115632.0, 2850.0], [115632.5, 20.0], [115633.0, 6490.0], [115633.5, 20.0], [115634.0, 45020.0], [115634.5, 32500.0], [115635.0, 20.0], [115635.5, 200.0]]}}}
{"jsonrpc": "2.0", "method": "subscription", "params": {"channel": "book.BTC-PERPETUAL.none.20.100ms", "data": {"timestamp": 1757654327469, "change_id": 117135597080, "instrument_name": "BTC-PERPETUAL", "bids": [[115609.5, 1928640.0], [115609.0, 41820.0], [115608.5, 45020.0], [115608.0, 20.0], [115607.5, 20.0], [115607.0, 20.0], [115606.5, 20.0], [115606.0, 20.0], [115605.5, 20.0], [115604.5, 106600.0], [115603.0, 60.0], [115602.0, 57250.0], [115601.5, 40000.0], [115601.0, 98900.0], [115600.0, 39900.0], [115599.0, 2850.0], [115596.5, 6000.0], [115595.5, 5780.0], [115594.5, 2370.0], [115592.0, 16890.0]], "asks": [[115610.0, 169630.0], [115611.0, 10050.0], [115612.5, 10.0], [115615.0, 530.0], [115616.5, 232950.0], [115620.0, 10.0], [115622.0, 66600.0], [115623.5, 2850.0], [115626.0, 6470.0], [115627.5, 6000.0], [115628.5, 35000.0], [115631.0, 20.0], [115632.0, 2870.0], [115632.5, 20.0], [115633.0, 6490.0], [115633.5, 20.0], [115634.0, 45520.0], [115634.5, 32500.0], [115635.0, 20.0], [115635.5, 200.0]]}}}
{"jsonrpc": "2.0", "method": "subscription", "params": {"channel": "book.BTC-PERPETUAL.none.20.100ms", "data": {"timestamp": 1757654327804, "change_id": 117135597595, "instrument_name": "BTC-PERPETUAL", "bids": [[115609.5, 2118560.0], [115609.0, 44220.0], [115608.5, 45000.0], [115607.5, 20.0], [115607.0, 20.0], [115606.5, 20.0], [115606.0, 20.0], [115605.5, 20.0], [115605.0, 20.0], [115604.5, 106600.0], [115603.0, 60.0], [115602.0, 57250.0], [115601.5, 40000.0], [115601.0, 98900.0], [115600.0, 39900.0], [115599.0, 2850.0], [115596.5, 6000.0], [115595.5, 5780.0], [115594.5, 2370.0], [115592.0, 16890.0]], "asks": [[115610.0, 154630.0], [115611.0, 10050.0], [115612.5, 10.0], [115615.0, 530.0], [115616.5, 232950.0], [115620.0, 10.0], [115622.0, 66600.0], [115623.5, 2850.0], [115626.0, 6470.0], [115627.5, 6000.0], [115628.5, 35000.0], [115631.0, 20.0], [115632.0, 2870.0], [115632.5, 20.0], [115633.0, 6490.0], [115633.5, 20.0], [115634.0, 45020.0], [115634.5, 32480.0], [115635.5, 200.0], [115639.0, 25480.0]]}}}
{"jsonrpc": "2.0", "method": "subscription", "params": {"channel": "book.BTC-PERPETUAL.none.20.100ms", "data": {"timestamp": 1757654328153, "change_id": 117135597925, "instrument_name": "BTC-PERPETUAL", "bids": [[115609.5, 2124520.0], [115609.0, 44240.0], [115608.5, 45020.0], [115608.0, 20.0], [115607.5, 20.0], [115607.0, 20.0], [115606.5, 20.0], [115606.0, 20.0], [115605.5, 20.0], [115604.5, 106600.0], [115603.0, 60.0], [115602.0, 57250.0], [115601.5, 40000.0], [115601.0, 98900.0], [115600.0, 39900.0], [115599.0, 2850.0], [115596.5, 6000.0], [115595.5, 5780.0], [115594.5, 2370.0], [115592.0, 16890.0]], "asks": [[115610.0, 154630.0], [115611.0, 10050.0], [115612.5, 10.0], [115615.0, 530.0], [115616.5, 232660.0], [115618.0, 60.0], [115620.0, 10.0], [115622.0, 66600.0], [115623.5, 2850.0], [115626.0, 6470.0], [115627.5, 6000.0], [115628.5, 35000.0], [115631.0, 20.0], [115632.0, 2850.0], [115632.5, 20.0], [115633.0, 6490.0], [115633.5, 20.0], [115634.0, 45020.0], [115634.5, 32500.0], [115635.0, 20.0]]}}}
{"jsonrpc": "2.0", "method": "subscription", "params": {"channel": "book.BTC-PERPETUAL.none.20.100ms", "data": {"timestamp": 1757654328488, "change_id": 117135598330, "instrument_name": "BTC-PERPETUAL", "bids": [[115609.5, 1866790.0], [115609.0, 276870.0], [115608.5, 70000.0], [115604.5, 106600.0], [115603.0, 60.0], [115602.0, 57250.0], [115601.5, 40000.0], [115601.0, 98900.0], [115600.0, 39900.0], [115599.0, 2850.0], [115596.5, 6000.0], [115595.5, 5780.0], [115594.5, 2370.0], [115592.0, 16890.0], [115589.5, 80140.0], [115589.0, 204030.0], [115588.5, 2630.0], [115587.5, 40000.0], [115585.5, 32480.0], [115583.5, 7430.0]], "asks": [[115610.0, 154630.0], [115611.0, 10050.0], [115612.5, 10.0], [115615.0, 530.0], [115616.5, 232660.0], [115618.0, 60.0], [115620.0, 10.0], [115622.0, 66600.0], [115626.0, 6470.0], [115627.5, 6000.0], [115628.5, 35000.0], [115631.0, 20.0], [115632.0, 2850.0], [115633.0, 6470.0], [115633.5, 20.0], [115634.0, 45020.0], [115634.5, 32500.0], [115635.0, 20.0], [115635.5, 220.0], [115638.5, 500.0]]}}}
{"jsonrpc": "2.0", "method": "subscription", "params": {"channel": "book.BTC-PERPETUAL.none.20.100ms", "data": {"timestamp": 1757654328775, "change_id": 117135598790, "instrument_name": "BTC-PERPETUAL", "bids": [[115609.5, 1866720.0], [115609.0, 301870.0], [115608.5, 45000.0], [115604.5, 106600.0], [115603.0, 60.0], [115602.0, 57250.0], [115601.5, 40000.0], [115601.0, 98900.0], [115600.0, 39900.0], [115599.0, 2850.0], [115596.5, 6000.0], [115595.5, 5780.0], [115594.5, 2370.0], [115592.0, 16890.0], [115589.5, 80140.0], [115589.0, 204030.0], [115588.5, 2630.0], [115587.5, 40000.0], [115585.5, 32480.0], [115583.5, 7430.0]], "asks": [[115610.0, 154630.0], [115611.0, 10050.0], [115612.5, 10.0], [115615.0, 530.0], [115616.0, 232650.0], [115618.0, 60.0], [115620.0, 10.0], [115622.0, 66600.0], [115623.5, 2850.0], [115626.0, 6470.0], [115627.5, 6000.0], [115628.5, 35000.0], [115631.0, 20.0], [115632.0, 2850.0], [115633.0, 6470.0], [115634.0, 45000.0], [115634.5, 32480.0], [115635.5, 220.0], [115639.0, 500.0], [115639.5, 12020.0]]}}}
{"jsonrpc": "2.0", "method": "subscription", "params": {"channel": "book.BTC-PERPETUAL.none.20.100ms", "data": {"timestamp": 1757654329152, "change_id": 117135599320, "instrument_name": "BTC-PERPETUAL", "bids": [[115609.5, 1933920.0], [115609.0, 276890.0], [115608.5, 45020.0], [115608.0, 20.0], [115607.5, 20.0], [115607.0, 20.0], [115606.5, 20.0], [115606.0, 20.0], [115604.5, 106600.0], [115603.0, 60.0], [115602.0, 57250.0], [115601.5, 40000.0], [115601.0, 98900.0], [115600.0, 39900.0], [115599.0, 2850.0], [115596.5, 6000.0], [115595.5, 11350.0], [115595.0, 20990.0], [115594.5, 2370.0], [115592.0, 16890.0]], "asks": [[115610.0, 142410.0], [115611.0, 10050.0], [115612.5, 10.0], [115615.0, 530.0], [115620.0, 10.0], [115621.5, 60.0], [115622.0, 66600.0], [115626.0, 6470.0], [115631.0, 20.0], [115633.0, 6470.0], [115634.0, 45000.0], [115634.5, 6000.0], [115639.0, 20.0], [115639.5, 12040.0], [115640.0, 120.0], [115640.5, 20.0], [115641.0, 500.0], [115641.5, 30000.0], [115643.0, 24980.0], [115643.5, 215140.0]]}}}
{"jsonrpc": "2.0", "method": "subscription", "params": {"channel": "book.BTC-PERPETUAL.none.20.100ms", "data": {"timestamp": 1757654329473, "change_id": 117135599775, "instrument_name": "BTC-PERPETUAL", "bids": [[115609.5, 1933920.0], [115609.0, 356670.0], [115608.5, 46020.0], [115608.0, 20.0], [115607.5, 20.0], [115607.0, 20.0], [115606.5, 20.0], [115606.0, 20.0], [115604.5, 331600.0], [115603.0, 60.0], [115602.5, 20990.0], [115602.0, 57250.0], [115601.5, 40000.0], [115601.0, 98900.0], [115600.0, 39900.0], [115599.0, 2850.0], [115596.5, 5000.0], [115595.5, 5780.0], [115594.5, 2370.0], [115592.0, 16890.0]], "asks": [[115610.0, 121880.0], [115611.0, 10050.0], [115612.5, 10.0], [115615.0, 530.0], [115619.5, 232630.0], [115620.0, 70.0], [115622.0, 66600.0], [115626.0, 6470.0], [115630.5, 2850.0], [115631.0, 20.0], [115633.0, 6470.0], [115634.0, 45000.0], [115634.5, 6000.0], [115639.0, 20.0], [115639.5, 20.0], [115640.0, 120.0], [115640.5, 20.0], [115641.0, 20.0], [115641.5, 20.0], [115642.0, 20.0]]}}}
{"jsonrpc": "2.0", "method": "subscription", "params": {"channel": "book.BTC-PERPETUAL.none.20.100ms", "data": {"timestamp": 1757654329815, "change_id": 117135600251, "instrument_name": "BTC-PERPETUAL", "bids": [[115609.5, 1933920.0], [115609.0, 356670.0], [115608.5, 46020.0], [115608.0, 20.0], [115607.5, 20.0], [115607.0, 20.0], [115606.5, 20.0], [115606.0, 20.0], [115604.5, 331600.0], [115603.0, 60.0], [115602.5, 20990.0], [115602.0, 57250.0], [115601.5, 40000.0], [115601.0, 98900.0], [115600.0, 39900.0], [115599.0, 2850.0], [115596.5, 5000.0], [115595.5, 5780.0], [115594.5, 2370.0], [115592.0, 16890.0]], "asks": [[115610.0, 99050.0], [115611.0, 10050.0], [115612.5, 10.0], [115615.0, 530.0], [115619.5, 232630.0], [115620.0, 70.0], [115622.0, 66600.0], [115626.0, 6470.0], [115630.5, 2850.0], [115631.0, 20.0], [115633.0, 6470.0], [115634.0, 45000.0], [115634.5, 6000.0], [115639.0, 20.0], [115639.5, 20.0], [115640.0, 120.0], [115640.5, 20.0], [115641.0, 20.0], [115641.5, 25190.0], [115642.0, 20.0]]}}}
{"jsonrpc": "2.0", "method": "subscription", "params": {"channel": "book.BTC-PERPETUAL.none.20.100ms", "data": {"timestamp": 1757654330073, "change_id": 117135600545, "instrument_name": "BTC-PERPETUAL", "bids": [[115609.5, 1933920.0], [115609.0, 356670.0], [115608.5, 45020.0], [115608.0, 20.0], [115607.5, 20.0], [115607.0, 20.0], [115606.5, 20.0], [115606.0, 20.0], [115604.5, 331600.0], [115603.0, 60.0], [115602.5, 20990.0], [115602.0, 57250.0], [115601.5, 40000.0], [115601.0, 98900.0], [115600.0, 39900.0], [115599.0, 2850.0], [115596.5, 5000.0], [115595.5, 5780.0], [115595.0, 1000.0], [115594.5, 2370.0]], "asks": [[115610.0, 30570.0], [115611.0, 10050.0], [115612.5, 10.0], [115615.0, 530.0], [115620.0, 10.0], [115622.0, 66600.0], [115623.5, 232640.0], [115626.0, 6470.0], [115629.0, 60.0], [115630.5, 2850.0], [115631.0, 20.0], [115633.0, 6470.0], [115634.0, 45000.0], [115634.5, 6000.0], [115640.0, 100.0], [115640.5, 20.0], [115641.0, 20.0], [115641.5, 25190.0], [115642.0, 20.0], [115642.5, 20.0]]}}}
{"jsonrpc": "2.0", "method": "subscription", "params": {"channel": "book.BTC-PERPETUAL.none.20.100ms", "data": {"timestamp": 1757654330474, "change_id": 117135600910, "instrument_name": "BTC-PERPETUAL", "bids": [[115609.5, 1931070.0], [115609.0, 356670.0], [115608.5, 45020.0], [115608.0, 20.0], [115607.5, 20.0], [115607.0, 20.0], [115606.5, 20.0], [115606.0, 20.0], [115604.5, 331600.0], [115603.0, 60.0], [115602.5, 20990.0], [115602.0, 57250.0], [115601.5, 40000.0], [115601.0, 98900.0], [115600.0, 39900.0], [115599.0, 2850.0], [115596.5, 5000.0], [115595.5, 5780.0], [115595.0, 1000.0], [115594.5, 2370.0]], "asks": [[115610.0, 103770.0], [115611.0, 10050.0], [115612.5, 10.0], [115615.0, 530.0], [115620.0, 10.0], [115622.0, 66600.0], [115623.5, 232640.0], [115624.0, 60.0], [115626.0, 6470.0], [115630.5, 2850.0], [115631.0, 20.0], [115633.0, 6470.0], [115634.0, 45000.0], [115634.5, 6000.0], [115639.5, 20.0], [115640.0, 120.0], [115640.5, 20.0], [115641.0, 20.0], [115641.5, 25190.0], [115642.0, 20.0]]}}}
{"jsonrpc": "2.0", "method": "subscription", "params": {"channel": "book.BTC-PERPETUAL.none.20.100ms", "data": {"timestamp": 1757654330793, "change_id": 117135601367, "instrument_name": "BTC-PERPETUAL", "bids": [[115609.5, 1913230.0], [115609.0, 361670.0], [115608.5, 45020.0], [115608.0, 20.0], [115607.5, 20.0], [115607.0, 20.0], [115606.5, 20.0], [115606.0, 20.0], [115604.5, 331600.0], [115603.0, 60.0], [115602.5, 20990.0], [115602.0, 57250.0], [115601.5, 40000.0], [115601.0, 98900.0], [115600.0, 39900.0], [115599.0, 2850.0], [115596.5, 5000.0], [115595.5, 5780.0], [115595.0, 1000.0], [115594.5, 2370.0]], "asks": [[115610.0, 88700.0], [115611.0, 10050.0], [115612.5, 10.0], [115615.0, 530.0], [115620.0, 10.0], [115622.0, 66600.0], [115623.5, 232640.0], [115624.0, 60.0], [115626.0, 6470.0], [115631.0, 20.0], [115633.0, 6470.0], [115634.0, 45000.0], [115634.5, 6000.0], [115639.5, 20.0], [115640.0, 120.0], [115640.5, 20.0], [115641.0, 20.0], [115641.5, 25190.0], [115642.0, 20.0], [115642.5, 55000.0]]}}}
{"jsonrpc": "2.0", "method": "subscription", "params": {"channel": "book.BTC-PERPETUAL.none.20.100ms", "data": {"timestamp": 1757654331130, "change_id": 117135601865, "instrument_name": "BTC-PERPETUAL", "bids": [[115610.5, 1109750.0], [115610.0, 695550.0], [115609.5, 1391520.0], [115609.0, 20.0], [115608.5, 45020.0], [115608.0, 20.0], [115607.5, 20.0], [115607.0, 20.0], [115604.5, 331600.0], [115603.0, 60.0], [115602.5, 20990.0], [115602.0, 57250.0], [115601.5, 40000.0], [115601.0, 98900.0], [115600.0, 39900.0], [115599.0, 2850.0], [115596.5, 5000.0], [115595.5, 5780.0], [115595.0, 1000.0], [115594.5, 2370.0]], "asks": [[115611.0, 13060.0], [115612.5, 10.0], [115615.0, 530.0], [115620.0, 10.0], [115622.0, 66600.0], [115623.5, 232640.0], [115626.0, 6470.0], [115631.0, 20.0], [115631.5, 2850.0], [115632.5, 60.0], [115633.0, 6470.0], [115634.0, 45000.0], [115634.5, 6000.0], [115640.0, 100.0], [115640.5, 20.0], [115641.0, 20.0], [115641.5, 25190.0], [115642.0, 20.0], [115642.5, 30020.0], [115643.0, 20.0]]}}}
{"jsonrpc": "2.0", "method": "subscription", "params": {"channel": "book.BTC-PERPETUAL.none.20.100ms", "data": {"timestamp": 1757654331467, "change_id": 117135602176, "instrument_name": "BTC-PERPETUAL", "bids": [[115610.5, 1127870.0], [115610.0, 520000.0], [115609.5, 1335530.0], [115609.0, 20.0], [115608.5, 45020.0], [115608.0, 20.0], [115607.5, 20.0], [115607.0, 20.0], [115604.5, 331600.0], [115603.0, 60.0], [115602.5, 20990.0], [115602.0, 57250.0], [115601.5, 40000.0], [115601.0, 98900.0], [115600.0, 39900.0], [115599.0, 2850.0], [115596.5, 5000.0], [115595.5, 5780.0], [115595.0, 1000.0], [115594.5, 2370.0]], "asks": [[115611.0, 760.0], [115612.5, 10.0], [115615.0, 530.0], [115620.0, 10.0], [115622.0, 66600.0], [115623.5, 232640.0], [115626.0, 6530.0], [115631.0, 20.0], [115631.5, 2850.0], [115633.0, 6470.0], [115634.0, 45000.0], [115634.5, 6000.0], [115640.0, 100.0], [115640.5, 20.0], [115641.0, 20.0], [115641.5, 25190.0], [115642.0, 20.0], [115642.5, 30020.0], [115643.0, 25500.0], [115643.5, 215160.0]]}}}
{"jsonrpc": "2.0", "method": "subscription", "params": {"channel": "book.BTC-PERPETUAL.none.20.100ms", "data": {"timestamp": 1757654331791, "change_id": 117135602774, "instrument_name": "BTC-PERPETUAL", "bids": [[115612.0, 1292800.0], [115610.5, 71220.0], [115610.0, 520000.0], [115609.5, 1326920.0], [115609.0, 20.0], [115608.5, 45020.0], [115608.0, 20.0], [115607.5, 20.0], [115607.0, 20.0], [115605.0, 105800.0], [115604.5, 331600.0], [115603.0, 60.0], [115602.5, 20990.0], [115602.0, 57250.0], [115601.5, 40000.0], [115601.0, 98900.0], [115600.0, 39900.0], [115599.0, 2850.0], [115596.5, 5000.0], [115595.5, 5780.0]], "asks": [[115612.5, 10.0], [115615.0, 530.0], [115620.0, 10.0], [115622.0, 66600.0], [115623.5, 232640.0], [115626.0, 6470.0], [115631.0, 20.0], [115631.5, 2850.0], [115633.0, 6470.0], [115634.0, 45000.0], [115634.5, 6000.0], [115640.0, 100.0], [115641.5, 57650.0], [115642.5, 30020.0], [115643.0, 520.0], [115643.5, 215160.0], [115644.0, 24980.0], [115648.5, 12590.0], [115649.0, 32480.0], [115650.0, 200.0]]}}}
{"jsonrpc": "2.0", "method": "subscription", "params": {"channel": "book.BTC-PERPETUAL.none.20.100ms", "data": {"timestamp": 1757654332125, "change_id": 117135603160, "instrument_name": "BTC-PERPETUAL", "bids": [[115612.0, 1383290.0], [115611.5, 25020.0], [115611.0, 20.0], [115610.5, 36220.0], [115610.0, 520000.0], [115609.5, 1264900.0], [115609.0, 20.0], [115608.5, 45020.0], [115605.0, 105800.0], [115604.5, 291600.0], [115603.0, 60.0], [115602.5, 20990.0], [115602.0, 57250.0], [115601.5, 40000.0], [115601.0, 98900.0], [115600.0, 39900.0], [115599.0, 2850.0], [115596.5, 5000.0], [115595.5, 5780.0], [115595.0, 1000.0]], "asks": [[115612.5, 75840.0], [115615.0, 530.0], [115620.0, 10.0], [115622.0, 66600.0], [115623.5, 232640.0], [115626.0, 6470.0], [115631.0, 20.0], [115631.5, 2850.0], [115633.0, 6470.0], [115634.0, 45000.0], [115634.5, 6000.0], [115636.5, 11990.0], [115639.0, 20.0], [115639.5, 20.0], [115640.0, 120.0], [115640.5, 20.0], [115641.0, 20.0], [115641.5, 57670.0], [115642.0, 520.0], [115642.5, 30000.0]]}}}
{"jsonrpc": "2.0", "method": "subscription", "params": {"channel": "book.BTC-PERPETUAL.none.20.100ms", "data": {"timestamp": 1757654332458, "change_id": 117135603498, "instrument_name": "BTC-PERPETUAL", "bids": [[115612.0, 1383320.0], [115611.5, 25020.0], [115611.0, 20.0], [115610.5, 36220.0], [115610.0, 520000.0], [115609.5, 1264900.0], [115609.0, 20.0], [115608.5, 45020.0], [115605.0, 105800.0], [115604.5, 291600.0], [115603.0, 60.0], [115602.5, 20990.0], [115602.0, 57250.0], [115601.5, 40000.0], [115601.0, 98900.0], [115600.0, 39900.0], [115599.0, 2850.0], [115596.5, 5000.0], [115595.5, 5780.0], [115595.0, 1000.0]], "asks": [[115612.5, 75840.0], [115615.0, 530.0], [115620.0, 10.0], [115622.0, 66600.0], [115623.5, 232640.0], [115626.0, 6470.0], [115631.0, 20.0], [115631.5, 2850.0], [115633.0, 6470.0], [115634.0, 45000.0], [115634.5, 6000.0], [115636.5, 11990.0], [115639.5, 20.0], [115640.0, 120.0], [115640.5, 20.0], [115641.0, 20.0], [115641.5, 57670.0], [115642.0, 520.0], [115642.5, 30000.0], [115643.5, 215140.0]]}}}
{"jsonrpc": "2.0", "method": "subscription", "params": {"channel": "book.BTC-PERPETUAL.none.20.100ms", "data": {"timestamp": 1757654332786, "change_id": 117135604003, "instrument_name": "BTC-PERPETUAL", "bids": [[115612.0, 1454730.0], [115611.5, 20.0], [115611.0, 20.0], [115610.5, 28450.0], [115610.0, 348530.0], [115609.5, 1106070.0], [115609.0, 20.0], [115608.5, 70020.0], [115605.0, 105800.0], [115604.5, 291600.0], [115603.0, 60.0], [115602.5, 20990.0], [115602.0, 57250.0], [115601.5, 40000.0], [115601.0, 98900.0], [115600.0, 39900.0], [115599.0, 2850.0], [115596.5, 5000.0], [115595.5, 5780.0], [115595.0, 1000.0]], "asks": [[115612.5, 72840.0], [115615.0, 530.0], [115620.0, 10.0], [115622.0, 66600.0], [115623.5, 232640.0], [115626.0, 6470.0], [115631.0, 20.0], [115632.0, 2850.0], [115633.0, 6470.0], [115634.0, 45000.0], [115634.5, 6000.0], [115636.5, 11990.0], [115640.0, 120.0], [115640.5, 20.0], [115641.0, 20.0], [115641.5, 57670.0], [115642.0, 500.0], [115642.5, 30000.0], [115643.5, 215140.0], [115644.0, 24980.0]]}}}
{"jsonrpc": "2.0", "method": "subscription", "params": {"channel": "book.BTC-PERPETUAL.none.20.100ms", "data": {"timestamp": 1757654333115, "change_id": 117135604390, "instrument_name": "BTC-PERPETUAL", "bids": [[115612.0, 1469620.0], [115611.5, 20.0], [115611.0, 20.0], [115610.5, 18450.0], [115610.0, 348530.0], [115609.5, 1092660.0], [115609.0, 20.0], [115608.5, 70020.0], [115605.0, 105800.0], [115604.5, 291600.0], [115603.0, 60.0], [115602.5, 20990.0], [115602.0, 57250.0], [115601.5, 40000.0], [115601.0, 98900.0], [115600.0, 39900.0], [115599.0, 2850.0], [115596.5, 5000.0], [115595.5, 5780.0], [115595.0, 1000.0]], "asks": [[115612.5, 74240.0], [115615.0, 530.0], [115620.0, 10.0], [115620.5, 15000.0], [115622.0, 66600.0], [115623.5, 232640.0], [115631.0, 20.0], [115632.0, 2850.0], [115633.0, 6470.0], [115634.0, 45000.0], [115634.5, 6000.0], [115636.5, 11990.0], [115637.5, 20.0], [115638.0, 20.0], [115638.5, 20.0], [115639.0, 20.0], [115639.5, 20.0], [115640.0, 120.0], [115641.5, 57650.0], [115642.0, 500.0]]}}}
{"jsonrpc": "2.0", "method": "subscription", "params": {"channel": "book.BTC-PERPETUAL.none.20.100ms", "data": {"timestamp": 1757654333449, "change_id": 117135604789, "instrument_name": "BTC-PERPETUAL", "bids": [[115614.5, 914110.0], [115613.5, 30.0], [115612.5, 565150.0], [115612.0, 433860.0], [115611.5, 20.0], [115611.0, 20.0], [115610.5, 18430.0], [115610.0, 20.0], [115609.5, 1115660.0], [115609.0, 20.0], [115608.5, 20.0], [115605.0, 105800.0], [115604.5, 291600.0], [115603.0, 60.0], [115602.5, 20990.0], [115602.0, 57250.0], [115601.5, 40000.0], [115601.0, 98900.0], [115600.0, 39900.0], [115599.0, 2850.0]], "asks": [[115615.0, 530.0], [115620.0, 10.0], [115620.5, 15000.0], [115622.0, 66600.0], [115623.5, 232640.0], [115628.5, 6000.0], [115631.0, 20.0], [115632.0, 2850.0], [115633.0, 6470.0], [115634.0, 45000.0], [115639.0, 11990.0], [115640.0, 120.0], [115640.5, 20.0], [115641.0, 20.0], [115641.5, 57650.0], [115642.0, 500.0], [115642.5, 30000.0], [115643.5, 215140.0], [115646.5, 18150.0], [115647.0, 24980.0]]}}}
{"jsonrpc": "2.0", "method": "subscription", "params": {"channel": "book.BTC-PERPETUAL.none.20.100ms", "data": {"timestamp": 1757654333773, "change_id": 117135605395, "instrument_name": "BTC-PERPETUAL", "bids": [[115614.5, 541310.0], [115614.0, 7400.0], [115613.5, 20.0], [115612.5, 752710.0], [115612.0, 312090.0], [115611.5, 20.0], [115611.0, 20.0], [115610.5, 18430.0], [115610.0, 20.0], [115609.5, 1090660.0], [115609.0, 20.0], [115607.0, 25000.0], [115605.0, 105800.0], [115604.5, 291600.0], [115603.0, 60.0], [115602.0, 57250.0], [115601.5, 49600.0], [115601.0, 98900.0], [115599.0, 2850.0], [115597.0, 20990.0]], "asks": [[115615.0, 530.0], [115620.0, 10.0], [115621.0, 15000.0], [115622.0, 66600.0], [115623.5, 232640.0], [115627.5, 45000.0], [115631.0, 20.0], [115632.0, 2850.0], [115633.0, 6470.0], [115634.0, 24980.0], [115639.0, 11990.0], [115640.0, 120.0], [115640.5, 20.0], [115641.0, 520.0], [115641.5, 57650.0], [115642.5, 30000.0], [115643.5, 215140.0], [115644.0, 10660.0], [115648.5, 2850.0], [115649.0, 32480.0]]}}}
{"jsonrpc": "2.0", "method": "subscription", "params": {"channel": "book.BTC-PERPETUAL.none.20.100ms", "data": {"timestamp": 1757654334108, "change_id": 117135606060, "instrument_name": "BTC-PERPETUAL", "bids": [[115614.5, 546310.0], [115614.0, 2400.0], [115613.5, 20.0], [115612.5, 520150.0], [115612.0, 544650.0], [115610.5, 18410.0], [115610.0, 20.0], [115609.5, 1090660.0], [115609.0, 20.0], [115608.5, 45020.0], [115608.0, 20.0], [115607.0, 25000.0], [115605.0, 105800.0], [115604.5, 291600.0], [115603.0, 60.0], [115602.0, 57250.0], [115601.5, 40000.0], [115601.0, 98900.0], [115599.0, 2850.0], [115596.5, 5000.0]], "asks": [[115615.0, 78850.0], [115620.0, 10.0], [115621.0, 15000.0], [115622.0, 66600.0], [115624.5, 20.0], [115628.0, 6000.0], [115630.5, 45000.0], [115633.0, 6470.0], [115634.0, 30000.0], [115639.0, 11990.0], [115640.0, 120.0], [115640.5, 520.0], [115641.0, 25000.0], [115641.5, 57650.0], [115643.5, 215140.0], [115648.5, 12650.0], [115649.0, 32480.0], [115650.0, 200.0], [115650.5, 15640.0], [115651.0, 29260.0]]}}}
{"jsonrpc": "2.0", "method": "subscription", "params": {"channel": "book.BTC-PERPETUAL.none.20.100ms", "data": {"timestamp": 1757654334441, "change_id": 117135606505, "instrument_name": "BTC-PERPETUAL", "bids": [[115614.5, 600350.0], [115613.0, 500.0], [115612.5, 520150.0], [115612.0, 290650.0], [115611.5, 232540.0], [115610.5, 18410.0], [115610.0, 45000.0], [115609.5, 1090660.0], [115609.0, 20.0], [115608.5, 20.0], [115608.0, 20.0], [115607.5, 20.0], [115607.0, 25000.0], [115605.0, 105800.0], [115604.5, 291600.0], [115603.0, 60.0], [115602.0, 57250.0], [115601.5, 40000.0], [115601.0, 98900.0], [115599.0, 2850.0]], "asks": [[115615.0, 78850.0], [115619.0, 232550.0], [115620.0, 15010.0], [115622.0, 66600.0], [115624.5, 20.0], [115627.0, 2850.0], [115628.0, 6000.0], [115633.0, 51470.0], [115633.5, 24980.0], [115634.0, 30000.0], [115634.5, 20.0], [115635.0, 20.0], [115638.5, 500.0], [115639.0, 11990.0], [115640.0, 120.0], [115640.5, 20.0], [115641.0, 89350.0], [115641.5, 57650.0], [115643.5, 215140.0], [115648.5, 12650.0]]}}}
{"jsonrpc": "2.0", "method": "subscription", "params": {"channel": "book.BTC-PERPETUAL.none.20.100ms", "data": {"timestamp": 1757654334771, "change_id": 117135607462, "instrument_name": "BTC-PERPETUAL", "bids": [[115614.5, 307100.0], [115613.5, 61610.0], [115612.5, 520150.0], [115612.0, 290650.0], [115610.5, 18410.0], [115609.5, 1090640.0], [115606.5, 45000.0], [115604.5, 66600.0], [115603.0, 60.0], [115600.5, 200.0], [115597.0, 3020.0], [115596.5, 7400.0], [115595.5, 12560.0], [115594.5, 2370.0], [115594.0, 25000.0], [115592.0, 16890.0], [115590.5, 10.0], [115590.0, 10530.0], [115585.5, 32480.0], [115583.5, 7430.0]], "asks": [[115615.0, 330150.0], [115619.0, 232550.0], [115620.0, 15010.0], [115622.0, 66600.0], [115623.0, 500.0], [115624.5, 20.0], [115626.5, 17950.0], [115627.0, 11990.0], [115632.0, 47850.0], [115633.0, 6470.0], [115633.5, 15420.0], [115634.0, 54980.0], [115638.0, 200.0], [115639.0, 11990.0], [115640.0, 120.0], [115640.5, 20.0], [115641.0, 89350.0], [115641.5, 57650.0], [115643.5, 215340.0], [115648.5, 12650.0]]}}}
{"jsonrpc": "2.0", "method": "subscription", "params": {"channel": "book.BTC-PERPETUAL.none.20.100ms", "data": {"timestamp": 1757654335099, "change_id": 117135608204, "instrument_name": "BTC-PERPETUAL", "bids": [[115614.5, 438500.0], [115612.5, 520150.0], [115612.0, 287760.0], [115610.5, 18410.0], [115609.5, 1090640.0], [115609.0, 232540.0], [115604.5, 66600.0], [115604.0, 20.0], [115603.5, 45020.0], [115600.0, 3590.0], [115599.5, 200.0], [115599.0, 2850.0], [115596.5, 7460.0], [115596.0, 13430.0], [115595.0, 25000.0], [115594.5, 2370.0], [115592.0, 16890.0], [115590.5, 10.0], [115590.0, 10530.0], [115585.5, 32480.0]], "asks": [[115615.0, 519500.0], [115618.5, 94600.0], [115619.0, 232550.0], [115620.0, 15010.0], [115622.0, 66600.0], [115624.5, 20.0], [115625.0, 24980.0], [115626.5, 500.0], [115627.0, 11990.0], [115627.5, 14360.0], [115628.0, 45000.0], [115632.0, 2850.0], [115633.0, 15530.0], [115634.0, 30000.0], [115638.0, 200.0], [115639.0, 11990.0], [115640.0, 120.0], [115640.5, 20.0], [115641.0, 89350.0], [115641.5, 57650.0]]}}}
