{"jsonrpc": "2.0", "id": 1, "result": ["book.BTC-PERPETUAL.none.20.100ms"], "usIn": 1762911050162522, "usOut": 1762911050162878, "usDiff": 356, "testnet": false}
{"jsonrpc": "2.0", "method": "subscription", "params": {"channel": "book.BTC-PERPETUAL.none.20.100ms", "data": {"timestamp": 1762911050161, "change_id": 126478442986, "instrument_name": "BTC-PERPETUAL", "bids": [[103169.0, 11980.0], [103160.0, 100.0], [103159.5, 4780.0], [103156.0, 16000.0], [103155.5, 5740.0], [103151.0, 6150.0], [103150.5, 22000.0], [103150.0, 18730.0], [103147.0, 30000.0], [103146.5, 28800.0], [103145.0, 27830.0], [103143.0, 38000.0], [103140.0, 26480.0], [103138.5, 33490.0], [103138.0, 74990.0], [103137.5, 17190.0], [103134.0, 50000.0], [103132.5, 25000.0], [103130.0, 38000.0], [103128.5, 9230.0]], "asks": [[103169.5, 433420.0], [103170.0, 7460.0], [103172.0, 25000.0], [103175.0, 18090.0], [103175.5, 11000.0], [103176.5, 11000.0], [103177.0, 26610.0], [103178.0, 38000.0], [103180.5, 13440.0], [103182.0, 45000.0], [103185.0, 14640.0], [103188.0, 21000.0], [103188.5, 43000.0], [103190.0, 2620.0], [103191.5, 3030.0], [103193.0, 5740.0], [103198.5, 17220.0], [103199.0, 38000.0], [103200.0, 40.0], [103201.0, 17230.0]]}}}
{"jsonrpc": "2.0", "method": "subscription", "params": {"channel": "book.BTC-PERPETUAL.none.20.100ms", "data": {"timestamp": 1762911050191, "change_id": 126478443040, "instrument_name": "BTC-PERPETUAL", "bids": [[103169.0, 11980.0], [103160.0, 100.0], [103159.5, 4780.0], [103156.0, 16000.0], [103155.5, 5740.0], [103151.0, 6150.0], [103150.5, 22000.0], [103150.0, 18730.0], [103147.0, 30000.0], [103146.5, 28800.0], [103145.0, 27830.0], [103143.0, 38000.0], [103140.5, 490.0], [103140.0, 25990.0], [103138.5, 18560.0], [103138.0, 45000.0], [103137.5, 17190.0], [103134.0, 50000.0], [103132.5, 25000.0], [103131.0, 29990.0]], "asks": [[103169.5, 433420.0], [103170.0, 7460.0], [103172.0, 25000.0], [103175.0, 18090.0], [103175.5, 11000.0], [103176.5, 11000.0], [103177.0, 26610.0], [103178.0, 38000.0], [103180.5, 13440.0], [103182.0, 45000.0], [103185.0, 14640.0], [103188.0, 21000.0], [103188.5, 43000.0], [103190.0, 2620.0], [103191.5, 3030.0], [103193.0, 5740.0], [103198.5, 17220.0], [103199.0, 38000.0], [103200.0, 40.0], [103201.0, 17230.0]]}}}
{"jsonrpc": "2.0", "method": "subscription", "params": {"channel": "book.BTC-PERPETUAL.none.20.100ms", "data": {"timestamp": 1762911050526, "change_id": 126478443326, "instrument_name": "BTC-PERPETUAL", "bids": [[103169.0, 11980.0], [103165.5, 100.0], [103159.5, 17560.0], [103158.5, 10000.0], [103156.5, 11000.0], [103156.0, 16000.0], [103155.5, 5740.0], [103155.0, 30000.0], [103152.0, 3280.0], [103151.5, 11000.0], [103147.0, 8600.0], [103146.5, 28800.0], [103145.0, 11490.0], [103143.0, 38000.0], [103140.0, 490.0], [103139.5, 35270.0], [103139.0, 25990.0], [103138.0, 45000.0], [103137.5, 17190.0], [103136.0, 29990.0]], "asks": [[103169.5, 371250.0], [103174.0, 7760.0], [103174.5, 26000.0], [103175.0, 29090.0], [103175.5, 11000.0], [103177.0, 610.0], [103178.0, 38000.0], [103180.5, 13440.0], [103182.0, 45000.0], [103185.0, 14640.0], [103188.0, 21000.0], [103188.5, 43000.0], [103190.0, 2620.0], [103191.5, 3030.0], [103193.0, 5740.0], [103196.0, 74300.0], [103198.5, 17220.0], [103199.0, 38000.0], [103200.0, 40.0], [103201.0, 17230.0]]}}}
{"jsonrpc": "2.0", "method": "subscription", "params": {"channel": "book.BTC-PERPETUAL.none.20.100ms", "data": {"timestamp": 1762911050859, "change_id": 126478446219, "instrument_name": "BTC-PERPETUAL", "bids": [[103151.5, 100.0], [103145.0, 5000.0], [103144.5, 11000.0], [103141.5, 1710.0], [103140.0, 5740.0], [103139.0, 7450.0], [103137.0, 16000.0], [103135.0, 11000.0], [103134.5, 21660.0], [103131.0, 30000.0], [103130.5, 25990.0], [103130.0, 44680.0], [103129.0, 28800.0], [103122.5, 17220.0], [103121.0, 45200.0], [103120.5, 30480.0], [103120.0, 50000.0], [103119.0, 5740.0], [103118.5, 38000.0], [103118.0, 9230.0]], "asks": [[103152.0, 219160.0], [103154.5, 152280.0], [103155.0, 25000.0], [103158.5, 87000.0], [103159.0, 9240.0], [103159.5, 11000.0], [103160.0, 33530.0], [103161.0, 45000.0], [103162.0, 38000.0], [103165.0, 26000.0], [103165.5, 32690.0], [103168.0, 11000.0], [103169.0, 87100.0], [103169.5, 28600.0], [103171.0, 6270.0], [103173.5, 5000.0], [103175.0, 21000.0], [103177.0, 610.0], [103177.5, 11340.0], [103178.0, 38000.0]]}}}
{"jsonrpc": "2.0", "method": "subscription", "params": {"channel": "book.BTC-PERPETUAL.none.20.100ms", "data": {"timestamp": 1762911051172, "change_id": 126478446934, "instrument_name": "BTC-PERPETUAL", "bids": [[103151.5, 100.0], [103141.0, 6490.0], [103140.5, 16000.0], [103140.0, 5740.0], [103138.5, 6150.0], [103135.5, 11000.0], [103135.0, 11000.0], [103134.5, 21660.0], [103130.5, 30000.0], [103130.0, 38000.0], [103129.5, 8600.0], [103129.0, 28800.0], [103124.5, 490.0], [103123.0, 53720.0], [103122.5, 17220.0], [103121.5, 29990.0], [103121.0, 45200.0], [103119.0, 5740.0], [103118.5, 38000.0], [103118.0, 50000.0]], "asks": [[103152.0, 320620.0], [103154.5, 90680.0], [103158.0, 37000.0], [103158.5, 87000.0], [103159.0, 5440.0], [103160.0, 33530.0], [103161.0, 45000.0], [103161.5, 11000.0], [103162.0, 38000.0], [103165.5, 46800.0], [103166.0, 15070.0], [103169.0, 108100.0], [103171.0, 1490.0], [103173.5, 5000.0], [103177.0, 610.0], [103177.5, 11340.0], [103178.0, 38000.0], [103180.0, 5000.0], [103181.0, 17220.0], [103185.0, 10.0]]}}}
{"jsonrpc": "2.0", "method": "subscription", "params": {"channel": "book.BTC-PERPETUAL.none.20.100ms", "data": {"timestamp": 1762911051505, "change_id": 126478447720, "instrument_name": "BTC-PERPETUAL", "bids": [[103141.0, 135350.0], [103140.5, 1710.0], [103140.0, 5740.0], [103131.0, 11000.0], [103130.5, 11340.0], [103130.0, 38000.0], [103125.5, 8950.0], [103125.0, 88150.0], [103124.5, 25000.0], [103123.0, 75990.0], [103122.5, 17220.0], [103121.0, 45000.0], [103119.0, 26260.0], [103118.5, 38000.0], [103117.5, 5000.0], [103117.0, 8560.0], [103116.0, 9230.0], [103115.5, 17200.0], [103111.5, 5130.0], [103110.5, 17190.0]], "asks": [[103141.5, 209160.0], [103150.0, 38000.0], [103151.5, 500.0], [103152.0, 91690.0], [103154.0, 9240.0], [103154.5, 3680.0], [103158.0, 11000.0], [103158.5, 87000.0], [103160.0, 33530.0], [103160.5, 26000.0], [103161.0, 45000.0], [103161.5, 11000.0], [103162.0, 38000.0], [103165.5, 6270.0], [103169.0, 21000.0], [103170.0, 9200.0], [103170.5, 17220.0], [103173.0, 17220.0], [103173.5, 5000.0], [103177.0, 610.0]]}}}
{"jsonrpc": "2.0", "method": "subscription", "params": {"channel": "book.BTC-PERPETUAL.none.20.100ms", "data": {"timestamp": 1762911051840, "change_id": 126478448756, "instrument_name": "BTC-PERPETUAL", "bids": [[103141.0, 135350.0], [103140.5, 12710.0], [103140.0, 5740.0], [103130.5, 11340.0], [103130.0, 38000.0], [103127.0, 490.0], [103126.5, 16860.0], [103126.0, 29990.0], [103125.5, 25990.0], [103124.5, 25000.0], [103123.5, 33500.0], [103122.5, 17220.0], [103121.0, 95000.0], [103119.0, 26260.0], [103118.5, 38000.0], [103117.5, 5000.0], [103117.0, 8560.0], [103116.0, 9230.0], [103115.5, 17200.0], [103111.5, 5130.0]], "asks": [[103141.5, 209160.0], [103149.5, 11340.0], [103150.0, 38000.0], [103151.5, 28970.0], [103152.0, 91690.0], [103154.5, 3680.0], [103157.5, 9240.0], [103158.0, 29250.0], [103158.5, 87000.0], [103159.5, 11000.0], [103160.0, 33530.0], [103161.0, 45000.0], [103161.5, 11000.0], [103162.0, 38000.0], [103165.0, 26000.0], [103165.5, 6270.0], [103169.0, 21000.0], [103170.0, 9200.0], [103170.5, 17220.0], [103173.0, 17220.0]]}}}
{"jsonrpc": "2.0", "method": "subscription", "params": {"channel": "book.BTC-PERPETUAL.none.20.100ms", "data": {"timestamp": 1762911052181, "change_id": 126478449198, "instrument_name": "BTC-PERPETUAL", "bids": [[103141.0, 105350.0], [103140.5, 31710.0], [103140.0, 5740.0], [103131.0, 11000.0], [103130.5, 11340.0], [103130.0, 38000.0], [103127.0, 490.0], [103126.5, 16860.0], [103125.5, 50990.0], [103124.0, 29990.0], [103123.5, 18570.0], [103122.5, 17220.0], [103121.0, 45000.0], [103119.0, 41530.0], [103118.5, 52390.0], [103117.5, 50000.0], [103117.0, 8560.0], [103116.0, 9230.0], [103115.5, 53520.0], [103111.5, 5130.0]], "asks": [[103141.5, 209160.0], [103148.5, 29730.0], [103149.0, 61600.0], [103150.0, 38000.0], [103151.0, 500.0], [103151.5, 10080.0], [103152.0, 25000.0], [103154.0, 9240.0], [103154.5, 3680.0], [103158.0, 29250.0], [103158.5, 87000.0], [103160.0, 33530.0], [103160.5, 11000.0], [103161.0, 45000.0], [103161.5, 37000.0], [103162.0, 38000.0], [103170.0, 17640.0], [103170.5, 17220.0], [103172.5, 21000.0], [103173.0, 17220.0]]}}}
{"jsonrpc": "2.0", "method": "subscription", "params": {"channel": "book.BTC-PERPETUAL.none.20.100ms", "data": {"timestamp": 1762911052511, "change_id": 126478449594, "instrument_name": "BTC-PERPETUAL", "bids": [[103141.0, 83720.0], [103140.5, 31710.0], [103140.0, 5740.0], [103131.5, 28910.0], [103131.0, 11000.0], [103130.0, 38000.0], [103127.5, 8400.0], [103125.5, 25990.0], [103125.0, 34990.0], [103124.5, 25000.0], [103123.0, 29990.0], [103122.5, 17220.0], [103121.0, 45000.0], [103119.0, 41530.0], [103118.5, 52390.0], [103117.5, 50000.0], [103117.0, 8560.0], [103115.5, 53520.0], [103113.5, 7890.0], [103113.0, 9230.0]], "asks": [[103141.5, 306160.0], [103148.5, 29730.0], [103149.0, 61600.0], [103149.5, 500.0], [103150.0, 38000.0], [103151.5, 19320.0], [103152.0, 25000.0], [103154.5, 3680.0], [103156.5, 10630.0], [103157.0, 11000.0], [103159.0, 26000.0], [103160.0, 33530.0], [103160.5, 11000.0], [103161.0, 45000.0], [103162.0, 38000.0], [103170.0, 17640.0], [103170.5, 17220.0], [103172.5, 21000.0], [103173.0, 17220.0], [103173.5, 5000.0]]}}}
{"jsonrpc": "2.0", "method": "subscription", "params": {"channel": "book.BTC-PERPETUAL.none.20.100ms", "data": {"timestamp": 1762911052838, "change_id": 126478450571, "instrument_name": "BTC-PERPETUAL", "bids": [[103141.0, 16200.0], [103140.5, 1710.0], [103138.5, 100.0], [103135.5, 5740.0], [103132.0, 6570.0], [103131.5, 11000.0], [103131.0, 11000.0], [103126.5, 17550.0], [103126.0, 30000.0], [103125.5, 28800.0], [103125.0, 13580.0], [103123.5, 490.0], [103121.0, 45000.0], [103119.5, 55980.0], [103119.0, 51980.0], [103118.5, 52390.0], [103117.0, 33560.0], [103115.5, 103520.0], [103111.0, 5130.0], [103110.5, 17190.0]], "asks": [[103141.5, 367760.0], [103147.5, 14250.0], [103149.5, 9740.0], [103150.0, 38000.0], [103150.5, 18750.0], [103151.0, 25000.0], [103153.5, 11000.0], [103154.5, 3680.0], [103155.0, 37000.0], [103160.0, 24780.0], [103161.0, 45000.0], [103162.0, 38000.0], [103170.0, 15370.0], [103170.5, 17220.0], [103172.5, 21000.0], [103173.0, 17220.0], [103177.0, 610.0], [103177.5, 11340.0], [103178.0, 38000.0], [103180.0, 5000.0]]}}}
{"jsonrpc": "2.0", "method": "subscription", "params": {"channel": "book.BTC-PERPETUAL.none.20.100ms", "data": {"timestamp": 1762911053171, "change_id": 126478451156, "instrument_name": "BTC-PERPETUAL", "bids": [[103141.0, 16000.0], [103140.5, 5000.0], [103139.5, 11000.0], [103135.5, 5740.0], [103134.0, 100.0], [103133.5, 11880.0], [103133.0, 28800.0], [103131.0, 11000.0], [103126.5, 8960.0], [103126.0, 30490.0], [103125.0, 20790.0], [103121.5, 29990.0], [103121.0, 45000.0], [103119.5, 25990.0], [103119.0, 51980.0], [103118.5, 52390.0], [103117.0, 33560.0], [103115.5, 53520.0], [103113.5, 20060.0], [103113.0, 50000.0]], "asks": [[103141.5, 306160.0], [103147.0, 500.0], [103147.5, 30820.0], [103148.0, 61600.0], [103150.0, 38000.0], [103150.5, 20230.0], [103151.0, 25000.0], [103154.5, 3680.0], [103156.0, 11000.0], [103156.5, 11040.0], [103159.0, 26000.0], [103159.5, 11000.0], [103160.0, 24780.0], [103161.0, 45000.0], [103162.0, 38000.0], [103167.0, 3030.0], [103170.0, 15370.0], [103170.5, 17220.0], [103172.5, 21000.0], [103173.0, 17220.0]]}}}
{"jsonrpc": "2.0", "method": "subscription", "params": {"channel": "book.BTC-PERPETUAL.none.20.100ms", "data": {"timestamp": 1762911053503, "change_id": 126478451484, "instrument_name": "BTC-PERPETUAL", "bids": [[103141.0, 45100.0], [103140.5, 7640.0], [103136.0, 22000.0], [103135.5, 5740.0], [103126.5, 8960.0], [103126.0, 30490.0], [103125.0, 20790.0], [103122.0, 25990.0], [103121.5, 29990.0], [103121.0, 45000.0], [103120.0, 59760.0], [103119.5, 50000.0], [103119.0, 5740.0], [103118.5, 52390.0], [103117.0, 8560.0], [103115.5, 53520.0], [103113.5, 13240.0], [103112.0, 25000.0], [103111.0, 9230.0], [103110.5, 17190.0]], "asks": [[103141.5, 219160.0], [103147.0, 500.0], [103147.5, 30820.0], [103148.0, 61600.0], [103150.0, 49320.0], [103150.5, 25000.0], [103154.0, 9240.0], [103154.5, 3680.0], [103155.5, 6150.0], [103156.0, 11000.0], [103158.5, 11000.0], [103160.0, 24780.0], [103160.5, 26000.0], [103161.0, 45000.0], [103162.0, 38000.0], [103166.0, 7170.0], [103166.5, 5000.0], [103167.0, 3030.0], [103169.5, 21000.0], [103170.0, 9200.0]]}}}
{"jsonrpc": "2.0", "method": "subscription", "params": {"channel": "book.BTC-PERPETUAL.none.20.100ms", "data": {"timestamp": 1762911053834, "change_id": 126478452187, "instrument_name": "BTC-PERPETUAL", "bids": [[103141.0, 45100.0], [103140.5, 7640.0], [103139.0, 22000.0], [103138.5, 5740.0], [103127.0, 490.0], [103126.5, 15710.0], [103126.0, 30000.0], [103125.5, 25990.0], [103125.0, 42110.0], [103122.5, 29990.0], [103122.0, 25000.0], [103121.0, 95000.0], [103119.0, 42660.0], [103118.5, 52390.0], [103117.0, 8560.0], [103115.5, 53520.0], [103115.0, 15850.0], [103110.5, 17190.0], [103110.0, 5000.0], [103105.5, 11340.0]], "asks": [[103141.5, 219160.0], [103147.5, 30820.0], [103148.0, 61600.0], [103149.5, 500.0], [103150.0, 41860.0], [103154.0, 9240.0], [103154.5, 3680.0], [103155.5, 6570.0], [103159.0, 11000.0], [103159.5, 11000.0], [103160.0, 36830.0], [103160.5, 26000.0], [103161.0, 45000.0], [103162.0, 63000.0], [103166.0, 7170.0], [103166.5, 5000.0], [103167.0, 3030.0], [103169.5, 21000.0], [103170.0, 9200.0], [103170.5, 17220.0]]}}}
{"jsonrpc": "2.0", "method": "subscription", "params": {"channel": "book.BTC-PERPETUAL.none.20.100ms", "data": {"timestamp": 1762911054163, "change_id": 126478452689, "instrument_name": "BTC-PERPETUAL", "bids": [[103141.0, 55100.0], [103140.5, 7640.0], [103139.5, 11000.0], [103139.0, 11000.0], [103138.5, 5740.0], [103128.0, 30000.0], [103127.5, 24320.0], [103127.0, 500.0], [103125.5, 25990.0], [103125.0, 83350.0], [103121.0, 95000.0], [103119.0, 42660.0], [103118.5, 52390.0], [103117.5, 9230.0], [103117.0, 8560.0], [103115.5, 53520.0], [103115.0, 6620.0], [103110.5, 17190.0], [103110.0, 5000.0], [103105.5, 11340.0]], "asks": [[103141.5, 219160.0], [103147.5, 14250.0], [103149.5, 61600.0], [103150.0, 39100.0], [103153.0, 500.0], [103154.5, 3680.0], [103155.5, 8610.0], [103158.5, 9240.0], [103159.5, 22000.0], [103160.0, 36830.0], [103161.0, 45000.0], [103162.0, 63000.0], [103165.0, 10160.0], [103165.5, 26000.0], [103166.5, 5000.0], [103167.0, 3030.0], [103170.0, 15370.0], [103170.5, 17220.0], [103172.5, 21000.0], [103173.0, 17220.0]]}}}
{"jsonrpc": "2.0", "method": "subscription", "params": {"channel": "book.BTC-PERPETUAL.none.20.100ms", "data": {"timestamp": 1762911054494, "change_id": 126478453092, "instrument_name": "BTC-PERPETUAL", "bids": [[103141.0, 167240.0], [103131.5, 15850.0], [103131.0, 55980.0], [103130.0, 500.0], [103129.5, 11340.0], [103129.0, 38000.0], [103125.0, 28360.0], [103123.5, 75000.0], [103121.0, 45000.0], [103119.5, 9230.0], [103119.0, 42660.0], [103118.5, 52390.0], [103117.0, 8560.0], [103115.5, 53520.0], [103115.0, 6620.0], [103110.5, 17190.0], [103110.0, 5000.0], [103105.5, 11340.0], [103105.0, 38000.0], [103104.5, 47030.0]], "asks": [[103141.5, 184220.0], [103144.5, 5740.0], [103150.0, 20300.0], [103154.0, 61600.0], [103154.5, 3680.0], [103158.5, 500.0], [103160.0, 24780.0], [103160.5, 9240.0], [103162.0, 38000.0], [103164.0, 36000.0], [103165.0, 2400.0], [103166.0, 11000.0], [103167.0, 3030.0], [103169.5, 26000.0], [103170.0, 9200.0], [103170.5, 17220.0], [103173.0, 17220.0], [103176.5, 21000.0], [103177.0, 610.0], [103177.5, 11340.0]]}}}
{"jsonrpc": "2.0", "method": "subscription", "params": {"channel": "book.BTC-PERPETUAL.none.20.100ms", "data": {"timestamp": 1762911054821, "change_id": 126478453881, "instrument_name": "BTC-PERPETUAL", "bids": [[103141.0, 167240.0], [103133.5, 16860.0], [103133.0, 500.0], [103131.5, 25990.0], [103131.0, 29990.0], [103129.5, 11340.0], [103129.0, 38000.0], [103125.0, 28360.0], [103124.0, 9230.0], [103123.5, 50000.0], [103121.0, 45000.0], [103119.0, 42660.0], [103118.5, 52390.0], [103118.0, 25000.0], [103117.0, 8560.0], [103115.5, 53520.0], [103115.0, 6620.0], [103110.5, 17190.0], [103110.0, 5000.0], [103105.5, 11340.0]], "asks": [[103141.5, 184220.0], [103143.0, 5740.0], [103145.0, 10000.0], [103150.0, 19200.0], [103154.5, 3680.0], [103158.0, 19040.0], [103158.5, 61600.0], [103160.0, 24780.0], [103162.0, 38000.0], [103163.0, 25000.0], [103164.5, 9240.0], [103165.0, 17900.0], [103166.5, 11000.0], [103167.0, 5000.0], [103169.0, 11000.0], [103170.0, 54200.0], [103170.5, 17220.0], [103172.5, 26000.0], [103173.0, 17220.0], [103177.0, 610.0]]}}}
{"jsonrpc": "2.0", "method": "subscription", "params": {"channel": "book.BTC-PERPETUAL.none.20.100ms", "data": {"timestamp": 1762911055138, "change_id": 126478454288, "instrument_name": "BTC-PERPETUAL", "bids": [[103141.0, 167240.0], [103134.0, 500.0], [103133.5, 16860.0], [103131.5, 25990.0], [103130.5, 54990.0], [103129.5, 11340.0], [103129.0, 38000.0], [103125.0, 28360.0], [103124.0, 9230.0], [103123.5, 50000.0], [103121.0, 45000.0], [103119.0, 42660.0], [103118.5, 52390.0], [103117.0, 8560.0], [103115.5, 53520.0], [103115.0, 6620.0], [103110.5, 17190.0], [103105.5, 11340.0], [103105.0, 38000.0], [103104.5, 61570.0]], "asks": [[103141.5, 184220.0], [103143.0, 5740.0], [103150.0, 19200.0], [103154.5, 3680.0], [103158.0, 19040.0], [103158.5, 61600.0], [103160.0, 11340.0], [103162.0, 38000.0], [103165.0, 29420.0], [103166.0, 9240.0], [103169.0, 36000.0], [103170.0, 54200.0], [103170.5, 17220.0], [103172.5, 11000.0], [103173.0, 22220.0], [103177.0, 26610.0], [103177.5, 11340.0], [103178.0, 38000.0], [103180.0, 5000.0], [103180.5, 5140.0]]}}}
{"jsonrpc": "2.0", "method": "subscription", "params": {"channel": "book.BTC-PERPETUAL.none.20.100ms", "data": {"timestamp": 1762911055472, "change_id": 126478454484, "instrument_name": "BTC-PERPETUAL", "bids": [[103141.0, 167740.0], [103134.0, 500.0], [103133.5, 16860.0], [103131.5, 55980.0], [103130.0, 25000.0], [103129.5, 11340.0], [103129.0, 38000.0], [103125.5, 9230.0], [103125.0, 28360.0], [103123.5, 50000.0], [103121.0, 45000.0], [103120.5, 5000.0], [103119.0, 42660.0], [103118.5, 52390.0], [103117.0, 8560.0], [103115.5, 53520.0], [103115.0, 6620.0], [103110.5, 17190.0], [103105.5, 11340.0], [103105.0, 38000.0]], "asks": [[103141.5, 184220.0], [103142.5, 21100.0], [103143.0, 5740.0], [103150.0, 19200.0], [103154.5, 3680.0], [103157.5, 500.0], [103160.0, 28280.0], [103161.5, 61600.0], [103162.0, 38000.0], [103165.0, 29420.0], [103168.5, 25000.0], [103169.0, 20240.0], [103170.0, 54200.0], [103170.5, 17220.0], [103172.5, 11000.0], [103173.0, 22220.0], [103177.0, 26610.0], [103177.5, 11340.0], [103178.0, 38000.0], [103180.0, 5000.0]]}}}
{"jsonrpc": "2.0", "method": "subscription", "params": {"channel": "book.BTC-PERPETUAL.none.20.100ms", "data": {"timestamp": 1762911055808, "change_id": 126478455186, "instrument_name": "BTC-PERPETUAL", "bids": [[103141.0, 156740.0], [103134.5, 18910.0], [103130.0, 25990.0], [103126.0, 490.0], [103125.0, 28360.0], [103121.5, 79990.0], [103121.0, 45000.0], [103119.5, 9230.0], [103119.0, 42660.0], [103118.5, 52390.0], [103118.0, 25000.0], [103117.0, 8560.0], [103115.5, 53520.0], [103115.0, 6620.0], [103110.5, 17190.0], [103105.5, 11340.0], [103105.0, 38000.0], [103100.5, 32610.0], [103100.0, 40.0], [103098.0, 31760.0]], "asks": [[103141.5, 194220.0], [103142.5, 21100.0], [103143.0, 5740.0], [103149.5, 6230.0], [103150.0, 19200.0], [103151.0, 30980.0], [103151.5, 38000.0], [103154.0, 61600.0], [103154.5, 3680.0], [103160.0, 28780.0], [103161.5, 76240.0], [103162.0, 38000.0], [103164.5, 26000.0], [103168.0, 25000.0], [103170.0, 9200.0], [103170.5, 17220.0], [103172.0, 21000.0], [103173.0, 22220.0], [103177.0, 610.0], [103177.5, 11340.0]]}}}
{"jsonrpc": "2.0", "method": "subscription", "params": {"channel": "book.BTC-PERPETUAL.none.20.100ms", "data": {"timestamp": 1762911056139, "change_id": 126478455630, "instrument_name": "BTC-PERPETUAL", "bids": [[103141.0, 145240.0], [103135.0, 6150.0], [103134.5, 22000.0], [103128.5, 500.0], [103128.0, 7900.0], [103125.5, 25990.0], [103125.0, 28360.0], [103122.0, 29990.0], [103121.5, 50000.0], [103121.0, 45000.0], [103119.0, 42660.0], [103118.5, 57390.0], [103118.0, 25000.0], [103117.0, 8560.0], [103116.0, 9230.0], [103115.5, 53520.0], [103115.0, 6620.0], [103110.5, 17190.0], [103105.5, 11340.0], [103105.0, 165800.0]], "asks": [[103141.5, 213420.0], [103142.5, 21100.0], [103143.0, 5740.0], [103149.0, 24270.0], [103149.5, 61600.0], [103150.5, 500.0], [103151.0, 12440.0], [103151.5, 38000.0], [103154.5, 3680.0], [103155.5, 9240.0], [103156.0, 8550.0], [103159.0, 11000.0], [103159.5, 11000.0], [103160.0, 28780.0], [103161.0, 26000.0], [103161.5, 45000.0], [103162.0, 38000.0], [103166.5, 25000.0], [103170.0, 9200.0], [103170.5, 17220.0]]}}}
{"jsonrpc": "2.0", "method": "subscription", "params": {"channel": "book.BTC-PERPETUAL.none.20.100ms", "data": {"timestamp": 1762911056459, "change_id": 126478455868, "instrument_name": "BTC-PERPETUAL", "bids": [[103141.0, 139460.0], [103140.5, 1710.0], [103140.0, 5740.0], [103135.0, 6150.0], [103134.5, 22000.0], [103128.0, 7900.0], [103126.0, 490.0], [103125.5, 25990.0], [103125.0, 28360.0], [103122.0, 29990.0], [103121.5, 50000.0], [103121.0, 45000.0], [103119.0, 42660.0], [103118.5, 77390.0], [103117.0, 8560.0], [103115.5, 62750.0], [103115.0, 6620.0], [103110.5, 17190.0], [103105.5, 11340.0], [103105.0, 165800.0]], "asks": [[103141.5, 300420.0], [103142.5, 21100.0], [103143.0, 5740.0], [103148.5, 500.0], [103149.0, 24270.0], [103149.5, 61600.0], [103151.0, 18310.0], [103151.5, 38000.0], [103152.0, 25000.0], [103154.5, 3680.0], [103155.5, 9240.0], [103156.0, 8550.0], [103159.0, 11000.0], [103159.5, 11000.0], [103160.0, 28780.0], [103161.0, 26000.0], [103161.5, 45000.0], [103162.0, 38000.0], [103170.0, 9200.0], [103170.5, 17220.0]]}}}
{"jsonrpc": "2.0", "method": "subscription", "params": {"channel": "book.BTC-PERPETUAL.none.20.100ms", "data": {"timestamp": 1762911056769, "change_id": 126478456242, "instrument_name": "BTC-PERPETUAL", "bids": [[103141.0, 139460.0], [103140.5, 1710.0], [103140.0, 5740.0], [103135.0, 6150.0], [103134.5, 22000.0], [103128.0, 7900.0], [103126.0, 490.0], [103125.5, 25990.0], [103125.0, 28360.0], [103122.0, 29990.0], [103121.5, 50000.0], [103121.0, 45000.0], [103119.0, 67660.0], [103118.5, 52390.0], [103117.0, 8560.0], [103115.5, 62750.0], [103115.0, 6620.0], [103110.5, 17190.0], [103105.5, 11340.0], [103105.0, 165800.0]], "asks": [[103141.5, 300420.0], [103142.5, 21100.0], [103143.0, 5740.0], [103148.5, 500.0], [103149.0, 24270.0], [103149.5, 61600.0], [103151.0, 18310.0], [103151.5, 38000.0], [103152.0, 25000.0], [103154.5, 3680.0], [103155.5, 9240.0], [103156.0, 8550.0], [103159.0, 11000.0], [103159.5, 11000.0], [103160.0, 28780.0], [103161.0, 26000.0], [103161.5, 45000.0], [103162.0, 38000.0], [103170.0, 9200.0], [103170.5, 17220.0]]}}}
{"jsonrpc": "2.0", "method": "subscription", "params": {"channel": "book.BTC-PERPETUAL.none.20.100ms", "data": {"timestamp": 1762911057101, "change_id": 126478456873, "instrument_name": "BTC-PERPETUAL", "bids": [[103141.0, 139460.0], [103140.5, 1710.0], [103140.0, 5740.0], [103137.5, 3110.0], [103135.0, 6150.0], [103134.5, 22000.0], [103128.0, 7900.0], [103126.0, 490.0], [103125.5, 25990.0], [103125.0, 28360.0], [103121.5, 79990.0], [103121.0, 45000.0], [103119.0, 56820.0], [103118.5, 38000.0], [103118.0, 5000.0], [103117.0, 8560.0], [103115.5, 26430.0], [103115.0, 6620.0], [103110.5, 17190.0], [103105.5, 11340.0]], "asks": [[103141.5, 300420.0], [103142.5, 21100.0], [103143.0, 5740.0], [103148.5, 500.0], [103149.0, 24270.0], [103149.5, 61600.0], [103151.0, 18310.0], [103151.5, 38000.0], [103152.0, 25000.0], [103154.5, 3680.0], [103155.5, 9240.0], [103156.0, 8550.0], [103159.0, 11000.0], [103159.5, 11000.0], [103160.0, 28780.0], [103161.0, 26000.0], [103161.5, 45000.0], [103162.0, 38000.0], [103170.0, 9200.0], [103170.5, 17220.0]]}}}
{"jsonrpc": "2.0", "method": "subscription", "params": {"channel": "book.BTC-PERPETUAL.none.20.100ms", "data": {"timestamp": 1762911057459, "change_id": 126478457058, "instrument_name": "BTC-PERPETUAL", "bids": [[103141.0, 129460.0], [103140.5, 14510.0], [103138.0, 51500.0], [103137.5, 3110.0], [103129.0, 10750.0], [103128.5, 11000.0], [103125.5, 25990.0], [103125.0, 28360.0], [103122.0, 490.0], [103121.5, 50000.0], [103121.0, 45000.0], [103120.0, 41410.0], [103119.5, 29990.0], [103119.0, 30740.0], [103118.5, 38000.0], [103118.0, 5000.0], [103117.0, 8560.0], [103115.5, 17200.0], [103115.0, 58960.0], [103112.0, 74240.0]], "asks": [[103141.5, 213420.0], [103142.5, 60300.0], [103143.0, 5740.0], [103148.5, 500.0], [103149.0, 24270.0], [103149.5, 61600.0], [103151.0, 18310.0], [103151.5, 38000.0], [103152.0, 25000.0], [103154.5, 3680.0], [103155.5, 9240.0], [103156.0, 13490.0], [103158.5, 26000.0], [103159.0, 11000.0], [103159.5, 11000.0], [103160.0, 28780.0], [103161.5, 45000.0], [103162.0, 38000.0], [103170.0, 9200.0], [103170.5, 17220.0]]}}}
{"jsonrpc": "2.0", "method": "subscription", "params": {"channel": "book.BTC-PERPETUAL.none.20.100ms", "data": {"timestamp": 1762911057798, "change_id": 126478457631, "instrument_name": "BTC-PERPETUAL", "bids": [[103141.0, 135200.0], [103140.5, 14510.0], [103138.0, 51500.0], [103137.5, 3110.0], [103129.5, 11000.0], [103129.0, 10110.0], [103125.5, 25990.0], [103125.0, 28360.0], [103122.0, 490.0], [103121.5, 50000.0], [103121.0, 45000.0], [103120.0, 41410.0], [103119.5, 29990.0], [103119.0, 30740.0], [103118.5, 38000.0], [103118.0, 5000.0], [103117.0, 8560.0], [103115.5, 17200.0], [103115.0, 58960.0], [103112.0, 74240.0]], "asks": [[103141.5, 213420.0], [103142.5, 60300.0], [103143.0, 5740.0], [103148.5, 500.0], [103149.0, 24270.0], [103149.5, 61600.0], [103151.0, 18310.0], [103151.5, 38000.0], [103152.0, 25000.0], [103154.5, 3680.0], [103155.5, 9240.0], [103156.0, 19230.0], [103159.0, 11000.0], [103159.5, 37000.0], [103160.0, 28780.0], [103161.5, 45000.0], [103162.0, 38000.0], [103170.0, 9200.0], [103170.5, 17220.0], [103171.5, 5000.0]]}}}
{"jsonrpc": "2.0", "method": "subscription", "params": {"channel": "book.BTC-PERPETUAL.none.20.100ms", "data": {"timestamp": 1762911058118, "change_id": 126478458035, "instrument_name": "BTC-PERPETUAL", "bids": [[103141.0, 135200.0], [103140.5, 14510.0], [103138.0, 51500.0], [103137.5, 3110.0], [103130.0, 3280.0], [103129.5, 11000.0], [103125.0, 41440.0], [103122.0, 26480.0], [103121.5, 50000.0], [103121.0, 45000.0], [103120.0, 41410.0], [103119.0, 60730.0], [103118.5, 38000.0], [103118.0, 5000.0], [103117.0, 8560.0], [103115.5, 17200.0], [103115.0, 58960.0], [103112.5, 9230.0], [103112.0, 74240.0], [103110.5, 17190.0]], "asks": [[103141.5, 213420.0], [103142.5, 60300.0], [103143.0, 5740.0], [103148.5, 500.0], [103149.0, 24270.0], [103149.5, 61600.0], [103151.0, 18310.0], [103151.5, 38000.0], [103152.0, 25000.0], [103154.5, 3680.0], [103155.0, 17390.0], [103155.5, 9240.0], [103156.0, 5740.0], [103158.5, 26000.0], [103159.0, 11000.0], [103159.5, 11000.0], [103160.0, 28780.0], [103161.5, 45000.0], [103162.0, 38000.0], [103170.0, 16870.0]]}}}
{"jsonrpc": "2.0", "method": "subscription", "params": {"channel": "book.BTC-PERPETUAL.none.20.100ms", "data": {"timestamp": 1762911058452, "change_id": 126478458181, "instrument_name": "BTC-PERPETUAL", "bids": [[103141.0, 138430.0], [103140.5, 4210.0], [103138.0, 11000.0], [103130.0, 10820.0], [103129.5, 11000.0], [103126.0, 490.0], [103125.5, 25990.0], [103125.0, 41440.0], [103122.0, 29990.0], [103121.5, 50000.0], [103121.0, 45000.0], [103120.0, 41410.0], [103119.0, 30740.0], [103118.5, 38000.0], [103118.0, 5000.0], [103117.0, 8560.0], [103115.5, 17200.0], [103115.0, 58960.0], [103112.5, 9230.0], [103112.0, 74240.0]], "asks": [[103141.5, 300420.0], [103142.5, 60300.0], [103143.0, 5740.0], [103148.5, 500.0], [103149.0, 24270.0], [103149.5, 61600.0], [103151.0, 18310.0], [103151.5, 38000.0], [103152.0, 25000.0], [103154.5, 3680.0], [103155.0, 17390.0], [103155.5, 9240.0], [103156.0, 5740.0], [103158.5, 26000.0], [103159.0, 11000.0], [103159.5, 11000.0], [103160.0, 28780.0], [103161.5, 45000.0], [103162.0, 38000.0], [103170.0, 16870.0]]}}}
{"jsonrpc": "2.0", "method": "subscription", "params": {"channel": "book.BTC-PERPETUAL.none.20.100ms", "data": {"timestamp": 1762911058693, "change_id": 126478458293, "instrument_name": "BTC-PERPETUAL", "bids": [[103141.0, 138430.0], [103132.0, 3280.0], [103131.5, 11000.0], [103130.0, 10820.0], [103129.5, 11000.0], [103125.5, 26480.0], [103125.0, 41440.0], [103122.0, 29990.0], [103121.5, 50000.0], [103121.0, 45000.0], [103120.0, 41410.0], [103119.0, 30740.0], [103118.5, 38000.0], [103118.0, 5000.0], [103117.0, 8560.0], [103115.5, 17200.0], [103115.0, 58960.0], [103112.5, 9230.0], [103112.0, 74240.0], [103110.5, 17190.0]], "asks": [[103141.5, 300420.0], [103142.5, 60300.0], [103143.0, 5740.0], [103148.5, 500.0], [103149.0, 24270.0], [103149.5, 61600.0], [103151.0, 18310.0], [103151.5, 38000.0], [103152.0, 25000.0], [103154.5, 3680.0], [103155.0, 17390.0], [103155.5, 9240.0], [103156.0, 5740.0], [103158.5, 26000.0], [103159.0, 11000.0], [103159.5, 11000.0], [103160.0, 28780.0], [103161.5, 45000.0], [103162.0, 38000.0], [103170.0, 16870.0]]}}}
{"jsonrpc": "2.0", "method": "subscription", "params": {"channel": "book.BTC-PERPETUAL.none.20.100ms", "data": {"timestamp": 1762911059111, "change_id": 126478459127, "instrument_name": "BTC-PERPETUAL", "bids": [[103141.0, 138430.0], [103133.5, 6570.0], [103133.0, 11000.0], [103131.0, 11000.0], [103130.0, 7530.0], [103126.0, 490.0], [103125.5, 25990.0], [103125.0, 41440.0], [103122.0, 29990.0], [103121.5, 50000.0], [103121.0, 45000.0], [103120.0, 66410.0], [103119.0, 5740.0], [103118.5, 38000.0], [103117.0, 8560.0], [103116.0, 9230.0], [103115.5, 17200.0], [103115.0, 81540.0], [103112.0, 74240.0], [103110.5, 17190.0]], "asks": [[103141.5, 300420.0], [103142.5, 21100.0], [103143.0, 5740.0], [103149.0, 24270.0], [103149.5, 61600.0], [103150.5, 500.0], [103151.0, 18310.0], [103151.5, 38000.0], [103152.5, 25000.0], [103154.5, 3680.0], [103155.0, 11040.0], [103155.5, 9240.0], [103156.0, 5740.0], [103159.0, 11000.0], [103159.5, 11000.0], [103160.0, 28780.0], [103161.0, 26000.0], [103161.5, 45000.0], [103162.0, 38000.0], [103170.0, 16870.0]]}}}
{"jsonrpc": "2.0", "method": "subscription", "params": {"channel": "book.BTC-PERPETUAL.none.20.100ms", "data": {"timestamp": 1762911059429, "change_id": 126478459238, "instrument_name": "BTC-PERPETUAL", "bids": [[103141.0, 198230.0], [103135.5, 3280.0], [103135.0, 11000.0], [103134.5, 3280.0], [103134.0, 11000.0], [103130.0, 7530.0], [103126.0, 490.0], [103125.5, 25990.0], [103125.0, 41440.0], [103122.0, 29990.0], [103121.5, 50000.0], [103121.0, 45000.0], [103120.5, 5000.0], [103120.0, 66410.0], [103119.0, 5740.0], [103118.5, 38000.0], [103117.0, 8560.0], [103116.0, 9230.0], [103115.5, 17200.0], [103115.0, 81540.0]], "asks": [[103141.5, 213420.0], [103142.5, 41600.0], [103143.0, 5740.0], [103148.5, 500.0], [103149.0, 24270.0], [103149.5, 61600.0], [103151.0, 18310.0], [103151.5, 38000.0], [103152.5, 25000.0], [103154.5, 3680.0], [103155.0, 11040.0], [103155.5, 9240.0], [103156.0, 5740.0], [103159.0, 11000.0], [103159.5, 11000.0], [103160.0, 28780.0], [103161.0, 26000.0], [103161.5, 45000.0], [103162.0, 38000.0], [103170.0, 16870.0]]}}}
{"jsonrpc": "2.0", "method": "subscription", "params": {"channel": "book.BTC-PERPETUAL.none.20.100ms", "data": {"timestamp": 1762911059779, "change_id": 126478459690, "instrument_name": "BTC-PERPETUAL", "bids": [[103141.0, 219230.0], [103138.5, 3280.0], [103137.0, 11000.0], [103130.0, 22480.0], [103127.0, 25000.0], [103126.0, 490.0], [103125.5, 55980.0], [103125.0, 28360.0], [103123.0, 50000.0], [103121.0, 45000.0], [103120.5, 5000.0], [103120.0, 41410.0], [103119.0, 5740.0], [103118.5, 38000.0], [103117.0, 8560.0], [103115.5, 26430.0], [103115.0, 81540.0], [103112.0, 74240.0], [103110.5, 17190.0], [103105.5, 11340.0]], "asks": [[103141.5, 153640.0], [103142.5, 41600.0], [103149.0, 24270.0], [103149.5, 61600.0], [103150.5, 19700.0], [103151.0, 12440.0], [103151.5, 38000.0], [103154.5, 3680.0], [103155.0, 7760.0], [103156.0, 5740.0], [103158.5, 9240.0], [103159.5, 11000.0], [103160.0, 14630.0], [103160.5, 11000.0], [103162.0, 38000.0], [103166.0, 26000.0], [103167.5, 25000.0], [103170.0, 16870.0], [103170.5, 62220.0], [103171.5, 5000.0]]}}}
{"jsonrpc": "2.0", "method": "subscription", "params": {"channel": "book.BTC-PERPETUAL.none.20.100ms", "data": {"timestamp": 1762911060099, "change_id": 126478460310, "instrument_name": "BTC-PERPETUAL", "bids": [[103141.0, 219230.0], [103131.5, 3430.0], [103131.0, 11000.0], [103130.5, 500.0], [103130.0, 22480.0], [103127.5, 25990.0], [103127.0, 25000.0], [103125.5, 29990.0], [103125.0, 28360.0], [103123.0, 50000.0], [103121.0, 45000.0], [103120.5, 5000.0], [103120.0, 41410.0], [103119.0, 5740.0], [103118.5, 38000.0], [103117.5, 9230.0], [103117.0, 8560.0], [103115.5, 17200.0], [103115.0, 81540.0], [103112.0, 74240.0]], "asks": [[103141.5, 159380.0], [103142.5, 41600.0], [103149.0, 24270.0], [103149.5, 61600.0], [103150.5, 19200.0], [103151.0, 12440.0], [103151.5, 38000.0], [103154.0, 500.0], [103154.5, 3680.0], [103155.0, 7760.0], [103158.5, 9240.0], [103159.5, 11000.0], [103160.0, 14630.0], [103161.5, 11000.0], [103162.0, 38000.0], [103166.0, 26000.0], [103167.5, 25000.0], [103170.0, 29320.0], [103170.5, 62220.0], [103171.5, 5000.0]]}}}
{"jsonrpc": "2.0", "method": "subscription", "params": {"channel": "book.BTC-PERPETUAL.none.20.100ms", "data": {"timestamp": 1762911060428, "change_id": 126478460450, "instrument_name": "BTC-PERPETUAL", "bids": [[103141.0, 159430.0], [103132.5, 3430.0], [103131.5, 500.0], [103131.0, 11000.0], [103130.0, 22480.0], [103127.5, 25990.0], [103127.0, 25000.0], [103125.5, 29990.0], [103125.0, 28360.0], [103123.0, 50000.0], [103121.0, 45000.0], [103120.5, 5000.0], [103120.0, 41410.0], [103119.0, 5740.0], [103118.5, 38000.0], [103117.5, 9230.0], [103117.0, 8560.0], [103115.5, 17200.0], [103115.0, 81540.0], [103112.0, 74240.0]], "asks": [[103141.5, 209380.0], [103149.0, 24270.0], [103149.5, 61600.0], [103150.5, 19200.0], [103151.0, 12440.0], [103151.5, 38000.0], [103154.0, 500.0], [103154.5, 3680.0], [103155.0, 7760.0], [103158.5, 9240.0], [103159.5, 11000.0], [103160.0, 14630.0], [103161.5, 11000.0], [103162.0, 38000.0], [103166.0, 26000.0], [103167.5, 25000.0], [103170.0, 29320.0], [103170.5, 62220.0], [103171.5, 5000.0], [103172.0, 21000.0]]}}}
{"jsonrpc": "2.0", "method": "subscription", "params": {"channel": "book.BTC-PERPETUAL.none.20.100ms", "data": {"timestamp": 1762911060758, "change_id": 126478460868, "instrument_name": "BTC-PERPETUAL", "bids": [[103141.0, 149040.0], [103134.5, 6710.0], [103134.0, 11000.0], [103133.0, 11000.0], [103130.5, 490.0], [103130.0, 22480.0], [103127.0, 25000.0], [103126.0, 25990.0], [103125.5, 29990.0], [103125.0, 28360.0], [103123.0, 50000.0], [103121.0, 45000.0], [103120.5, 5000.0], [103120.0, 23500.0], [103119.0, 5740.0], [103118.5, 38000.0], [103117.0, 8560.0], [103116.0, 9230.0], [103115.5, 17200.0], [103115.0, 6620.0]], "asks": [[103141.5, 209380.0], [103142.0, 10000.0], [103149.0, 24270.0], [103149.5, 61600.0], [103150.5, 19200.0], [103151.0, 12440.0], [103151.5, 38000.0], [103154.0, 500.0], [103154.5, 12920.0], [103155.0, 7760.0], [103159.5, 22000.0], [103160.0, 14630.0], [103161.5, 26000.0], [103162.0, 38000.0], [103167.5, 25000.0], [103170.0, 29320.0], [103170.5, 62220.0], [103171.5, 5000.0], [103172.0, 21000.0], [103173.0, 17220.0]]}}}
{"jsonrpc": "2.0", "method": "subscription", "params": {"channel": "book.BTC-PERPETUAL.none.20.100ms", "data": {"timestamp": 1762911061090, "change_id": 126478461514, "instrument_name": "BTC-PERPETUAL", "bids": [[103141.0, 149040.0], [103136.5, 6570.0], [103136.0, 11000.0], [103135.0, 11000.0], [103130.5, 490.0], [103130.0, 22480.0], [103129.0, 25000.0], [103126.5, 29990.0], [103126.0, 25990.0], [103125.0, 28360.0], [103123.0, 50000.0], [103121.0, 45000.0], [103120.5, 5000.0], [103120.0, 35580.0], [103119.0, 5740.0], [103118.5, 38000.0], [103117.0, 8560.0], [103116.0, 9230.0], [103115.5, 67740.0], [103115.0, 6620.0]], "asks": [[103141.5, 209380.0], [103142.0, 10000.0], [103149.0, 24270.0], [103149.5, 61600.0], [103150.5, 19200.0], [103151.0, 12440.0], [103151.5, 38000.0], [103154.0, 500.0], [103154.5, 12920.0], [103155.0, 7760.0], [103159.5, 22000.0], [103160.0, 14630.0], [103161.5, 26000.0], [103162.0, 38000.0], [103167.0, 7460.0], [103167.5, 25000.0], [103170.0, 29320.0], [103170.5, 62220.0], [103171.5, 5000.0], [103172.0, 21000.0]]}}}
{"jsonrpc": "2.0", "method": "subscription", "params": {"channel": "book.BTC-PERPETUAL.none.20.100ms", "data": {"timestamp": 1762911061430, "change_id": 126478461647, "instrument_name": "BTC-PERPETUAL", "bids": [[103141.0, 148540.0], [103138.5, 6570.0], [103138.0, 11000.0], [103137.0, 11000.0], [103130.0, 22480.0], [103129.5, 490.0], [103127.0, 25000.0], [103126.0, 25990.0], [103125.5, 29990.0], [103125.0, 28360.0], [103123.0, 50000.0], [103121.0, 45000.0], [103120.5, 5000.0], [103120.0, 23500.0], [103119.0, 5740.0], [103118.5, 38000.0], [103117.0, 8560.0], [103116.0, 9230.0], [103115.5, 17200.0], [103115.0, 6620.0]], "asks": [[103141.5, 265580.0], [103142.0, 10000.0], [103149.0, 24270.0], [103149.5, 61600.0], [103151.0, 12440.0], [103151.5, 38000.0], [103154.0, 500.0], [103154.5, 12920.0], [103155.0, 7760.0], [103159.5, 22000.0], [103160.0, 30670.0], [103161.5, 26000.0], [103162.0, 38000.0], [103162.5, 45000.0], [103167.0, 7460.0], [103167.5, 25000.0], [103170.5, 17220.0], [103171.5, 5000.0], [103172.0, 21000.0], [103173.0, 17220.0]]}}}
{"jsonrpc": "2.0", "method": "subscription", "params": {"channel": "book.BTC-PERPETUAL.none.20.100ms", "data": {"timestamp": 1762911061752, "change_id": 126478462013, "instrument_name": "BTC-PERPETUAL", "bids": [[103141.0, 148540.0], [103131.5, 6570.0], [103131.0, 11000.0], [103130.5, 11000.0], [103130.0, 14400.0], [103127.5, 490.0], [103127.0, 25000.0], [103125.5, 29990.0], [103125.0, 28360.0], [103123.5, 25990.0], [103123.0, 50000.0], [103121.0, 45000.0], [103120.5, 5000.0], [103120.0, 35530.0], [103119.0, 5740.0], [103118.5, 38000.0], [103117.0, 8560.0], [103116.0, 9230.0], [103115.5, 67570.0], [103115.0, 6620.0]], "asks": [[103141.5, 265580.0], [103142.0, 10000.0], [103149.0, 24270.0], [103149.5, 61600.0], [103151.0, 12940.0], [103151.5, 38000.0], [103154.5, 12920.0], [103155.0, 7760.0], [103159.5, 22000.0], [103160.0, 30670.0], [103161.5, 26000.0], [103162.0, 38000.0], [103162.5, 45000.0], [103167.0, 7460.0], [103167.5, 25000.0], [103170.5, 17220.0], [103171.5, 5000.0], [103172.0, 21000.0], [103173.0, 17220.0], [103177.0, 610.0]]}}}
{"jsonrpc": "2.0", "method": "subscription", "params": {"channel": "book.BTC-PERPETUAL.none.20.100ms", "data": {"timestamp": 1762911062060, "change_id": 126478462582, "instrument_name": "BTC-PERPETUAL", "bids": [[103141.0, 148550.0], [103133.5, 6570.0], [103133.0, 11000.0], [103131.0, 11000.0], [103130.5, 490.0], [103130.0, 14400.0], [103128.0, 25000.0], [103125.5, 29990.0], [103125.0, 28360.0], [103123.5, 25990.0], [103123.0, 50000.0], [103121.0, 45000.0], [103120.5, 5000.0], [103120.0, 35530.0], [103119.0, 5740.0], [103118.5, 38000.0], [103117.0, 8560.0], [103116.0, 9230.0], [103115.5, 67570.0], [103115.0, 6620.0]], "asks": [[103141.5, 265580.0], [103142.0, 10000.0], [103149.0, 24270.0], [103149.5, 61600.0], [103151.0, 12440.0], [103151.5, 38000.0], [103154.0, 500.0], [103154.5, 12920.0], [103155.0, 7760.0], [103159.5, 22000.0], [103160.0, 30670.0], [103161.5, 26000.0], [103162.0, 38000.0], [103162.5, 45000.0], [103167.0, 7460.0], [103167.5, 25000.0], [103170.5, 17220.0], [103171.5, 5000.0], [103172.0, 21000.0], [103173.0, 17220.0]]}}}
{"jsonrpc": "2.0", "method": "subscription", "params": {"channel": "book.BTC-PERPETUAL.none.20.100ms", "data": {"timestamp": 1762911062332, "change_id": 126478462670, "instrument_name": "BTC-PERPETUAL", "bids": [[103141.0, 228250.0], [103134.0, 6710.0], [103133.5, 11000.0], [103133.0, 11000.0], [103130.0, 14400.0], [103128.5, 490.0], [103128.0, 25000.0], [103125.5, 29990.0], [103125.0, 28360.0], [103123.5, 25990.0], [103123.0, 50000.0], [103121.0, 45000.0], [103120.5, 5000.0], [103120.0, 35530.0], [103119.0, 5740.0], [103118.5, 38000.0], [103117.0, 8560.0], [103116.0, 9230.0], [103115.5, 67570.0], [103115.0, 6620.0]], "asks": [[103141.5, 265580.0], [103142.0, 10000.0], [103149.0, 24270.0], [103149.5, 61600.0], [103151.0, 12940.0], [103151.5, 38000.0], [103154.5, 12920.0], [103155.0, 13340.0], [103159.0, 26000.0], [103159.5, 22000.0], [103160.0, 30670.0], [103162.0, 38000.0], [103162.5, 45000.0], [103167.0, 7460.0], [103167.5, 25000.0], [103170.5, 17220.0], [103171.5, 5000.0], [103172.0, 21000.0], [103173.0, 17220.0], [103177.0, 610.0]]}}}
{"jsonrpc": "2.0", "method": "subscription", "params": {"channel": "book.BTC-PERPETUAL.none.20.100ms", "data": {"timestamp": 1762911062719, "change_id": 126478463027, "instrument_name": "BTC-PERPETUAL", "bids": [[103141.0, 228250.0], [103134.0, 6710.0], [103133.5, 11000.0], [103133.0, 11000.0], [103130.5, 500.0], [103130.0, 22330.0], [103129.0, 25000.0], [103126.0, 25990.0], [103125.5, 29990.0], [103125.0, 28360.0], [103123.0, 50000.0], [103121.0, 45000.0], [103120.5, 5000.0], [103120.0, 35530.0], [103119.0, 5740.0], [103118.5, 38000.0], [103117.0, 8560.0], [103116.0, 9230.0], [103115.5, 67570.0], [103115.0, 6620.0]], "asks": [[103141.5, 159380.0], [103149.0, 24270.0], [103149.5, 61600.0], [103150.5, 19200.0], [103151.0, 12440.0], [103151.5, 38000.0], [103154.0, 500.0], [103154.5, 3680.0], [103155.0, 7760.0], [103158.5, 9240.0], [103159.0, 11000.0], [103159.5, 11000.0], [103160.0, 30670.0], [103161.5, 26000.0], [103162.0, 38000.0], [103162.5, 45000.0], [103167.0, 7460.0], [103168.5, 25000.0], [103170.5, 17220.0], [103171.5, 5000.0]]}}}
{"jsonrpc": "2.0", "method": "subscription", "params": {"channel": "book.BTC-PERPETUAL.none.20.100ms", "data": {"timestamp": 1762911063074, "change_id": 126478463645, "instrument_name": "BTC-PERPETUAL", "bids": [[103141.0, 228250.0], [103134.0, 6710.0], [103133.5, 11000.0], [103133.0, 11000.0], [103130.0, 14400.0], [103129.5, 490.0], [103129.0, 25000.0], [103125.5, 29990.0], [103125.0, 28360.0], [103123.5, 25990.0], [103123.0, 50000.0], [103121.0, 45000.0], [103120.5, 5000.0], [103120.0, 35530.0], [103119.0, 5740.0], [103118.5, 38000.0], [103117.0, 8560.0], [103115.5, 67570.0], [103115.0, 6620.0], [103113.0, 9230.0]], "asks": [[103141.5, 159380.0], [103149.0, 24270.0], [103149.5, 61600.0], [103150.5, 19200.0], [103151.0, 12940.0], [103151.5, 38000.0], [103154.5, 12920.0], [103155.0, 13340.0], [103158.5, 26000.0], [103159.0, 11000.0], [103159.5, 11000.0], [103160.0, 30670.0], [103162.0, 38000.0], [103162.5, 45000.0], [103167.0, 7460.0], [103168.5, 25000.0], [103170.5, 17220.0], [103171.5, 5000.0], [103172.0, 21000.0], [103173.0, 17220.0]]}}}
{"jsonrpc": "2.0", "method": "subscription", "params": {"channel": "book.BTC-PERPETUAL.none.20.100ms", "data": {"timestamp": 1762911063386, "change_id": 126478463762, "instrument_name": "BTC-PERPETUAL", "bids": [[103141.0, 148550.0], [103134.0, 6710.0], [103133.5, 11000.0], [103133.0, 11000.0], [103130.0, 15590.0], [103129.5, 490.0], [103129.0, 25000.0], [103125.5, 29990.0], [103125.0, 28360.0], [103123.5, 25990.0], [103123.0, 50000.0], [103121.0, 45000.0], [103120.5, 5000.0], [103120.0, 35530.0], [103119.0, 5740.0], [103118.5, 38000.0], [103117.0, 8560.0], [103116.0, 9230.0], [103115.5, 67570.0], [103115.0, 6620.0]], "asks": [[103141.5, 230580.0], [103149.0, 24270.0], [103149.5, 61600.0], [103150.5, 19200.0], [103151.0, 12940.0], [103151.5, 38000.0], [103154.5, 12920.0], [103155.0, 13340.0], [103159.0, 11000.0], [103159.5, 37000.0], [103160.0, 30670.0], [103162.0, 38000.0], [103162.5, 45000.0], [103167.0, 7460.0], [103168.5, 25000.0], [103170.5, 17220.0], [103171.5, 5000.0], [103172.0, 21000.0], [103173.0, 17220.0], [103177.0, 610.0]]}}}
{"jsonrpc": "2.0", "method": "subscription", "params": {"channel": "book.BTC-PERPETUAL.none.20.100ms", "data": {"timestamp": 1762911063740, "change_id": 126478464098, "instrument_name": "BTC-PERPETUAL", "bids": [[103141.0, 148550.0], [103134.0, 6710.0], [103133.5, 11000.0], [103133.0, 11000.0], [103130.0, 15590.0], [103129.5, 490.0], [103127.5, 25000.0], [103125.5, 29990.0], [103125.0, 28360.0], [103123.5, 25990.0], [103123.0, 50000.0], [103121.0, 45000.0], [103120.5, 5000.0], [103120.0, 35530.0], [103119.0, 5740.0], [103118.5, 38000.0], [103117.0, 8560.0], [103116.0, 9230.0], [103115.5, 67570.0], [103115.0, 6620.0]], "asks": [[103141.5, 249780.0], [103149.0, 24270.0], [103149.5, 61600.0], [103151.0, 12940.0], [103151.5, 38000.0], [103154.5, 12920.0], [103155.0, 13340.0], [103159.0, 11000.0], [103159.5, 37000.0], [103160.0, 30670.0], [103162.0, 38000.0], [103162.5, 45000.0], [103167.0, 7460.0], [103168.0, 25000.0], [103170.5, 17220.0], [103171.5, 5000.0], [103172.0, 21000.0], [103173.0, 17220.0], [103177.0, 610.0], [103177.5, 11340.0]]}}}
{"jsonrpc": "2.0", "method": "subscription", "params": {"channel": "book.BTC-PERPETUAL.none.20.100ms", "data": {"timestamp": 1762911064029, "change_id": 126478464690, "instrument_name": "BTC-PERPETUAL", "bids": [[103141.0, 148550.0], [103134.0, 6710.0], [103133.5, 11000.0], [103133.0, 11000.0], [103130.0, 7610.0], [103128.0, 25000.0], [103125.5, 490.0], [103125.0, 42930.0], [103124.0, 25990.0], [103122.0, 29990.0], [103121.0, 95000.0], [103120.5, 5000.0], [103120.0, 35530.0], [103119.0, 5740.0], [103118.5, 38000.0], [103117.0, 8560.0], [103115.5, 76800.0], [103115.0, 6620.0], [103112.5, 74240.0], [103110.5, 17190.0]], "asks": [[103141.5, 249780.0], [103148.5, 500.0], [103149.0, 24270.0], [103149.5, 61600.0], [103151.0, 12440.0], [103151.5, 38000.0], [103154.5, 12920.0], [103155.0, 13340.0], [103159.0, 11000.0], [103159.5, 37000.0], [103160.0, 30670.0], [103162.0, 38000.0], [103162.5, 45000.0], [103167.0, 7460.0], [103168.0, 25000.0], [103170.0, 32770.0], [103170.5, 17220.0], [103171.5, 5000.0], [103173.0, 17220.0], [103177.0, 610.0]]}}}
{"jsonrpc": "2.0", "method": "subscription", "params": {"channel": "book.BTC-PERPETUAL.none.20.100ms", "data": {"timestamp": 1762911064358, "change_id": 126478464807, "instrument_name": "BTC-PERPETUAL", "bids": [[103141.0, 230150.0], [103134.0, 6710.0], [103133.5, 11000.0], [103133.0, 11000.0], [103130.0, 7610.0], [103128.5, 490.0], [103128.0, 25000.0], [103125.0, 42930.0], [103123.0, 29990.0], [103121.5, 25990.0], [103121.0, 95000.0], [103120.5, 5000.0], [103120.0, 35530.0], [103119.0, 5740.0], [103118.5, 38000.0], [103117.0, 8560.0], [103115.5, 76800.0], [103115.0, 6620.0], [103112.5, 74240.0], [103110.5, 17190.0]], "asks": [[103141.5, 188580.0], [103149.0, 24270.0], [103149.5, 61600.0], [103150.5, 500.0], [103151.0, 12440.0], [103151.5, 38000.0], [103154.5, 12920.0], [103155.0, 13340.0], [103159.0, 11000.0], [103159.5, 37000.0], [103160.0, 30670.0], [103162.0, 38000.0], [103162.5, 45000.0], [103167.0, 7460.0], [103168.0, 25000.0], [103170.0, 32770.0], [103170.5, 17220.0], [103171.5, 5000.0], [103173.0, 17220.0], [103177.0, 610.0]]}}}
{"jsonrpc": "2.0", "method": "subscription", "params": {"channel": "book.BTC-PERPETUAL.none.20.100ms", "data": {"timestamp": 1762911064724, "change_id": 126478465149, "instrument_name": "BTC-PERPETUAL", "bids": [[103141.0, 230150.0], [103134.0, 6710.0], [103133.5, 11000.0], [103133.0, 11000.0], [103125.5, 490.0], [103125.0, 42930.0], [103122.5, 25990.0], [103122.0, 29990.0], [103121.0, 95000.0], [103120.5, 5000.0], [103120.0, 35530.0], [103119.0, 30740.0], [103118.5, 38000.0], [103117.0, 8560.0], [103115.5, 76800.0], [103115.0, 6620.0], [103112.5, 74240.0], [103110.5, 17190.0], [103105.0, 38000.0], [103100.5, 32610.0]], "asks": [[103141.5, 188580.0], [103149.0, 24770.0], [103149.5, 61600.0], [103151.0, 21070.0], [103151.5, 38000.0], [103153.5, 25000.0], [103154.5, 12920.0], [103155.0, 13340.0], [103156.0, 5740.0], [103159.0, 11000.0], [103159.5, 37000.0], [103160.0, 30670.0], [103162.0, 38000.0], [103162.5, 45000.0], [103167.0, 7460.0], [103170.0, 32770.0], [103170.5, 17220.0], [103171.5, 5000.0], [103173.0, 17220.0], [103177.0, 610.0]]}}}
{"jsonrpc": "2.0", "method": "subscription", "params": {"channel": "book.BTC-PERPETUAL.none.20.100ms", "data": {"timestamp": 1762911065060, "change_id": 126478465773, "instrument_name": "BTC-PERPETUAL", "bids": [[103141.0, 230150.0], [103134.0, 6710.0], [103133.5, 11000.0], [103133.0, 11000.0], [103129.5, 25000.0], [103127.0, 16860.0], [103126.5, 30480.0], [103125.5, 25990.0], [103125.0, 28360.0], [103123.5, 50000.0], [103121.0, 45000.0], [103120.5, 5000.0], [103120.0, 23500.0], [103119.0, 5740.0], [103118.5, 38000.0], [103117.0, 8560.0], [103115.5, 26430.0], [103115.0, 6620.0], [103110.5, 17190.0], [103105.0, 38000.0]], "asks": [[103141.5, 159380.0], [103149.0, 24270.0], [103149.5, 61600.0], [103150.0, 19200.0], [103151.0, 12940.0], [103151.5, 38000.0], [103154.5, 3680.0], [103155.0, 7640.0], [103155.5, 9240.0], [103156.0, 5740.0], [103159.5, 22000.0], [103160.0, 30670.0], [103161.5, 26000.0], [103162.0, 38000.0], [103162.5, 45000.0], [103167.0, 12780.0], [103168.5, 25000.0], [103170.0, 32770.0], [103170.5, 17220.0], [103171.5, 5000.0]]}}}
{"jsonrpc": "2.0", "method": "subscription", "params": {"channel": "book.BTC-PERPETUAL.none.20.100ms", "data": {"timestamp": 1762911065382, "change_id": 126478465927, "instrument_name": "BTC-PERPETUAL", "bids": [[103141.0, 149050.0], [103135.5, 3280.0], [103135.0, 21750.0], [103134.5, 11000.0], [103132.5, 25000.0], [103127.5, 490.0], [103127.0, 15850.0], [103126.0, 29990.0], [103125.5, 25990.0], [103125.0, 28360.0], [103123.5, 50000.0], [103121.0, 45000.0], [103120.5, 5000.0], [103120.0, 36730.0], [103119.0, 5740.0], [103118.5, 38000.0], [103117.0, 8560.0], [103115.5, 80800.0], [103115.0, 6620.0], [103112.5, 74240.0]], "asks": [[103141.5, 159380.0], [103143.5, 10000.0], [103149.0, 24270.0], [103149.5, 61600.0], [103150.0, 19200.0], [103151.0, 12940.0], [103151.5, 38000.0], [103154.5, 3680.0], [103155.0, 7640.0], [103159.0, 9240.0], [103159.5, 11000.0], [103160.0, 30670.0], [103161.0, 11000.0], [103161.5, 26000.0], [103162.0, 38000.0], [103162.5, 45000.0], [103167.0, 12780.0], [103168.5, 25000.0], [103170.0, 32770.0], [103170.5, 17220.0]]}}}
{"jsonrpc": "2.0", "method": "subscription", "params": {"channel": "book.BTC-PERPETUAL.none.20.100ms", "data": {"timestamp": 1762911065658, "change_id": 126478466079, "instrument_name": "BTC-PERPETUAL", "bids": [[103141.0, 149050.0], [103135.5, 3280.0], [103135.0, 14280.0], [103134.5, 11000.0], [103129.5, 25000.0], [103129.0, 16860.0], [103128.5, 30490.0], [103125.5, 25990.0], [103125.0, 28360.0], [103123.5, 50000.0], [103121.0, 45000.0], [103120.5, 5000.0], [103120.0, 23500.0], [103119.0, 5740.0], [103118.5, 38000.0], [103117.0, 8560.0], [103115.5, 26430.0], [103115.0, 6620.0], [103110.5, 17190.0], [103105.0, 38000.0]], "asks": [[103141.5, 159380.0], [103149.0, 24270.0], [103149.5, 61600.0], [103150.0, 19200.0], [103151.0, 12440.0], [103151.5, 38000.0], [103154.0, 500.0], [103154.5, 3680.0], [103155.0, 7640.0], [103159.0, 9240.0], [103159.5, 11000.0], [103160.0, 30670.0], [103161.0, 11000.0], [103161.5, 26000.0], [103162.0, 38000.0], [103162.5, 45000.0], [103167.0, 12780.0], [103168.5, 25000.0], [103170.0, 32770.0], [103170.5, 17220.0]]}}}
{"jsonrpc": "2.0", "method": "subscription", "params": {"channel": "book.BTC-PERPETUAL.none.20.100ms", "data": {"timestamp": 1762911066049, "change_id": 126478466902, "instrument_name": "BTC-PERPETUAL", "bids": [[103141.0, 148550.0], [103137.5, 6150.0], [103137.0, 22000.0], [103135.0, 7040.0], [103133.5, 25000.0], [103130.5, 500.0], [103130.0, 15720.0], [103126.0, 29990.0], [103125.5, 25990.0], [103125.0, 28360.0], [103123.5, 50000.0], [103121.0, 45000.0], [103120.5, 5000.0], [103120.0, 36950.0], [103119.0, 5740.0], [103118.5, 38000.0], [103117.0, 8560.0], [103115.5, 81540.0], [103115.0, 6620.0], [103112.5, 74240.0]], "asks": [[103141.5, 159380.0], [103142.0, 10000.0], [103149.0, 24270.0], [103149.5, 61600.0], [103150.0, 19200.0], [103151.0, 12440.0], [103151.5, 38000.0], [103154.0, 500.0], [103154.5, 3680.0], [103155.0, 7640.0], [103159.0, 9240.0], [103159.5, 11000.0], [103160.0, 30670.0], [103161.0, 11000.0], [103161.5, 26000.0], [103162.0, 38000.0], [103162.5, 45000.0], [103167.0, 7460.0], [103169.0, 25000.0], [103170.0, 11770.0]]}}}
{"jsonrpc": "2.0", "method": "subscription", "params": {"channel": "book.BTC-PERPETUAL.none.20.100ms", "data": {"timestamp": 1762911066338, "change_id": 126478466994, "instrument_name": "BTC-PERPETUAL", "bids": [[103141.0, 235650.0], [103137.5, 6150.0], [103137.0, 22000.0], [103135.0, 7040.0], [103132.5, 25000.0], [103130.5, 500.0], [103130.0, 7960.0], [103125.5, 29990.0], [103125.0, 28360.0], [103124.0, 25990.0], [103123.5, 50000.0], [103121.0, 45000.0], [103120.5, 5000.0], [103120.0, 36950.0], [103119.0, 5740.0], [103118.5, 38000.0], [103117.0, 8560.0], [103115.5, 81540.0], [103115.0, 6620.0], [103112.5, 74240.0]], "asks": [[103141.5, 159380.0], [103142.0, 10000.0], [103149.0, 24270.0], [103149.5, 61600.0], [103150.0, 19200.0], [103151.0, 12440.0], [103151.5, 38000.0], [103154.0, 500.0], [103154.5, 3680.0], [103155.0, 7640.0], [103158.5, 9240.0], [103159.0, 11000.0], [103159.5, 11000.0], [103160.0, 30670.0], [103161.5, 26000.0], [103162.0, 38000.0], [103162.5, 45000.0], [103167.0, 7460.0], [103169.0, 25000.0], [103170.0, 11770.0]]}}}
{"jsonrpc": "2.0", "method": "subscription", "params": {"channel": "book.BTC-PERPETUAL.none.20.100ms", "data": {"timestamp": 1762911066681, "change_id": 126478467111, "instrument_name": "BTC-PERPETUAL", "bids": [[103141.0, 235650.0], [103137.5, 6150.0], [103137.0, 22000.0], [103130.5, 490.0], [103130.0, 7960.0], [103125.5, 29990.0], [103125.0, 41440.0], [103124.0, 25990.0], [103123.5, 50000.0], [103121.0, 45000.0], [103120.5, 5000.0], [103120.0, 61950.0], [103119.0, 5740.0], [103118.5, 38000.0], [103117.0, 8560.0], [103115.5, 81540.0], [103115.0, 6620.0], [103112.5, 74240.0], [103110.5, 17190.0], [103105.5, 48980.0]], "asks": [[103141.5, 159380.0], [103142.0, 10000.0], [103149.0, 24270.0], [103149.5, 61600.0], [103150.0, 19200.0], [103151.0, 12440.0], [103151.5, 38000.0], [103154.0, 500.0], [103154.5, 12920.0], [103155.0, 7640.0], [103159.0, 11000.0], [103159.5, 11000.0], [103160.0, 30670.0], [103161.5, 26000.0], [103162.0, 38000.0], [103162.5, 45000.0], [103167.0, 7460.0], [103169.5, 25000.0], [103170.0, 11770.0], [103170.5, 17220.0]]}}}
{"jsonrpc": "2.0", "method": "subscription", "params": {"channel": "book.BTC-PERPETUAL.none.20.100ms", "data": {"timestamp": 1762911066971, "change_id": 126478467881, "instrument_name": "BTC-PERPETUAL", "bids": [[103141.0, 236150.0], [103137.5, 6150.0], [103137.0, 22000.0], [103130.0, 15400.0], [103129.0, 490.0], [103128.0, 25000.0], [103125.5, 29990.0], [103125.0, 41440.0], [103124.0, 25990.0], [103123.5, 50000.0], [103121.0, 45000.0], [103120.5, 5000.0], [103120.0, 36950.0], [103118.5, 38000.0], [103117.0, 8560.0], [103115.5, 81540.0], [103115.0, 6620.0], [103112.5, 74240.0], [103110.5, 17190.0], [103105.5, 48980.0]], "asks": [[103141.5, 159380.0], [103142.0, 10000.0], [103149.0, 24270.0], [103149.5, 61600.0], [103150.0, 19200.0], [103151.0, 12440.0], [103151.5, 38000.0], [103154.0, 500.0], [103154.5, 12920.0], [103155.0, 7640.0], [103159.0, 11000.0], [103159.5, 11000.0], [103160.0, 30670.0], [103161.5, 26000.0], [103162.0, 38000.0], [103162.5, 45000.0], [103166.5, 550.0], [103167.0, 7460.0], [103169.5, 25000.0], [103170.0, 11770.0]]}}}
{"jsonrpc": "2.0", "method": "subscription", "params": {"channel": "book.BTC-PERPETUAL.none.20.100ms", "data": {"timestamp": 1762911067373, "change_id": 126478468112, "instrument_name": "BTC-PERPETUAL", "bids": [[103141.0, 149050.0], [103139.5, 6570.0], [103139.0, 22000.0], [103130.0, 15400.0], [103128.5, 490.0], [103128.0, 25000.0], [103125.5, 29990.0], [103125.0, 41440.0], [103124.0, 25990.0], [103123.5, 50000.0], [103121.0, 45000.0], [103120.5, 5000.0], [103120.0, 36950.0], [103118.5, 38000.0], [103117.0, 8560.0], [103115.5, 81540.0], [103115.0, 6620.0], [103112.5, 74240.0], [103110.5, 17190.0], [103105.5, 48980.0]], "asks": [[103141.5, 220080.0], [103142.0, 10000.0], [103149.0, 24270.0], [103149.5, 61600.0], [103150.0, 19200.0], [103151.0, 12440.0], [103151.5, 38000.0], [103154.0, 500.0], [103154.5, 3680.0], [103155.0, 7640.0], [103158.5, 9240.0], [103159.0, 11000.0], [103159.5, 11000.0], [103160.0, 30670.0], [103161.5, 26000.0], [103162.0, 38000.0], [103162.5, 45000.0], [103166.5, 550.0], [103167.0, 7460.0], [103169.5, 25000.0]]}}}
{"jsonrpc": "2.0", "method": "subscription", "params": {"channel": "book.BTC-PERPETUAL.none.20.100ms", "data": {"timestamp": 1762911067671, "change_id": 126478468256, "instrument_name": "BTC-PERPETUAL", "bids": [[103141.0, 149050.0], [103131.5, 6570.0], [103131.0, 11000.0], [103130.5, 11000.0], [103130.0, 15540.0], [103128.5, 490.0], [103128.0, 25000.0], [103125.5, 29990.0], [103125.0, 41440.0], [103121.5, 75990.0], [103121.0, 45000.0], [103120.5, 5000.0], [103120.0, 36950.0], [103118.5, 38000.0], [103117.0, 8560.0], [103115.5, 72310.0], [103115.0, 6620.0], [103113.0, 9230.0], [103112.5, 74240.0], [103110.5, 17190.0]], "asks": [[103141.5, 239280.0], [103142.0, 10000.0], [103149.0, 24270.0], [103149.5, 62100.0], [103151.0, 12440.0], [103151.5, 38000.0], [103154.5, 12920.0], [103155.0, 13350.0], [103159.0, 37000.0], [103159.5, 11000.0], [103160.0, 30670.0], [103162.0, 38000.0], [103162.5, 45000.0], [103167.0, 7460.0], [103169.5, 25000.0], [103170.0, 11770.0], [103170.5, 17220.0], [103171.5, 5000.0], [103172.5, 21000.0], [103173.0, 17220.0]]}}}
{"jsonrpc": "2.0", "method": "subscription", "params": {"channel": "book.BTC-PERPETUAL.none.20.100ms", "data": {"timestamp": 1762911068029, "change_id": 126478469035, "instrument_name": "BTC-PERPETUAL", "bids": [[103141.0, 149050.0], [103131.5, 6570.0], [103131.0, 11000.0], [103130.5, 11000.0], [103130.0, 7960.0], [103126.0, 490.0], [103125.5, 29990.0], [103125.0, 41440.0], [103121.5, 75990.0], [103121.0, 45000.0], [103120.5, 5000.0], [103120.0, 61950.0], [103118.5, 38000.0], [103117.0, 8560.0], [103115.5, 81540.0], [103115.0, 6620.0], [103112.5, 74240.0], [103110.5, 17190.0], [103105.5, 48980.0], [103105.0, 164080.0]], "asks": [[103141.5, 239280.0], [103142.0, 10000.0], [103149.0, 24270.0], [103149.5, 61600.0], [103150.5, 500.0], [103151.0, 12440.0], [103151.5, 38000.0], [103154.5, 12920.0], [103155.0, 13350.0], [103159.0, 37000.0], [103159.5, 11000.0], [103160.0, 30670.0], [103162.0, 38000.0], [103162.5, 45000.0], [103167.0, 7460.0], [103169.5, 25000.0], [103170.0, 11770.0], [103170.5, 17220.0], [103171.5, 5000.0], [103172.5, 21000.0]]}}}
{"jsonrpc": "2.0", "method": "subscription", "params": {"channel": "book.BTC-PERPETUAL.none.20.100ms", "data": {"timestamp": 1762911068368, "change_id": 126478469164, "instrument_name": "BTC-PERPETUAL", "bids": [[103141.0, 233550.0], [103131.5, 6570.0], [103131.0, 11000.0], [103130.5, 11000.0], [103130.0, 15840.0], [103126.0, 490.0], [103125.5, 29990.0], [103125.0, 28360.0], [103122.0, 25990.0], [103121.5, 50000.0], [103121.0, 70000.0], [103120.5, 5000.0], [103120.0, 23500.0], [103118.5, 38000.0], [103117.0, 8560.0], [103115.5, 26430.0], [103115.0, 6620.0], [103110.5, 17190.0], [103105.0, 38000.0], [103100.5, 32610.0]], "asks": [[103141.5, 265680.0], [103142.0, 10000.0], [103149.0, 24270.0], [103149.5, 61600.0], [103150.5, 500.0], [103151.0, 12440.0], [103151.5, 38000.0], [103154.5, 12920.0], [103155.0, 13350.0], [103159.0, 37000.0], [103159.5, 11000.0], [103160.0, 30670.0], [103162.0, 38000.0], [103162.5, 45000.0], [103167.0, 7460.0], [103170.0, 36770.0], [103170.5, 17220.0], [103171.5, 5000.0], [103172.5, 21000.0], [103173.0, 17220.0]]}}}
{"jsonrpc": "2.0", "method": "subscription", "params": {"channel": "book.BTC-PERPETUAL.none.20.100ms", "data": {"timestamp": 1762911068695, "change_id": 126478469304, "instrument_name": "BTC-PERPETUAL", "bids": [[103141.0, 233550.0], [103131.5, 6570.0], [103131.0, 11000.0], [103130.5, 11000.0], [103130.0, 16560.0], [103129.5, 25000.0], [103126.0, 490.0], [103125.5, 55980.0], [103125.0, 28360.0], [103123.0, 50000.0], [103121.0, 45000.0], [103120.5, 5000.0], [103120.0, 23500.0], [103118.5, 38000.0], [103117.0, 8560.0], [103115.5, 26430.0], [103115.0, 6620.0], [103110.5, 17190.0], [103105.0, 38000.0], [103100.5, 32610.0]], "asks": [[103141.5, 239280.0], [103142.0, 10000.0], [103149.0, 24270.0], [103149.5, 61600.0], [103150.5, 500.0], [103151.0, 12440.0], [103151.5, 38000.0], [103154.5, 12920.0], [103155.0, 6570.0], [103159.0, 11000.0], [103159.5, 11000.0], [103160.0, 30670.0], [103161.5, 26000.0], [103162.0, 38000.0], [103162.5, 45000.0], [103167.0, 7460.0], [103170.0, 36770.0], [103170.5, 17220.0], [103171.5, 5000.0], [103172.5, 21000.0]]}}}
{"jsonrpc": "2.0", "method": "subscription", "params": {"channel": "book.BTC-PERPETUAL.none.20.100ms", "data": {"timestamp": 1762911069007, "change_id": 126478470000, "instrument_name": "BTC-PERPETUAL", "bids": [[103141.0, 234050.0], [103131.5, 6570.0], [103131.0, 11000.0], [103130.5, 11000.0], [103130.0, 16560.0], [103129.5, 25000.0], [103126.5, 490.0], [103126.0, 29990.0], [103125.0, 28360.0], [103123.5, 25990.0], [103123.0, 50000.0], [103121.0, 45000.0], [103120.5, 5000.0], [103120.0, 35150.0], [103118.5, 38000.0], [103117.0, 8560.0], [103116.5, 54840.0], [103115.5, 26430.0], [103115.0, 6620.0], [103113.5, 74240.0]], "asks": [[103141.5, 239280.0], [103142.0, 10000.0], [103149.0, 24270.0], [103149.5, 61600.0], [103150.5, 500.0], [103151.0, 12440.0], [103151.5, 38000.0], [103154.5, 12920.0], [103155.0, 13490.0], [103159.0, 37000.0], [103159.5, 11000.0], [103160.0, 30670.0], [103162.0, 38000.0], [103162.5, 45000.0], [103166.5, 90.0], [103167.0, 7460.0], [103170.0, 36770.0], [103170.5, 17220.0], [103171.5, 5000.0], [103172.5, 21000.0]]}}}
{"jsonrpc": "2.0", "method": "subscription", "params": {"channel": "book.BTC-PERPETUAL.none.20.100ms", "data": {"timestamp": 1762911069284, "change_id": 126478470128, "instrument_name": "BTC-PERPETUAL", "bids": [[103141.0, 155050.0], [103131.5, 6570.0], [103131.0, 11000.0], [103130.5, 11000.0], [103130.0, 16560.0], [103129.5, 25000.0], [103126.0, 490.0], [103125.5, 29990.0], [103125.0, 28360.0], [103123.5, 25990.0], [103123.0, 50000.0], [103121.0, 45000.0], [103120.5, 5000.0], [103120.0, 35150.0], [103118.5, 38000.0], [103117.0, 8560.0], [103116.5, 54840.0], [103115.5, 26430.0], [103115.0, 6620.0], [103113.5, 74240.0]], "asks": [[103141.5, 263980.0], [103142.0, 10000.0], [103149.0, 24270.0], [103149.5, 61600.0], [103150.5, 500.0], [103151.0, 12440.0], [103151.5, 38000.0], [103154.5, 12920.0], [103155.0, 13490.0], [103159.0, 37000.0], [103159.5, 11000.0], [103160.0, 30670.0], [103162.0, 38000.0], [103162.5, 45000.0], [103167.0, 7460.0], [103170.0, 43250.0], [103170.5, 17220.0], [103171.5, 5000.0], [103172.5, 21000.0], [103173.0, 17220.0]]}}}
{"jsonrpc": "2.0", "method": "subscription", "params": {"channel": "book.BTC-PERPETUAL.none.20.100ms", "data": {"timestamp": 1762911069640, "change_id": 126478470281, "instrument_name": "BTC-PERPETUAL", "bids": [[103141.0, 154550.0], [103131.5, 6570.0], [103131.0, 11000.0], [103130.5, 11000.0], [103130.0, 16560.0], [103129.5, 25000.0], [103126.0, 490.0], [103125.5, 29990.0], [103125.0, 28360.0], [103123.5, 25990.0], [103123.0, 50000.0], [103121.0, 45000.0], [103120.5, 5000.0], [103120.0, 35150.0], [103118.5, 38000.0], [103117.0, 8560.0], [103116.5, 54840.0], [103115.5, 26430.0], [103115.0, 6620.0], [103113.5, 74240.0]], "asks": [[103141.5, 263980.0], [103142.0, 10000.0], [103149.0, 24270.0], [103149.5, 61600.0], [103150.5, 500.0], [103151.0, 12440.0], [103151.5, 38000.0], [103154.5, 12920.0], [103155.0, 13490.0], [103159.0, 37000.0], [103159.5, 11000.0], [103160.0, 30670.0], [103162.0, 38000.0], [103162.5, 45000.0], [103167.0, 7460.0], [103170.0, 43250.0], [103170.5, 17220.0], [103171.5, 5000.0], [103172.5, 21000.0], [103173.0, 17220.0]]}}}
{"jsonrpc": "2.0", "method": "subscription", "params": {"channel": "book.BTC-PERPETUAL.none.20.100ms", "data": {"timestamp": 1762911070010, "change_id": 126478470999, "instrument_name": "BTC-PERPETUAL", "bids": [[103141.0, 154550.0], [103131.5, 13340.0], [103131.0, 11500.0], [103130.5, 11000.0], [103130.0, 41560.0], [103128.0, 29990.0], [103126.0, 25990.0], [103125.0, 28360.0], [103123.0, 50000.0], [103121.0, 45000.0], [103120.5, 5000.0], [103120.0, 35150.0], [103118.5, 38000.0], [103117.0, 8560.0], [103116.5, 54840.0], [103115.5, 26430.0], [103115.0, 6620.0], [103110.5, 17190.0], [103106.0, 48970.0], [103105.5, 126040.0]], "asks": [[103141.5, 225610.0], [103142.0, 10000.0], [103149.0, 24270.0], [103149.5, 61600.0], [103150.5, 19200.0], [103151.0, 12440.0], [103151.5, 38000.0], [103154.0, 500.0], [103154.5, 12920.0], [103155.0, 6570.0], [103159.0, 11000.0], [103159.5, 11000.0], [103160.0, 30670.0], [103161.5, 26000.0], [103162.0, 38000.0], [103162.5, 45000.0], [103167.0, 7460.0], [103170.0, 43250.0], [103170.5, 17220.0], [103171.5, 5000.0]]}}}
{"jsonrpc": "2.0", "method": "subscription", "params": {"channel": "book.BTC-PERPETUAL.none.20.100ms", "data": {"timestamp": 1762911070339, "change_id": 126478471184, "instrument_name": "BTC-PERPETUAL", "bids": [[103141.0, 241650.0], [103131.5, 13840.0], [103131.0, 11000.0], [103130.5, 11000.0], [103130.0, 41560.0], [103126.5, 29990.0], [103126.0, 25990.0], [103125.0, 42400.0], [103123.0, 50000.0], [103122.5, 54190.0], [103121.0, 45000.0], [103120.5, 5000.0], [103120.0, 35150.0], [103118.5, 38000.0], [103117.0, 8560.0], [103116.5, 54840.0], [103115.5, 26430.0], [103115.0, 6620.0], [103110.5, 17190.0], [103106.0, 48970.0]], "asks": [[103141.5, 220080.0], [103142.0, 10000.0], [103149.0, 24270.0], [103149.5, 61600.0], [103150.5, 19200.0], [103151.0, 12440.0], [103151.5, 38000.0], [103154.0, 500.0], [103154.5, 3680.0], [103155.0, 6570.0], [103158.5, 9240.0], [103159.5, 11000.0], [103160.0, 30670.0], [103161.0, 11000.0], [103161.5, 26000.0], [103162.0, 38000.0], [103162.5, 45000.0], [103167.0, 7460.0], [103169.5, 25000.0], [103170.0, 18250.0]]}}}
{"jsonrpc": "2.0", "method": "subscription", "params": {"channel": "book.BTC-PERPETUAL.none.20.100ms", "data": {"timestamp": 1762911070654, "change_id": 126478471436, "instrument_name": "BTC-PERPETUAL", "bids": [[103141.0, 252540.0], [103132.0, 12740.0], [103131.0, 29990.0], [103130.5, 11000.0], [103128.0, 15220.0], [103127.5, 25000.0], [103126.0, 25990.0], [103125.0, 42400.0], [103123.0, 50000.0], [103122.5, 54190.0], [103121.0, 45000.0], [103120.5, 5000.0], [103120.0, 35150.0], [103119.0, 9230.0], [103118.5, 38000.0], [103117.0, 8560.0], [103116.5, 54840.0], [103115.5, 17200.0], [103115.0, 6620.0], [103110.5, 17190.0]], "asks": [[103141.5, 91330.0], [103144.5, 5740.0], [103150.5, 19200.0], [103153.5, 61600.0], [103154.5, 3680.0], [103155.0, 6570.0], [103158.0, 500.0], [103158.5, 9240.0], [103159.5, 11000.0], [103160.0, 30670.0], [103162.0, 49000.0], [103162.5, 45000.0], [103166.0, 7760.0], [103166.5, 26000.0], [103170.0, 18250.0], [103170.5, 17220.0], [103172.5, 21000.0], [103173.0, 17220.0], [103174.5, 5740.0], [103176.0, 25000.0]]}}}
{"jsonrpc": "2.0", "method": "subscription", "params": {"channel": "book.BTC-PERPETUAL.none.20.100ms", "data": {"timestamp": 1762911071003, "change_id": 126478472192, "instrument_name": "BTC-PERPETUAL", "bids": [[103141.0, 252730.0], [103133.5, 3430.0], [103133.0, 11000.0], [103132.5, 500.0], [103130.0, 24170.0], [103129.5, 29990.0], [103127.5, 25000.0], [103125.5, 25990.0], [103125.0, 42400.0], [103123.0, 50000.0], [103122.5, 54190.0], [103121.0, 50000.0], [103120.0, 35150.0], [103119.0, 9230.0], [103118.5, 38000.0], [103117.0, 8560.0], [103116.5, 54840.0], [103115.5, 17200.0], [103115.0, 6620.0], [103110.5, 17190.0]], "asks": [[103141.5, 91330.0], [103144.5, 5740.0], [103150.0, 61600.0], [103150.5, 19200.0], [103154.5, 3680.0], [103155.0, 6570.0], [103158.0, 500.0], [103158.5, 9240.0], [103159.5, 11000.0], [103160.0, 30670.0], [103162.0, 75000.0], [103162.5, 45000.0], [103170.0, 18250.0], [103170.5, 17220.0], [103171.5, 25000.0], [103172.5, 21000.0], [103173.0, 17220.0], [103174.0, 5000.0], [103174.5, 5740.0], [103177.0, 610.0]]}}}
{"jsonrpc": "2.0", "method": "subscription", "params": {"channel": "book.BTC-PERPETUAL.none.20.100ms", "data": {"timestamp": 1762911071338, "change_id": 126478472722, "instrument_name": "BTC-PERPETUAL", "bids": [[103141.0, 198840.0], [103134.5, 29630.0], [103134.0, 29990.0], [103132.0, 50000.0], [103131.0, 25990.0], [103125.0, 42400.0], [103124.0, 25000.0], [103123.5, 9230.0], [103122.5, 54190.0], [103121.0, 50000.0], [103120.0, 35150.0], [103119.0, 5740.0], [103118.5, 38000.0], [103117.0, 8560.0], [103116.5, 54840.0], [103115.5, 17200.0], [103115.0, 6620.0], [103110.5, 17190.0], [103105.0, 38000.0], [103101.0, 61570.0]], "asks": [[103141.5, 10.0], [103154.5, 3680.0], [103157.5, 61600.0], [103161.0, 14630.0], [103162.0, 38000.0], [103167.0, 18430.0], [103167.5, 19200.0], [103169.5, 57740.0], [103170.0, 23710.0], [103170.5, 17220.0], [103171.5, 45000.0], [103173.0, 17220.0], [103177.0, 610.0], [103177.5, 11340.0], [103178.0, 38000.0], [103179.5, 25140.0], [103180.0, 5000.0], [103180.5, 5140.0], [103181.0, 20250.0], [103185.0, 24410.0]]}}}
{"jsonrpc": "2.0", "method": "subscription", "params": {"channel": "book.BTC-PERPETUAL.none.20.100ms", "data": {"timestamp": 1762911071675, "change_id": 126478473016, "instrument_name": "BTC-PERPETUAL", "bids": [[103141.0, 224340.0], [103137.5, 8950.0], [103137.0, 29990.0], [103134.5, 29630.0], [103132.0, 50000.0], [103130.0, 25990.0], [103125.0, 42400.0], [103123.5, 9230.0], [103122.5, 54190.0], [103121.0, 50000.0], [103120.0, 68900.0], [103118.5, 38000.0], [103117.0, 8560.0], [103116.5, 54840.0], [103115.5, 17200.0], [103115.0, 128160.0], [103110.5, 17190.0], [103105.0, 38000.0], [103101.0, 61570.0], [103100.5, 32610.0]], "asks": [[103141.5, 10.0], [103150.5, 10000.0], [103153.0, 5740.0], [103154.5, 3680.0], [103160.0, 61600.0], [103161.0, 14630.0], [103161.5, 20240.0], [103162.0, 38000.0], [103166.0, 30430.0], [103166.5, 26500.0], [103167.0, 11000.0], [103167.5, 19200.0], [103170.0, 48710.0], [103170.5, 17220.0], [103171.5, 45000.0], [103173.0, 17220.0], [103177.0, 2350.0], [103177.5, 11340.0], [103178.0, 38000.0], [103179.5, 21000.0]]}}}
{"jsonrpc": "2.0", "method": "subscription", "params": {"channel": "book.BTC-PERPETUAL.none.20.100ms", "data": {"timestamp": 1762911072003, "change_id": 126478474075, "instrument_name": "BTC-PERPETUAL", "bids": [[103141.0, 357310.0], [103139.0, 7460.0], [103138.5, 25000.0], [103132.5, 9230.0], [103132.0, 50000.0], [103125.0, 28360.0], [103122.5, 54190.0], [103121.0, 45000.0], [103120.0, 68900.0], [103119.0, 5740.0], [103118.5, 38000.0], [103117.0, 8560.0], [103115.5, 17200.0], [103115.0, 128160.0], [103111.0, 61570.0], [103110.5, 17190.0], [103105.0, 38000.0], [103100.5, 32610.0], [103100.0, 40.0], [103099.5, 63100.0]], "asks": [[103141.5, 70.0], [103154.5, 3680.0], [103162.0, 38000.0], [103169.0, 3280.0], [103169.5, 62100.0], [103170.0, 23710.0], [103171.5, 45000.0], [103172.5, 9240.0], [103173.0, 17220.0], [103176.0, 27570.0], [103176.5, 22000.0], [103177.0, 610.0], [103178.0, 38000.0], [103179.0, 4140.0], [103179.5, 26000.0], [103180.5, 10140.0], [103181.0, 20250.0], [103185.0, 70410.0], [103185.5, 2670.0], [103188.0, 41050.0]]}}}
{"jsonrpc": "2.0", "method": "subscription", "params": {"channel": "book.BTC-PERPETUAL.none.20.100ms", "data": {"timestamp": 1762911072330, "change_id": 126478474787, "instrument_name": "BTC-PERPETUAL", "bids": [[103141.0, 508060.0], [103140.5, 87100.0], [103140.0, 25000.0], [103139.0, 50000.0], [103133.5, 1490.0], [103133.0, 5000.0], [103129.5, 11340.0], [103129.0, 38000.0], [103125.0, 44360.0], [103123.0, 63910.0], [103122.5, 54190.0], [103121.0, 45000.0], [103120.0, 68900.0], [103119.0, 5740.0], [103118.5, 38000.0], [103117.0, 8560.0], [103115.5, 17200.0], [103115.0, 128160.0], [103111.5, 2530.0], [103111.0, 20980.0]], "asks": [[103141.5, 70.0], [103154.5, 3680.0], [103156.5, 10000.0], [103169.0, 5740.0], [103175.5, 19200.0], [103176.0, 34020.0], [103177.0, 25610.0], [103177.5, 500.0], [103178.0, 38000.0], [103178.5, 61600.0], [103180.0, 17490.0], [103180.5, 45000.0], [103182.0, 11000.0], [103182.5, 8610.0], [103184.5, 9240.0], [103185.0, 24410.0], [103185.5, 8620.0], [103188.0, 38790.0], [103188.5, 38000.0], [103191.0, 26000.0]]}}}
{"jsonrpc": "2.0", "method": "subscription", "params": {"channel": "book.BTC-PERPETUAL.none.20.100ms", "data": {"timestamp": 1762911072665, "change_id": 126478475449, "instrument_name": "BTC-PERPETUAL", "bids": [[103158.0, 385020.0], [103156.5, 100.0], [103154.5, 32810.0], [103154.0, 95090.0], [103147.5, 8960.0], [103147.0, 30000.0], [103143.5, 50000.0], [103142.0, 113330.0], [103141.5, 218810.0], [103141.0, 174590.0], [103133.5, 1490.0], [103133.0, 5000.0], [103130.0, 29720.0], [103129.5, 61570.0], [103129.0, 38000.0], [103125.0, 17230.0], [103123.0, 2340.0], [103120.0, 68900.0], [103119.0, 5740.0], [103118.5, 38000.0]], "asks": [[103158.5, 24470.0], [103173.0, 5740.0], [103177.0, 610.0], [103177.5, 11340.0], [103178.0, 38000.0], [103180.0, 35440.0], [103180.5, 45000.0], [103183.5, 62100.0], [103185.0, 35800.0], [103185.5, 8620.0], [103187.5, 11000.0], [103188.0, 25830.0], [103188.5, 38000.0], [103189.5, 34240.0], [103192.0, 120290.0], [103193.0, 17240.0], [103198.0, 49640.0], [103198.5, 17220.0], [103199.5, 23110.0], [103200.0, 140.0]]}}}
{"jsonrpc": "2.0", "method": "subscription", "params": {"channel": "book.BTC-PERPETUAL.none.20.100ms", "data": {"timestamp": 1762911072994, "change_id": 126478477427, "instrument_name": "BTC-PERPETUAL", "bids": [[103158.0, 576660.0], [103156.5, 8950.0], [103156.0, 29990.0], [103155.0, 50640.0], [103154.0, 120760.0], [103150.5, 50000.0], [103149.5, 8960.0], [103148.0, 30000.0], [103142.0, 56690.0], [103141.5, 132000.0], [103141.0, 45980.0], [103133.5, 77240.0], [103133.0, 5000.0], [103131.0, 48140.0], [103129.0, 38000.0], [103126.5, 8560.0], [103125.0, 17230.0], [103123.0, 2340.0], [103122.5, 15410.0], [103120.5, 20980.0]], "asks": [[103158.5, 4580.0], [103177.0, 610.0], [103178.0, 43740.0], [103184.5, 500.0], [103185.0, 24400.0], [103188.5, 38000.0], [103190.0, 45000.0], [103190.5, 22880.0], [103192.0, 61600.0], [103197.0, 24470.0], [103197.5, 5000.0], [103198.0, 25000.0], [103198.5, 25830.0], [103200.0, 140.0], [103203.0, 84240.0], [103203.5, 17220.0], [103204.5, 5000.0], [103205.5, 6630.0], [103207.5, 3030.0], [103209.5, 17200.0]]}}}
{"jsonrpc": "2.0", "method": "subscription", "params": {"channel": "book.BTC-PERPETUAL.none.20.100ms", "data": {"timestamp": 1762911073324, "change_id": 126478478525, "instrument_name": "BTC-PERPETUAL", "bids": [[103158.0, 666470.0], [103156.5, 50000.0], [103155.0, 1790.0], [103154.0, 6000.0], [103142.0, 56690.0], [103141.5, 132000.0], [103141.0, 38200.0], [103134.0, 61570.0], [103133.5, 15670.0], [103131.0, 48140.0], [103130.0, 74250.0], [103129.0, 38000.0], [103126.5, 8560.0], [103125.0, 17230.0], [103123.5, 63920.0], [103123.0, 65440.0], [103122.5, 15410.0], [103122.0, 63000.0], [103119.0, 5740.0], [103118.5, 38000.0]], "asks": [[103158.5, 4580.0], [103177.0, 610.0], [103178.0, 38000.0], [103183.0, 5740.0], [103185.0, 10.0], [103188.0, 500.0], [103188.5, 38000.0], [103190.0, 61600.0], [103191.0, 13190.0], [103191.5, 44200.0], [103196.0, 41860.0], [103197.0, 11000.0], [103198.0, 9240.0], [103198.5, 62220.0], [103200.0, 40.0], [103202.5, 49200.0], [103203.0, 49000.0], [103203.5, 17220.0], [103204.0, 26000.0], [103205.0, 5000.0]]}}}
{"jsonrpc": "2.0", "method": "subscription", "params": {"channel": "book.BTC-PERPETUAL.none.20.100ms", "data": {"timestamp": 1762911073654, "change_id": 126478478833, "instrument_name": "BTC-PERPETUAL", "bids": [[103158.0, 635920.0], [103156.5, 50000.0], [103155.0, 5650.0], [103154.0, 6000.0], [103151.5, 9230.0], [103151.0, 5000.0], [103147.0, 600.0], [103146.0, 2340.0], [103142.0, 56690.0], [103141.5, 132000.0], [103141.0, 38200.0], [103129.5, 61570.0], [103129.0, 38000.0], [103126.5, 8560.0], [103125.0, 17230.0], [103123.5, 42940.0], [103123.0, 63100.0], [103122.5, 15410.0], [103122.0, 63000.0], [103119.0, 5740.0]], "asks": [[103158.5, 4580.0], [103177.0, 610.0], [103178.0, 38000.0], [103183.0, 5740.0], [103184.0, 19200.0], [103185.0, 10.0], [103188.0, 500.0], [103188.5, 38000.0], [103190.0, 106600.0], [103191.0, 16700.0], [103191.5, 25000.0], [103195.0, 11000.0], [103195.5, 37000.0], [103196.0, 17230.0], [103197.5, 14810.0], [103198.5, 17220.0], [103200.0, 40.0], [103203.0, 38000.0], [103203.5, 17220.0], [103204.5, 21000.0]]}}}
{"jsonrpc": "2.0", "method": "subscription", "params": {"channel": "book.BTC-PERPETUAL.none.20.100ms", "data": {"timestamp": 1762911073987, "change_id": 126478479709, "instrument_name": "BTC-PERPETUAL", "bids": [[103158.0, 625940.0], [103157.0, 29990.0], [103156.5, 50000.0], [103155.0, 3280.0], [103154.0, 6000.0], [103151.0, 5000.0], [103149.0, 3630.0], [103148.5, 9230.0], [103147.0, 600.0], [103146.0, 2340.0], [103142.0, 56690.0], [103141.5, 132000.0], [103141.0, 38190.0], [103140.0, 21620.0], [103139.5, 72430.0], [103134.5, 122190.0], [103129.5, 61570.0], [103129.0, 38000.0], [103126.5, 8560.0], [103125.0, 17230.0]], "asks": [[103158.5, 4580.0], [103177.0, 610.0], [103178.0, 38000.0], [103183.0, 5740.0], [103183.5, 61600.0], [103184.0, 19200.0], [103185.0, 10.0], [103188.0, 500.0], [103188.5, 38000.0], [103190.0, 45000.0], [103191.0, 27700.0], [103191.5, 25000.0], [103195.5, 51850.0], [103196.0, 17230.0], [103198.5, 17220.0], [103200.0, 40.0], [103203.0, 38000.0], [103203.5, 17220.0], [103205.0, 5000.0], [103205.5, 6630.0]]}}}
{"jsonrpc": "2.0", "method": "subscription", "params": {"channel": "book.BTC-PERPETUAL.none.20.100ms", "data": {"timestamp": 1762911074273, "change_id": 126478480025, "instrument_name": "BTC-PERPETUAL", "bids": [[103158.0, 568930.0], [103157.5, 14930.0], [103156.5, 50000.0], [103155.0, 5620.0], [103154.0, 6000.0], [103151.5, 9230.0], [103151.0, 5000.0], [103147.0, 600.0], [103146.0, 2340.0], [103142.0, 24830.0], [103141.5, 45000.0], [103141.0, 38190.0], [103130.0, 37420.0], [103129.5, 61570.0], [103129.0, 38000.0], [103126.5, 51060.0], [103125.0, 17230.0], [103123.5, 42940.0], [103123.0, 63100.0], [103122.5, 15410.0]], "asks": [[103158.5, 4580.0], [103177.0, 610.0], [103178.0, 38000.0], [103183.0, 5740.0], [103184.0, 19200.0], [103185.0, 10.0], [103187.0, 40130.0], [103187.5, 61600.0], [103188.0, 500.0], [103188.5, 38000.0], [103190.0, 45000.0], [103190.5, 22740.0], [103191.5, 25000.0], [103195.0, 36560.0], [103195.5, 11000.0], [103196.0, 17230.0], [103198.0, 40140.0], [103198.5, 17220.0], [103200.0, 40.0], [103203.0, 38000.0]]}}}
{"jsonrpc": "2.0", "method": "subscription", "params": {"channel": "book.BTC-PERPETUAL.none.20.100ms", "data": {"timestamp": 1762911074635, "change_id": 126478480326, "instrument_name": "BTC-PERPETUAL", "bids": [[103158.0, 568920.0], [103157.5, 14930.0], [103156.5, 50000.0], [103155.0, 16660.0], [103154.0, 6000.0], [103151.5, 47230.0], [103151.0, 5000.0], [103147.0, 600.0], [103146.0, 2340.0], [103142.0, 43820.0], [103141.5, 45000.0], [103141.0, 53190.0], [103140.0, 74260.0], [103137.0, 55840.0], [103136.5, 74250.0], [103135.5, 122300.0], [103130.0, 37420.0], [103129.5, 61570.0], [103129.0, 38000.0], [103126.5, 51060.0]], "asks": [[103158.5, 4580.0], [103177.0, 610.0], [103178.0, 38000.0], [103183.0, 5740.0], [103183.5, 61600.0], [103184.0, 19200.0], [103185.0, 10.0], [103186.5, 500.0], [103187.0, 24920.0], [103188.5, 38000.0], [103190.0, 45000.0], [103190.5, 13500.0], [103191.0, 9240.0], [103191.5, 25000.0], [103195.0, 36560.0], [103195.5, 37000.0], [103196.0, 17230.0], [103197.5, 14550.0], [103198.5, 17220.0], [103200.0, 40.0]]}}}
{"jsonrpc": "2.0", "method": "subscription", "params": {"channel": "book.BTC-PERPETUAL.none.20.100ms", "data": {"timestamp": 1762911074970, "change_id": 126478481008, "instrument_name": "BTC-PERPETUAL", "bids": [[103158.0, 538930.0], [103157.5, 21970.0], [103157.0, 29990.0], [103156.5, 50000.0], [103155.0, 16660.0], [103154.0, 6000.0], [103151.5, 47230.0], [103151.0, 5000.0], [103147.0, 600.0], [103146.0, 2340.0], [103142.0, 43820.0], [103141.5, 45000.0], [103141.0, 53190.0], [103140.0, 74260.0], [103137.0, 55840.0], [103136.5, 74250.0], [103135.5, 122300.0], [103130.0, 37420.0], [103129.5, 61570.0], [103129.0, 38000.0]], "asks": [[103158.5, 4580.0], [103177.0, 610.0], [103178.0, 38000.0], [103183.0, 29860.0], [103183.5, 61600.0], [103184.0, 19200.0], [103185.0, 10.0], [103186.5, 500.0], [103187.0, 24920.0], [103188.5, 38000.0], [103190.0, 45000.0], [103190.5, 13500.0], [103191.0, 20240.0], [103191.5, 25000.0], [103195.0, 25560.0], [103195.5, 51710.0], [103196.0, 17230.0], [103198.5, 17220.0], [103200.0, 40.0], [103203.0, 38000.0]]}}}
{"jsonrpc": "2.0", "method": "subscription", "params": {"channel": "book.BTC-PERPETUAL.none.20.100ms", "data": {"timestamp": 1762911075305, "change_id": 126478481812, "instrument_name": "BTC-PERPETUAL", "bids": [[103158.0, 294160.0], [103155.0, 1790.0], [103154.0, 6000.0], [103149.0, 8780.0], [103147.0, 600.0], [103146.5, 25990.0], [103146.0, 2340.0], [103142.5, 490.0], [103142.0, 43820.0], [103141.0, 38190.0], [103140.0, 74260.0], [103138.0, 33870.0], [103137.5, 39220.0], [103136.5, 74250.0], [103130.0, 87420.0], [103129.5, 25000.0], [103129.0, 38000.0], [103126.5, 51060.0], [103125.0, 17230.0], [103122.5, 30410.0]], "asks": [[103158.5, 55460.0], [103159.0, 10000.0], [103161.5, 5740.0], [103172.0, 13430.0], [103172.5, 45000.0], [103176.0, 29910.0], [103176.5, 81300.0], [103177.0, 610.0], [103177.5, 13370.0], [103178.0, 38000.0], [103180.5, 11000.0], [103182.0, 13750.0], [103183.0, 11000.0], [103183.5, 26000.0], [103185.0, 10.0], [103187.0, 14100.0], [103187.5, 17210.0], [103188.5, 38000.0], [103190.0, 17210.0], [103192.0, 25000.0]]}}}
{"jsonrpc": "2.0", "method": "subscription", "params": {"channel": "book.BTC-PERPETUAL.none.20.100ms", "data": {"timestamp": 1762911075639, "change_id": 126478482451, "instrument_name": "BTC-PERPETUAL", "bids": [[103158.0, 231070.0], [103155.0, 1820.0], [103154.0, 6100.0], [103148.5, 1890.0], [103148.0, 5740.0], [103142.0, 43820.0], [103141.5, 25990.0], [103141.0, 38190.0], [103140.5, 490.0], [103139.0, 50000.0], [103137.5, 5000.0], [103133.0, 39820.0], [103132.5, 45000.0], [103132.0, 25000.0], [103130.0, 37420.0], [103129.0, 38000.0], [103126.5, 51060.0], [103125.0, 17230.0], [103122.5, 15410.0], [103119.0, 22220.0]], "asks": [[103158.5, 55460.0], [103159.0, 10000.0], [103168.5, 19200.0], [103171.0, 61600.0], [103171.5, 500.0], [103172.0, 13430.0], [103172.5, 45000.0], [103175.5, 9240.0], [103177.0, 610.0], [103177.5, 11000.0], [103178.0, 38000.0], [103179.5, 37000.0], [103185.0, 10.0], [103187.0, 14100.0], [103187.5, 38210.0], [103188.5, 38000.0], [103190.0, 17210.0], [103190.5, 25000.0], [103193.5, 5000.0], [103196.0, 17230.0]]}}}
{"jsonrpc": "2.0", "method": "subscription", "params": {"channel": "book.BTC-PERPETUAL.none.20.100ms", "data": {"timestamp": 1762911075956, "change_id": 126478483453, "instrument_name": "BTC-PERPETUAL", "bids": [[103158.0, 228600.0], [103155.0, 1820.0], [103154.0, 6100.0], [103148.5, 1890.0], [103148.0, 5740.0], [103142.0, 24830.0], [103141.5, 26480.0], [103141.0, 38190.0], [103139.5, 23270.0], [103139.0, 50000.0], [103137.5, 5000.0], [103135.5, 39220.0], [103133.5, 25000.0], [103133.0, 600.0], [103132.5, 45000.0], [103130.0, 37420.0], [103129.0, 38000.0], [103126.5, 51060.0], [103125.0, 17230.0], [103122.5, 15410.0]], "asks": [[103158.5, 55460.0], [103159.0, 10000.0], [103162.5, 5740.0], [103167.0, 38500.0], [103167.5, 61600.0], [103168.5, 19200.0], [103172.0, 13430.0], [103172.5, 45000.0], [103174.0, 25000.0], [103175.5, 9240.0], [103177.0, 610.0], [103177.5, 11000.0], [103178.0, 38000.0], [103185.0, 10.0], [103186.5, 37000.0], [103187.0, 14100.0], [103187.5, 17210.0], [103188.5, 38000.0], [103189.5, 21000.0], [103190.0, 17210.0]]}}}
{"jsonrpc": "2.0", "method": "subscription", "params": {"channel": "book.BTC-PERPETUAL.none.20.100ms", "data": {"timestamp": 1762911076299, "change_id": 126478484319, "instrument_name": "BTC-PERPETUAL", "bids": [[103158.0, 442520.0], [103157.5, 30000.0], [103155.0, 40230.0], [103154.5, 59540.0], [103154.0, 6000.0], [103151.5, 50000.0], [103151.0, 39220.0], [103150.0, 2760.0], [103145.0, 24980.0], [103144.5, 45000.0], [103141.0, 38190.0], [103138.5, 8760.0], [103137.5, 5000.0], [103135.0, 25000.0], [103133.0, 600.0], [103130.5, 61570.0], [103130.0, 37420.0], [103129.0, 38000.0], [103128.5, 74250.0], [103126.5, 51060.0]], "asks": [[103158.5, 110.0], [103177.0, 610.0], [103177.5, 17080.0], [103178.0, 38000.0], [103182.0, 19320.0], [103182.5, 45000.0], [103183.0, 25000.0], [103184.0, 500.0], [103184.5, 19200.0], [103185.0, 10.0], [103185.5, 35760.0], [103186.0, 61600.0], [103188.0, 9240.0], [103188.5, 38000.0], [103190.0, 17210.0], [103191.5, 11000.0], [103195.0, 37000.0], [103195.5, 8000.0], [103196.0, 17230.0], [103200.0, 40.0]]}}}
{"jsonrpc": "2.0", "method": "subscription", "params": {"channel": "book.BTC-PERPETUAL.none.20.100ms", "data": {"timestamp": 1762911076606, "change_id": 126478484652, "instrument_name": "BTC-PERPETUAL", "bids": [[103158.0, 472730.0], [103155.0, 40230.0], [103154.5, 59540.0], [103154.0, 6000.0], [103152.5, 29990.0], [103152.0, 9230.0], [103151.5, 50000.0], [103145.0, 24980.0], [103144.5, 45000.0], [103141.0, 38190.0], [103138.5, 8760.0], [103135.0, 25000.0], [103133.0, 600.0], [103130.5, 61570.0], [103130.0, 37420.0], [103129.0, 38000.0], [103128.5, 74250.0], [103126.5, 51060.0], [103125.0, 17230.0], [103123.5, 79970.0]], "asks": [[103158.5, 110.0], [103159.0, 10000.0], [103177.0, 610.0], [103177.5, 17080.0], [103178.0, 38000.0], [103181.5, 500.0], [103182.0, 42550.0], [103182.5, 45000.0], [103183.0, 25000.0], [103184.0, 61600.0], [103184.5, 19200.0], [103185.0, 10.0], [103185.5, 19910.0], [103188.5, 38000.0], [103190.0, 17210.0], [103190.5, 6040.0], [103191.0, 20240.0], [103194.5, 9000.0], [103195.5, 37000.0], [103196.0, 17230.0]]}}}
{"jsonrpc": "2.0", "method": "subscription", "params": {"channel": "book.BTC-PERPETUAL.none.20.100ms", "data": {"timestamp": 1762911076953, "change_id": 126478485459, "instrument_name": "BTC-PERPETUAL", "bids": [[103158.0, 472730.0], [103155.0, 40230.0], [103154.5, 59540.0], [103154.0, 6000.0], [103152.0, 29990.0], [103151.5, 50000.0], [103146.0, 3890.0], [103145.5, 14230.0], [103145.0, 24980.0], [103144.5, 45000.0], [103141.0, 38190.0], [103138.5, 8760.0], [103135.0, 25000.0], [103133.0, 600.0], [103131.5, 74250.0], [103130.5, 61570.0], [103130.0, 37420.0], [103129.0, 38000.0], [103128.5, 74250.0], [103126.5, 51060.0]], "asks": [[103158.5, 110.0], [103159.0, 10000.0], [103176.5, 19200.0], [103177.0, 610.0], [103177.5, 17080.0], [103178.0, 38000.0], [103181.5, 500.0], [103182.0, 42550.0], [103182.5, 45000.0], [103183.0, 25000.0], [103184.0, 61600.0], [103185.0, 10.0], [103185.5, 19910.0], [103188.5, 38000.0], [103190.0, 17210.0], [103190.5, 6040.0], [103191.0, 20240.0], [103194.5, 11000.0], [103195.0, 8890.0], [103195.5, 26000.0]]}}}
{"jsonrpc": "2.0", "method": "subscription", "params": {"channel": "book.BTC-PERPETUAL.none.20.100ms", "data": {"timestamp": 1762911077285, "change_id": 126478485846, "instrument_name": "BTC-PERPETUAL", "bids": [[103158.0, 472520.0], [103156.0, 21520.0], [103155.5, 97100.0], [103155.0, 25100.0], [103154.5, 5740.0], [103154.0, 6000.0], [103152.0, 29990.0], [103151.5, 50000.0], [103146.0, 3890.0], [103145.5, 14230.0], [103145.0, 24980.0], [103144.5, 45000.0], [103141.0, 38190.0], [103133.0, 600.0], [103130.0, 37420.0], [103129.0, 38000.0], [103127.0, 61570.0], [103126.5, 51060.0], [103125.0, 17230.0], [103123.5, 42940.0]], "asks": [[103158.5, 110.0], [103159.0, 10000.0], [103176.5, 19200.0], [103177.0, 610.0], [103177.5, 17080.0], [103178.0, 38000.0], [103181.5, 500.0], [103182.0, 42550.0], [103182.5, 45000.0], [103183.0, 25000.0], [103184.0, 61600.0], [103185.0, 10.0], [103185.5, 19910.0], [103188.0, 9240.0], [103188.5, 38000.0], [103190.0, 17210.0], [103190.5, 6040.0], [103191.0, 11000.0], [103194.0, 8580.0], [103195.0, 11000.0]]}}}
{"jsonrpc": "2.0", "method": "subscription", "params": {"channel": "book.BTC-PERPETUAL.none.20.100ms", "data": {"timestamp": 1762911077601, "change_id": 126478486068, "instrument_name": "BTC-PERPETUAL", "bids": [[103158.0, 472520.0], [103156.0, 46520.0], [103155.5, 72100.0], [103155.0, 18430.0], [103154.5, 5740.0], [103154.0, 6000.0], [103151.5, 50000.0], [103147.0, 13200.0], [103146.5, 29990.0], [103145.5, 14230.0], [103145.0, 24980.0], [103144.5, 45000.0], [103141.0, 38190.0], [103134.5, 73870.0], [103133.0, 600.0], [103131.5, 74250.0], [103130.0, 37420.0], [103129.0, 38000.0], [103127.0, 61570.0], [103126.5, 51060.0]], "asks": [[103158.5, 110.0], [103160.0, 10000.0], [103176.5, 19200.0], [103177.0, 610.0], [103177.5, 17080.0], [103178.0, 38000.0], [103180.0, 500.0], [103180.5, 39430.0], [103181.0, 61600.0], [103182.5, 45000.0], [103183.0, 25000.0], [103185.0, 10.0], [103185.5, 19910.0], [103188.5, 38000.0], [103189.5, 9240.0], [103190.0, 17210.0], [103190.5, 6040.0], [103191.0, 11000.0], [103194.5, 8550.0], [103195.0, 11000.0]]}}}
{"jsonrpc": "2.0", "method": "subscription", "params": {"channel": "book.BTC-PERPETUAL.none.20.100ms", "data": {"timestamp": 1762911077947, "change_id": 126478486852, "instrument_name": "BTC-PERPETUAL", "bids": [[103158.0, 346130.0], [103157.0, 7910.0], [103155.5, 25990.0], [103155.0, 3500.0], [103154.5, 5740.0], [103154.0, 6000.0], [103152.0, 490.0], [103150.0, 13200.0], [103146.0, 29990.0], [103145.5, 14230.0], [103145.0, 24980.0], [103144.5, 45000.0], [103141.0, 38190.0], [103135.5, 7460.0], [103135.0, 25000.0], [103134.5, 73870.0], [103133.0, 600.0], [103132.5, 50000.0], [103131.5, 74250.0], [103130.5, 128040.0]], "asks": [[103158.5, 12510.0], [103176.0, 42520.0], [103176.5, 19700.0], [103177.0, 25610.0], [103177.5, 67340.0], [103178.0, 38000.0], [103182.0, 18370.0], [103182.5, 45000.0], [103185.0, 16540.0], [103185.5, 19910.0], [103188.5, 49000.0], [103189.0, 11000.0], [103189.5, 26000.0], [103190.0, 17210.0], [103196.0, 17230.0], [103200.0, 21040.0], [103200.5, 5000.0], [103203.0, 38000.0], [103203.5, 17220.0], [103205.5, 6630.0]]}}}
{"jsonrpc": "2.0", "method": "subscription", "params": {"channel": "book.BTC-PERPETUAL.none.20.100ms", "data": {"timestamp": 1762911078281, "change_id": 126478487465, "instrument_name": "BTC-PERPETUAL", "bids": [[103158.0, 325490.0], [103157.5, 5740.0], [103155.0, 9320.0], [103154.0, 6000.0], [103150.0, 1640.0], [103147.0, 490.0], [103146.0, 25990.0], [103145.5, 5000.0], [103145.0, 26320.0], [103143.0, 50000.0], [103142.0, 29990.0], [103141.0, 38190.0], [103137.5, 16190.0], [103136.0, 54230.0], [103135.0, 107610.0], [103134.5, 73870.0], [103133.0, 600.0], [103131.5, 74250.0], [103130.5, 128040.0], [103130.0, 37420.0]], "asks": [[103158.5, 105190.0], [103166.5, 5740.0], [103169.0, 19200.0], [103170.5, 500.0], [103171.0, 14930.0], [103173.0, 61600.0], [103173.5, 45000.0], [103177.0, 610.0], [103178.0, 38000.0], [103181.0, 34240.0], [103184.0, 15700.0], [103184.5, 48000.0], [103185.0, 10.0], [103185.5, 19910.0], [103187.5, 17210.0], [103188.5, 38000.0], [103190.0, 17210.0], [103193.5, 21000.0], [103196.0, 17230.0], [103200.0, 40.0]]}}}
{"jsonrpc": "2.0", "method": "subscription", "params": {"channel": "book.BTC-PERPETUAL.none.20.100ms", "data": {"timestamp": 1762911078602, "change_id": 126478487766, "instrument_name": "BTC-PERPETUAL", "bids": [[103158.0, 325600.0], [103157.5, 5740.0], [103155.0, 1790.0], [103154.0, 6000.0], [103150.0, 9400.0], [103146.5, 490.0], [103146.0, 25990.0], [103145.5, 5000.0], [103145.0, 26320.0], [103141.5, 29990.0], [103141.0, 38190.0], [103140.0, 38580.0], [103139.5, 50000.0], [103138.0, 25000.0], [103136.5, 9230.0], [103136.0, 45000.0], [103135.0, 82610.0], [103134.5, 73870.0], [103133.0, 600.0], [103131.5, 74250.0]], "asks": [[103158.5, 105190.0], [103166.5, 5740.0], [103169.0, 19200.0], [103170.0, 61600.0], [103170.5, 500.0], [103171.0, 14930.0], [103173.5, 45000.0], [103177.0, 610.0], [103177.5, 9240.0], [103178.0, 38000.0], [103180.0, 11000.0], [103181.0, 25000.0], [103183.0, 29120.0], [103183.5, 11000.0], [103185.0, 10.0], [103185.5, 19910.0], [103187.5, 17210.0], [103188.5, 38000.0], [103190.0, 17210.0], [103195.5, 21000.0]]}}}
{"jsonrpc": "2.0", "method": "subscription", "params": {"channel": "book.BTC-PERPETUAL.none.20.100ms", "data": {"timestamp": 1762911078892, "change_id": 126478488341, "instrument_name": "BTC-PERPETUAL", "bids": [[103158.0, 325600.0], [103157.5, 5740.0], [103155.0, 1790.0], [103154.0, 6000.0], [103150.0, 9400.0], [103146.5, 490.0], [103146.0, 25990.0], [103145.5, 5000.0], [103145.0, 26320.0], [103141.5, 29990.0], [103141.0, 38190.0], [103140.0, 38580.0], [103139.5, 50000.0], [103137.0, 25000.0], [103136.5, 9230.0], [103136.0, 45000.0], [103135.0, 82610.0], [103134.5, 73870.0], [103133.0, 600.0], [103131.5, 74250.0]], "asks": [[103158.5, 105190.0], [103166.5, 5740.0], [103169.0, 19200.0], [103170.0, 61600.0], [103170.5, 500.0], [103171.0, 14930.0], [103173.5, 45000.0], [103177.0, 610.0], [103177.5, 9240.0], [103178.0, 38000.0], [103180.0, 11000.0], [103181.0, 25000.0], [103182.0, 3200.0], [103182.5, 26000.0], [103183.5, 11000.0], [103185.0, 10.0], [103185.5, 19910.0], [103187.5, 17210.0], [103188.5, 38000.0], [103190.0, 17210.0]]}}}
{"jsonrpc": "2.0", "method": "subscription", "params": {"channel": "book.BTC-PERPETUAL.none.20.100ms", "data": {"timestamp": 1762911079254, "change_id": 126478488714, "instrument_name": "BTC-PERPETUAL", "bids": [[103158.0, 425610.0], [103155.0, 9620.0], [103154.5, 27000.0], [103154.0, 6000.0], [103150.0, 9400.0], [103146.5, 490.0], [103146.0, 25990.0], [103145.5, 5000.0], [103145.0, 26320.0], [103141.5, 29990.0], [103141.0, 38190.0], [103140.0, 38580.0], [103139.5, 50000.0], [103136.5, 9230.0], [103136.0, 45000.0], [103135.0, 107610.0], [103134.5, 73870.0], [103133.0, 600.0], [103131.5, 74250.0], [103130.5, 128040.0]], "asks": [[103158.5, 32490.0], [103166.5, 5740.0], [103167.5, 19200.0], [103170.5, 500.0], [103171.0, 29910.0], [103171.5, 61600.0], [103173.5, 45000.0], [103177.0, 14710.0], [103177.5, 9240.0], [103178.0, 38000.0], [103180.5, 14030.0], [103181.5, 11000.0], [103183.0, 26000.0], [103185.0, 11010.0], [103185.5, 19910.0], [103187.5, 17210.0], [103188.5, 38000.0], [103190.0, 17210.0], [103191.5, 25000.0], [103195.5, 21000.0]]}}}
{"jsonrpc": "2.0", "method": "subscription", "params": {"channel": "book.BTC-PERPETUAL.none.20.100ms", "data": {"timestamp": 1762911079528, "change_id": 126478488824, "instrument_name": "BTC-PERPETUAL", "bids": [[103158.0, 325600.0], [103157.5, 5740.0], [103155.0, 9620.0], [103154.5, 27000.0], [103154.0, 6000.0], [103150.0, 9400.0], [103146.5, 490.0], [103146.0, 25990.0], [103145.5, 5000.0], [103145.0, 26320.0], [103143.5, 50000.0], [103141.0, 38190.0], [103140.5, 29990.0], [103140.0, 23650.0], [103136.5, 9230.0], [103136.0, 45000.0], [103135.0, 107610.0], [103134.5, 73870.0], [103133.0, 600.0], [103131.5, 74250.0]], "asks": [[103158.5, 32490.0], [103166.5, 5740.0], [103167.5, 19200.0], [103170.5, 500.0], [103171.0, 29910.0], [103173.0, 61600.0], [103173.5, 45000.0], [103177.0, 14710.0], [103178.0, 38000.0], [103180.0, 9240.0], [103180.5, 20000.0], [103182.0, 25000.0], [103182.5, 11000.0], [103183.0, 11000.0], [103184.5, 26000.0], [103185.0, 10.0], [103185.5, 19910.0], [103187.5, 17210.0], [103188.5, 38000.0], [103190.0, 17210.0]]}}}
{"jsonrpc": "2.0", "method": "subscription", "params": {"channel": "book.BTC-PERPETUAL.none.20.100ms", "data": {"timestamp": 1762911079922, "change_id": 126478489478, "instrument_name": "BTC-PERPETUAL", "bids": [[103158.0, 325600.0], [103157.5, 5740.0], [103155.0, 9620.0], [103154.5, 27000.0], [103154.0, 6000.0], [103150.0, 9400.0], [103146.5, 490.0], [103146.0, 25990.0], [103145.5, 5000.0], [103145.0, 26320.0], [103143.5, 50000.0], [103141.0, 38190.0], [103140.5, 29990.0], [103140.0, 23650.0], [103136.5, 9230.0], [103136.0, 45000.0], [103135.0, 107610.0], [103134.5, 73870.0], [103133.0, 600.0], [103131.5, 74250.0]], "asks": [[103158.5, 32490.0], [103166.5, 5740.0], [103167.5, 19200.0], [103170.5, 500.0], [103171.0, 29910.0], [103173.0, 61600.0], [103173.5, 45000.0], [103177.0, 14710.0], [103177.5, 9240.0], [103178.0, 38000.0], [103180.5, 20000.0], [103182.0, 25000.0], [103182.5, 11000.0], [103183.0, 11000.0], [103184.5, 26000.0], [103185.0, 10.0], [103185.5, 19910.0], [103187.5, 17210.0], [103188.5, 38000.0], [103190.0, 17210.0]]}}}
{"jsonrpc": "2.0", "method": "subscription", "params": {"channel": "book.BTC-PERPETUAL.none.20.100ms", "data": {"timestamp": 1762911080261, "change_id": 126478489863, "instrument_name": "BTC-PERPETUAL", "bids": [[103158.0, 238490.0], [103157.5, 5740.0], [103155.0, 1790.0], [103154.0, 6000.0], [103150.0, 15610.0], [103146.5, 25000.0], [103146.0, 25990.0], [103145.5, 5000.0], [103145.0, 11550.0], [103144.0, 490.0], [103141.0, 38190.0], [103140.0, 37040.0], [103139.5, 29990.0], [103137.0, 50000.0], [103136.5, 9230.0], [103136.0, 45000.0], [103135.0, 82610.0], [103134.5, 73870.0], [103133.0, 600.0], [103131.5, 74250.0]], "asks": [[103158.5, 135090.0], [103166.0, 500.0], [103166.5, 5740.0], [103169.5, 18390.0], [103170.0, 61600.0], [103171.0, 13430.0], [103173.5, 45000.0], [103177.0, 20370.0], [103177.5, 9240.0], [103178.0, 38000.0], [103179.5, 11000.0], [103180.0, 25000.0], [103180.5, 14030.0], [103181.5, 37000.0], [103185.0, 10.0], [103185.5, 19910.0], [103187.5, 17210.0], [103188.5, 38000.0], [103190.0, 17210.0], [103191.0, 21000.0]]}}}
{"jsonrpc": "2.0", "method": "subscription", "params": {"channel": "book.BTC-PERPETUAL.none.20.100ms", "data": {"timestamp": 1762911080594, "change_id": 126478490008, "instrument_name": "BTC-PERPETUAL", "bids": [[103158.0, 238490.0], [103157.5, 5740.0], [103155.0, 1790.0], [103154.0, 6000.0], [103150.0, 15610.0], [103147.0, 25000.0], [103146.0, 26480.0], [103145.5, 5000.0], [103145.0, 44410.0], [103141.0, 38190.0], [103140.5, 29990.0], [103140.0, 63390.0], [103136.5, 9230.0], [103136.0, 45000.0], [103135.0, 82610.0], [103134.5, 73870.0], [103133.0, 600.0], [103131.5, 74250.0], [103130.5, 128040.0], [103130.0, 37420.0]], "asks": [[103158.5, 135090.0], [103166.5, 5740.0], [103169.0, 500.0], [103169.5, 18390.0], [103170.0, 61600.0], [103171.0, 13430.0], [103173.5, 45000.0], [103177.0, 14710.0], [103177.5, 9240.0], [103178.0, 38000.0], [103180.5, 14030.0], [103184.5, 37000.0], [103185.0, 11010.0], [103185.5, 19910.0], [103187.5, 17210.0], [103188.5, 38000.0], [103190.0, 17210.0], [103192.0, 25000.0], [103195.5, 21000.0], [103196.0, 22230.0]]}}}
