{"jsonrpc": "2.0", "id": 1, "result": ["book.BTC-PERPETUAL.none.20.100ms"], "usIn": 1759454214200686, "usOut": 1759454214200914, "usDiff": 228, "testnet": false}
{"jsonrpc": "2.0", "method": "subscription", "params": {"channel": "book.BTC-PERPETUAL.none.20.100ms", "data": {"timestamp": 1759454214199, "change_id": 119688694362, "instrument_name": "BTC-PERPETUAL", "bids": [[120388.5, 843830.0], [120388.0, 20.0], [120387.5, 56980.0], [120387.0, 61630.0], [120386.5, 20.0], [120386.0, 20.0], [120385.5, 72170.0], [120385.0, 20.0], [120384.5, 45000.0], [120383.5, 62430.0], [120382.0, 96300.0], [120381.0, 15000.0], [120379.0, 500.0], [120378.5, 96300.0], [120378.0, 114590.0], [120377.5, 40000.0], [120377.0, 188010.0], [120376.0, 13690.0], [120375.5, 288600.0], [120375.0, 200.0]], "asks": [[120389.0, 162180.0], [120390.5, 1780.0], [120391.0, 5940.0], [120396.0, 4160.0], [120401.5, 13850.0], [120402.0, 9100.0], [120404.0, 25000.0], [120404.5, 250.0], [120406.5, 20.0], [120407.0, 20.0], [120407.5, 500.0], [120408.0, 5250.0], [120409.0, 47990.0], [120409.5, 39510.0], [120410.0, 250.0], [120411.0, 73500.0], [120412.0, 250.0], [120412.5, 11000.0], [120413.5, 37280.0], [120414.0, 19790.0]]}}}
{"jsonrpc": "2.0", "method": "subscription", "params": {"channel": "book.BTC-PERPETUAL.none.20.100ms", "data": {"timestamp": 1759454214246, "change_id": 119688694509, "instrument_name": "BTC-PERPETUAL", "bids": [[120388.5, 843830.0], [120388.0, 20.0], [120387.5, 56980.0], [120387.0, 61630.0], [120386.5, 20.0], [120386.0, 20.0], [120385.5, 72170.0], [120385.0, 20.0], [120384.5, 45000.0], [120383.5, 62430.0], [120382.0, 96300.0], [120381.0, 15000.0], [120379.0, 500.0], [120378.5, 96300.0], [120378.0, 114590.0], [120377.5, 40000.0], [120377.0, 188010.0], [120376.0, 13690.0], [120375.5, 288600.0], [120375.0, 200.0]], "asks": [[120389.0, 162180.0], [120390.5, 1780.0], [120391.0, 5940.0], [120396.0, 4160.0], [120401.5, 13850.0], [120402.0, 9100.0], [120404.0, 25000.0], [120404.5, 250.0], [120406.5, 20.0], [120407.0, 20.0], [120407.5, 520.0], [120408.0, 5270.0], [120409.0, 47990.0], [120409.5, 39510.0], [120410.0, 250.0], [120411.0, 73500.0], [120412.0, 250.0], [120413.0, 11000.0], [120413.5, 37280.0], [120414.0, 19790.0]]}}}
{"jsonrpc": "2.0", "method": "subscription", "params": {"channel": "book.BTC-PERPETUAL.none.20.100ms", "data": {"timestamp": 1759454214585, "change_id": 119688695066, "instrument_name": "BTC-PERPETUAL", "bids": [[120388.5, 905440.0], [120388.0, 20.0], [120387.5, 35200.0], [120387.0, 20.0], [120386.5, 20.0], [120386.0, 20.0], [120385.5, 72170.0], [120385.0, 20.0], [120384.5, 45000.0], [120383.5, 62430.0], [120382.0, 96300.0], [120381.0, 15000.0], [120379.0, 500.0], [120378.5, 96300.0], [120378.0, 114590.0], [120377.5, 40000.0], [120377.0, 188010.0], [120376.0, 13690.0], [120375.5, 288600.0], [120375.0, 200.0]], "asks": [[120389.0, 162090.0], [120390.5, 1780.0], [120391.0, 5940.0], [120396.0, 11140.0], [120401.5, 38850.0], [120404.5, 250.0], [120407.5, 500.0], [120408.0, 270.0], [120408.5, 20.0], [120409.0, 48010.0], [120409.5, 39530.0], [120410.0, 250.0], [120411.0, 73500.0], [120412.0, 250.0], [120413.0, 11000.0], [120413.5, 37280.0], [120414.0, 19790.0], [120414.5, 29470.0], [120417.0, 450.0], [120419.5, 83150.0]]}}}
{"jsonrpc": "2.0", "method": "subscription", "params": {"channel": "book.BTC-PERPETUAL.none.20.100ms", "data": {"timestamp": 1759454214931, "change_id": 119688695805, "instrument_name": "BTC-PERPETUAL", "bids": [[120388.5, 942190.0], [120388.0, 20.0], [120387.5, 35200.0], [120387.0, 20.0], [120386.5, 20.0], [120386.0, 20.0], [120385.5, 72170.0], [120385.0, 20.0], [120384.5, 45000.0], [120383.5, 33540.0], [120382.0, 96300.0], [120381.5, 500.0], [120381.0, 15000.0], [120378.0, 114590.0], [120377.5, 40000.0], [120377.0, 188010.0], [120376.0, 13690.0], [120375.5, 288600.0], [120375.0, 200.0], [120372.0, 5940.0]], "asks": [[120389.0, 162090.0], [120390.5, 1780.0], [120391.0, 5940.0], [120396.0, 11140.0], [120401.5, 38850.0], [120402.5, 1660.0], [120403.0, 5000.0], [120404.5, 250.0], [120407.0, 20.0], [120407.5, 20.0], [120408.0, 270.0], [120408.5, 520.0], [120409.0, 48010.0], [120409.5, 39510.0], [120410.0, 250.0], [120411.0, 73500.0], [120412.0, 250.0], [120413.5, 37280.0], [120414.0, 30790.0], [120414.5, 29470.0]]}}}
{"jsonrpc": "2.0", "method": "subscription", "params": {"channel": "book.BTC-PERPETUAL.none.20.100ms", "data": {"timestamp": 1759454215269, "change_id": 119688696264, "instrument_name": "BTC-PERPETUAL", "bids": [[120388.5, 942190.0], [120388.0, 20.0], [120387.5, 35200.0], [120387.0, 20.0], [120386.5, 20.0], [120386.0, 20.0], [120385.5, 72170.0], [120385.0, 20.0], [120384.5, 45000.0], [120383.5, 33540.0], [120382.0, 96300.0], [120381.5, 500.0], [120381.0, 15000.0], [120378.0, 175500.0], [120377.5, 40000.0], [120377.0, 188010.0], [120376.0, 13690.0], [120375.5, 288600.0], [120375.0, 200.0], [120372.0, 102230.0]], "asks": [[120389.0, 80730.0], [120390.0, 60000.0], [120396.0, 4160.0], [120398.0, 6000.0], [120401.5, 13850.0], [120402.5, 1660.0], [120403.0, 5000.0], [120404.5, 250.0], [120408.0, 250.0], [120408.5, 500.0], [120409.0, 47990.0], [120409.5, 39510.0], [120410.0, 250.0], [120411.0, 73500.0], [120412.0, 250.0], [120413.5, 37280.0], [120414.0, 19790.0], [120414.5, 29470.0], [120415.0, 25000.0], [120417.0, 450.0]]}}}
{"jsonrpc": "2.0", "method": "subscription", "params": {"channel": "book.BTC-PERPETUAL.none.20.100ms", "data": {"timestamp": 1759454215579, "change_id": 119688696857, "instrument_name": "BTC-PERPETUAL", "bids": [[120388.5, 942890.0], [120388.0, 20.0], [120387.5, 35200.0], [120387.0, 20.0], [120386.5, 20.0], [120386.0, 3070.0], [120385.5, 72170.0], [120385.0, 20.0], [120384.5, 45000.0], [120383.5, 33540.0], [120382.0, 96300.0], [120381.0, 15000.0], [120378.0, 175500.0], [120377.5, 40000.0], [120377.0, 188010.0], [120376.0, 13690.0], [120375.5, 288600.0], [120372.5, 30240.0], [120372.0, 102230.0], [120371.5, 5580.0]], "asks": [[120389.0, 80780.0], [120398.0, 5940.0], [120401.0, 4160.0], [120401.5, 13850.0], [120408.0, 250.0], [120409.0, 47990.0], [120409.5, 39510.0], [120410.0, 250.0], [120411.0, 73500.0], [120412.0, 270.0], [120412.5, 20.0], [120413.0, 20.0], [120413.5, 20.0], [120414.0, 19810.0], [120414.5, 41230.0], [120417.0, 450.0], [120419.0, 500.0], [120419.5, 97150.0], [120420.0, 40160.0], [120420.5, 11520.0]]}}}
{"jsonrpc": "2.0", "method": "subscription", "params": {"channel": "book.BTC-PERPETUAL.none.20.100ms", "data": {"timestamp": 1759454215930, "change_id": 119688697696, "instrument_name": "BTC-PERPETUAL", "bids": [[120388.5, 948830.0], [120388.0, 20.0], [120387.5, 35200.0], [120387.0, 20.0], [120386.5, 20.0], [120386.0, 20.0], [120385.5, 72170.0], [120385.0, 20.0], [120384.5, 45000.0], [120383.5, 33540.0], [120382.0, 96300.0], [120381.0, 15000.0], [120378.0, 175500.0], [120377.5, 40000.0], [120377.0, 188010.0], [120376.0, 13690.0], [120375.5, 288600.0], [120372.5, 9240.0], [120372.0, 102230.0], [120371.5, 11180.0]], "asks": [[120389.0, 94790.0], [120398.0, 23600.0], [120398.5, 45000.0], [120401.5, 13850.0], [120408.0, 250.0], [120409.0, 47990.0], [120409.5, 39510.0], [120410.0, 250.0], [120410.5, 5000.0], [120411.0, 73520.0], [120411.5, 20.0], [120412.0, 270.0], [120412.5, 20.0], [120413.5, 37250.0], [120414.0, 19790.0], [120414.5, 41230.0], [120415.5, 25000.0], [120417.0, 450.0], [120419.0, 500.0], [120419.5, 72150.0]]}}}
{"jsonrpc": "2.0", "method": "subscription", "params": {"channel": "book.BTC-PERPETUAL.none.20.100ms", "data": {"timestamp": 1759454216236, "change_id": 119688697986, "instrument_name": "BTC-PERPETUAL", "bids": [[120388.5, 945940.0], [120388.0, 20.0], [120387.5, 35200.0], [120387.0, 20.0], [120386.5, 20.0], [120386.0, 20.0], [120385.5, 72170.0], [120385.0, 20.0], [120384.5, 45000.0], [120383.5, 33540.0], [120382.0, 96300.0], [120381.0, 15000.0], [120378.0, 175500.0], [120377.5, 40000.0], [120377.0, 188010.0], [120376.0, 13690.0], [120375.5, 288600.0], [120372.5, 9240.0], [120372.0, 5940.0], [120371.5, 11180.0]], "asks": [[120389.0, 94800.0], [120389.5, 60000.0], [120398.0, 23600.0], [120398.5, 45000.0], [120401.5, 13850.0], [120408.0, 250.0], [120409.0, 47990.0], [120409.5, 39530.0], [120410.0, 270.0], [120410.5, 5020.0], [120411.0, 73520.0], [120411.5, 20.0], [120412.0, 250.0], [120413.5, 37250.0], [120414.0, 20290.0], [120414.5, 41230.0], [120415.5, 25000.0], [120417.0, 450.0], [120419.5, 72150.0], [120420.0, 40160.0]]}}}
{"jsonrpc": "2.0", "method": "subscription", "params": {"channel": "book.BTC-PERPETUAL.none.20.100ms", "data": {"timestamp": 1759454216575, "change_id": 119688698275, "instrument_name": "BTC-PERPETUAL", "bids": [[120388.5, 945940.0], [120388.0, 20.0], [120387.5, 35200.0], [120387.0, 20.0], [120386.5, 20.0], [120386.0, 20.0], [120385.5, 72170.0], [120385.0, 20.0], [120384.5, 45000.0], [120383.5, 58090.0], [120382.0, 96300.0], [120381.0, 15000.0], [120379.5, 96300.0], [120378.0, 175500.0], [120377.5, 40000.0], [120377.0, 188010.0], [120376.0, 13690.0], [120375.5, 288600.0], [120372.0, 5940.0], [120371.5, 11180.0]], "asks": [[120389.0, 154800.0], [120398.0, 23600.0], [120398.5, 45000.0], [120401.5, 13850.0], [120408.0, 250.0], [120409.0, 47990.0], [120409.5, 39510.0], [120410.0, 250.0], [120410.5, 5020.0], [120411.0, 73520.0], [120411.5, 20.0], [120412.0, 270.0], [120413.5, 37250.0], [120414.0, 19790.0], [120414.5, 41230.0], [120415.0, 500.0], [120415.5, 25000.0], [120417.0, 450.0], [120419.5, 72150.0], [120420.0, 51160.0]]}}}
{"jsonrpc": "2.0", "method": "subscription", "params": {"channel": "book.BTC-PERPETUAL.none.20.100ms", "data": {"timestamp": 1759454216922, "change_id": 119688699377, "instrument_name": "BTC-PERPETUAL", "bids": [[120388.5, 951880.0], [120388.0, 20.0], [120387.5, 35200.0], [120387.0, 20.0], [120386.5, 20.0], [120386.0, 20.0], [120385.5, 72170.0], [120385.0, 20.0], [120384.5, 45000.0], [120384.0, 9240.0], [120383.5, 58090.0], [120382.0, 96300.0], [120381.0, 15000.0], [120380.0, 21000.0], [120379.5, 96300.0], [120378.0, 175500.0], [120377.5, 40000.0], [120377.0, 188010.0], [120376.0, 13690.0], [120375.5, 288600.0]], "asks": [[120389.0, 94730.0], [120403.5, 45000.0], [120409.0, 16080.0], [120409.5, 39510.0], [120412.0, 250.0], [120414.0, 13850.0], [120414.5, 29470.0], [120416.0, 25000.0], [120417.0, 270.0], [120419.5, 72150.0], [120420.0, 20.0], [120422.0, 270.0], [120424.0, 500.0], [120424.5, 260.0], [120425.0, 11170.0], [120425.5, 37230.0], [120427.0, 100550.0], [120428.5, 288600.0], [120429.5, 250.0], [120431.0, 200.0]]}}}
{"jsonrpc": "2.0", "method": "subscription", "params": {"channel": "book.BTC-PERPETUAL.none.20.100ms", "data": {"timestamp": 1759454217238, "change_id": 119688699801, "instrument_name": "BTC-PERPETUAL", "bids": [[120388.5, 956230.0], [120388.0, 20.0], [120387.5, 35200.0], [120387.0, 20.0], [120386.5, 20.0], [120386.0, 20.0], [120385.5, 72170.0], [120385.0, 20.0], [120384.5, 45000.0], [120383.5, 58090.0], [120382.5, 9240.0], [120382.0, 96300.0], [120381.0, 15000.0], [120380.0, 21000.0], [120379.5, 96300.0], [120378.0, 175500.0], [120377.5, 40000.0], [120377.0, 188010.0], [120376.0, 20210.0], [120375.5, 288600.0]], "asks": [[120389.0, 94800.0], [120396.5, 60000.0], [120403.0, 45000.0], [120406.5, 5940.0], [120409.0, 16080.0], [120409.5, 39510.0], [120411.0, 5000.0], [120412.0, 250.0], [120414.0, 13850.0], [120414.5, 29470.0], [120415.5, 20.0], [120416.0, 25000.0], [120416.5, 20.0], [120417.0, 270.0], [120419.5, 72150.0], [120420.0, 40100.0], [120422.0, 270.0], [120423.0, 500.0], [120423.5, 33450.0], [120424.0, 73500.0]]}}}
{"jsonrpc": "2.0", "method": "subscription", "params": {"channel": "book.BTC-PERPETUAL.none.20.100ms", "data": {"timestamp": 1759454217579, "change_id": 119688700153, "instrument_name": "BTC-PERPETUAL", "bids": [[120388.5, 955730.0], [120388.0, 20.0], [120387.5, 35200.0], [120387.0, 20.0], [120386.5, 20.0], [120386.0, 20.0], [120385.5, 72170.0], [120385.0, 520.0], [120384.5, 45000.0], [120383.5, 58090.0], [120382.0, 96300.0], [120381.0, 15000.0], [120380.5, 9240.0], [120380.0, 21000.0], [120379.5, 96300.0], [120378.0, 114590.0], [120377.5, 40000.0], [120376.0, 20210.0], [120375.5, 288600.0], [120372.0, 5940.0]], "asks": [[120389.0, 94800.0], [120397.0, 60000.0], [120403.0, 45000.0], [120406.5, 5940.0], [120409.0, 16080.0], [120409.5, 39510.0], [120411.0, 5000.0], [120412.0, 250.0], [120414.0, 13850.0], [120414.5, 29470.0], [120416.0, 25000.0], [120416.5, 20.0], [120417.0, 270.0], [120417.5, 20.0], [120418.0, 20.0], [120419.5, 72150.0], [120420.0, 40100.0], [120422.0, 270.0], [120423.0, 500.0], [120423.5, 33450.0]]}}}
{"jsonrpc": "2.0", "method": "subscription", "params": {"channel": "book.BTC-PERPETUAL.none.20.100ms", "data": {"timestamp": 1759454217897, "change_id": 119688701010, "instrument_name": "BTC-PERPETUAL", "bids": [[120388.5, 915730.0], [120388.0, 20.0], [120387.5, 35200.0], [120387.0, 20.0], [120386.5, 20.0], [120386.0, 20.0], [120385.5, 72170.0], [120385.0, 520.0], [120384.5, 45000.0], [120383.5, 58090.0], [120382.0, 96300.0], [120381.0, 15000.0], [120379.5, 96300.0], [120378.0, 114590.0], [120377.5, 40000.0], [120376.0, 20210.0], [120375.5, 288600.0], [120372.5, 30240.0], [120372.0, 5940.0], [120371.5, 12380.0]], "asks": [[120389.0, 94800.0], [120400.5, 23600.0], [120401.0, 45000.0], [120401.5, 13850.0], [120408.0, 250.0], [120408.5, 250.0], [120409.0, 26770.0], [120409.5, 39510.0], [120410.0, 20.0], [120410.5, 20.0], [120411.0, 5020.0], [120411.5, 20.0], [120412.0, 270.0], [120413.5, 37220.0], [120414.0, 19790.0], [120414.5, 59920.0], [120415.0, 500.0], [120415.5, 73500.0], [120416.0, 25000.0], [120417.0, 250.0]]}}}
{"jsonrpc": "2.0", "method": "subscription", "params": {"channel": "book.BTC-PERPETUAL.none.20.100ms", "data": {"timestamp": 1759454218239, "change_id": 119688701433, "instrument_name": "BTC-PERPETUAL", "bids": [[120388.5, 956230.0], [120388.0, 20.0], [120387.5, 35200.0], [120387.0, 20.0], [120386.5, 20.0], [120386.0, 20.0], [120385.5, 72170.0], [120385.0, 20.0], [120384.5, 45000.0], [120383.5, 58090.0], [120382.0, 96300.0], [120381.0, 15000.0], [120379.5, 96300.0], [120378.0, 114590.0], [120377.5, 40000.0], [120376.0, 20210.0], [120375.5, 288600.0], [120372.5, 9240.0], [120372.0, 197520.0], [120371.5, 18470.0]], "asks": [[120389.0, 94800.0], [120390.5, 8000.0], [120395.5, 60000.0], [120400.5, 23600.0], [120401.0, 45000.0], [120401.5, 13850.0], [120405.5, 1880.0], [120406.0, 6000.0], [120408.0, 250.0], [120408.5, 250.0], [120409.0, 26770.0], [120409.5, 39530.0], [120410.0, 20.0], [120410.5, 20.0], [120411.0, 20.0], [120411.5, 20.0], [120412.0, 250.0], [120413.5, 37220.0], [120414.0, 20290.0], [120414.5, 59920.0]]}}}
{"jsonrpc": "2.0", "method": "subscription", "params": {"channel": "book.BTC-PERPETUAL.none.20.100ms", "data": {"timestamp": 1759454218502, "change_id": 119688701713, "instrument_name": "BTC-PERPETUAL", "bids": [[120388.5, 944350.0], [120388.0, 20.0], [120387.5, 35200.0], [120387.0, 20.0], [120386.5, 20.0], [120386.0, 20.0], [120385.5, 72170.0], [120385.0, 20.0], [120384.5, 45000.0], [120383.5, 58090.0], [120382.0, 96300.0], [120381.0, 15000.0], [120379.5, 96300.0], [120378.0, 114590.0], [120377.5, 40000.0], [120376.0, 20210.0], [120375.5, 288600.0], [120372.5, 9240.0], [120372.0, 191580.0], [120371.5, 18470.0]], "asks": [[120389.0, 94800.0], [120390.5, 8000.0], [120400.5, 23600.0], [120401.0, 45000.0], [120401.5, 13850.0], [120405.5, 1880.0], [120406.0, 6000.0], [120408.0, 250.0], [120408.5, 250.0], [120409.0, 31770.0], [120409.5, 39510.0], [120410.5, 20.0], [120411.0, 20.0], [120412.0, 250.0], [120413.5, 37220.0], [120414.0, 20290.0], [120414.5, 84920.0], [120415.5, 73500.0], [120417.0, 250.0], [120419.5, 72150.0]]}}}
{"jsonrpc": "2.0", "method": "subscription", "params": {"channel": "book.BTC-PERPETUAL.none.20.100ms", "data": {"timestamp": 1759454218893, "change_id": 119688702427, "instrument_name": "BTC-PERPETUAL", "bids": [[120388.5, 956230.0], [120388.0, 20.0], [120387.5, 35200.0], [120387.0, 20.0], [120386.5, 20.0], [120386.0, 20.0], [120385.5, 72170.0], [120385.0, 20.0], [120384.5, 45000.0], [120383.5, 58090.0], [120382.0, 96300.0], [120381.0, 15000.0], [120379.5, 96300.0], [120378.0, 114590.0], [120377.5, 40000.0], [120376.0, 20210.0], [120375.5, 288600.0], [120372.5, 9240.0], [120372.0, 197520.0], [120371.5, 18470.0]], "asks": [[120389.0, 94770.0], [120390.5, 8000.0], [120396.5, 60000.0], [120400.5, 10100.0], [120401.5, 13850.0], [120402.0, 15380.0], [120402.5, 45000.0], [120406.0, 6000.0], [120408.0, 250.0], [120408.5, 250.0], [120409.0, 26770.0], [120409.5, 39510.0], [120410.0, 20.0], [120410.5, 20.0], [120411.0, 20.0], [120411.5, 20.0], [120412.0, 250.0], [120413.5, 37220.0], [120414.0, 20290.0], [120414.5, 59920.0]]}}}
{"jsonrpc": "2.0", "method": "subscription", "params": {"channel": "book.BTC-PERPETUAL.none.20.100ms", "data": {"timestamp": 1759454219236, "change_id": 119688702813, "instrument_name": "BTC-PERPETUAL", "bids": [[120388.5, 956230.0], [120388.0, 20.0], [120387.5, 35200.0], [120387.0, 20.0], [120386.5, 20.0], [120386.0, 20.0], [120385.5, 72170.0], [120385.0, 20.0], [120384.5, 45000.0], [120383.5, 58090.0], [120382.0, 96300.0], [120381.0, 15000.0], [120379.5, 96300.0], [120378.0, 114590.0], [120377.5, 40000.0], [120376.0, 20210.0], [120375.5, 288600.0], [120372.5, 9240.0], [120372.0, 197520.0], [120371.5, 18470.0]], "asks": [[120389.0, 94730.0], [120390.5, 8000.0], [120397.0, 60000.0], [120400.5, 5940.0], [120402.0, 15380.0], [120402.5, 45000.0], [120406.0, 6000.0], [120408.0, 250.0], [120408.5, 250.0], [120409.0, 26770.0], [120409.5, 39510.0], [120410.5, 20.0], [120411.0, 20.0], [120411.5, 20.0], [120412.0, 270.0], [120412.5, 20.0], [120413.5, 37220.0], [120414.0, 19790.0], [120414.5, 60420.0], [120415.0, 25000.0]]}}}
{"jsonrpc": "2.0", "method": "subscription", "params": {"channel": "book.BTC-PERPETUAL.none.20.100ms", "data": {"timestamp": 1759454219526, "change_id": 119688703101, "instrument_name": "BTC-PERPETUAL", "bids": [[120388.5, 956230.0], [120388.0, 20.0], [120387.5, 35200.0], [120387.0, 20.0], [120386.5, 20.0], [120386.0, 20.0], [120385.5, 72170.0], [120385.0, 20.0], [120384.5, 45000.0], [120383.5, 58090.0], [120382.0, 96300.0], [120381.0, 15000.0], [120380.0, 9240.0], [120379.5, 96300.0], [120378.0, 158650.0], [120377.5, 40000.0], [120376.5, 21000.0], [120376.0, 20210.0], [120375.5, 288600.0], [120372.0, 197520.0]], "asks": [[120389.0, 108190.0], [120398.5, 60000.0], [120400.5, 5940.0], [120402.0, 15140.0], [120404.0, 45000.0], [120406.0, 6000.0], [120408.0, 250.0], [120408.5, 250.0], [120409.0, 16080.0], [120409.5, 39510.0], [120412.0, 250.0], [120414.0, 19790.0], [120414.5, 29470.0], [120415.0, 25000.0], [120417.0, 250.0], [120419.5, 72150.0], [120420.0, 40100.0], [120422.0, 270.0], [120423.0, 500.0], [120423.5, 31890.0]]}}}
{"jsonrpc": "2.0", "method": "subscription", "params": {"channel": "book.BTC-PERPETUAL.none.20.100ms", "data": {"timestamp": 1759454219895, "change_id": 119688704061, "instrument_name": "BTC-PERPETUAL", "bids": [[120388.5, 956230.0], [120388.0, 20.0], [120387.5, 35200.0], [120387.0, 20.0], [120386.5, 20.0], [120386.0, 20.0], [120385.5, 72170.0], [120385.0, 20.0], [120384.5, 45000.0], [120383.5, 58090.0], [120382.0, 96300.0], [120381.0, 15000.0], [120379.5, 96300.0], [120378.5, 9240.0], [120378.0, 114590.0], [120377.5, 40000.0], [120376.5, 21000.0], [120376.0, 20210.0], [120375.5, 288600.0], [120372.0, 5940.0]], "asks": [[120389.0, 68190.0], [120398.5, 60000.0], [120401.5, 14010.0], [120402.0, 15140.0], [120402.5, 40000.0], [120404.0, 45000.0], [120406.0, 6000.0], [120408.0, 250.0], [120408.5, 250.0], [120409.0, 27020.0], [120409.5, 39510.0], [120412.0, 250.0], [120413.5, 37210.0], [120414.0, 19810.0], [120414.5, 29490.0], [120415.0, 25020.0], [120415.5, 20.0], [120416.0, 20.0], [120417.0, 250.0], [120419.5, 72150.0]]}}}
{"jsonrpc": "2.0", "method": "subscription", "params": {"channel": "book.BTC-PERPETUAL.none.20.100ms", "data": {"timestamp": 1759454220226, "change_id": 119688704992, "instrument_name": "BTC-PERPETUAL", "bids": [[120388.5, 701530.0], [120387.5, 35180.0], [120387.0, 30000.0], [120386.0, 11000.0], [120385.5, 72150.0], [120385.0, 20.0], [120384.5, 45000.0], [120383.5, 4500.0], [120381.0, 15000.0], [120378.0, 114590.0], [120377.5, 40000.0], [120376.0, 20210.0], [120375.5, 288600.0], [120375.0, 200.0], [120373.0, 500.0], [120372.5, 191490.0], [120371.5, 6220.0], [120371.0, 2140.0], [120366.5, 10000.0], [120366.0, 8590.0]], "asks": [[120389.0, 189640.0], [120389.5, 6900.0], [120396.5, 4200.0], [120401.5, 14510.0], [120402.5, 500.0], [120407.0, 20.0], [120407.5, 20.0], [120408.0, 270.0], [120408.5, 250.0], [120409.0, 27020.0], [120409.5, 39510.0], [120412.0, 250.0], [120413.5, 37200.0], [120414.0, 19790.0], [120414.5, 52150.0], [120417.0, 250.0], [120419.5, 72150.0], [120420.0, 40100.0], [120421.0, 25000.0], [120422.0, 270.0]]}}}
{"jsonrpc": "2.0", "method": "subscription", "params": {"channel": "book.BTC-PERPETUAL.none.20.100ms", "data": {"timestamp": 1759454220555, "change_id": 119688706003, "instrument_name": "BTC-PERPETUAL", "bids": [[120388.5, 635070.0], [120387.5, 50850.0], [120387.0, 30000.0], [120385.5, 72150.0], [120385.0, 20.0], [120384.5, 50940.0], [120384.0, 11000.0], [120383.5, 22420.0], [120381.5, 61610.0], [120381.0, 15000.0], [120378.0, 114590.0], [120376.0, 14190.0], [120375.5, 288600.0], [120375.0, 200.0], [120372.5, 191490.0], [120372.0, 5940.0], [120371.5, 6220.0], [120366.5, 10000.0], [120366.0, 8590.0], [120365.5, 54020.0]], "asks": [[120389.0, 219650.0], [120391.5, 15060.0], [120393.0, 5940.0], [120394.0, 45000.0], [120396.5, 11330.0], [120400.5, 25000.0], [120401.5, 14010.0], [120402.5, 500.0], [120405.0, 500.0], [120405.5, 31500.0], [120406.0, 104680.0], [120407.0, 20.0], [120407.5, 20.0], [120408.0, 270.0], [120408.5, 11250.0], [120409.0, 37210.0], [120411.5, 73500.0], [120412.0, 250.0], [120413.5, 37200.0], [120414.0, 19790.0]]}}}
{"jsonrpc": "2.0", "method": "subscription", "params": {"channel": "book.BTC-PERPETUAL.none.20.100ms", "data": {"timestamp": 1759454220831, "change_id": 119688706773, "instrument_name": "BTC-PERPETUAL", "bids": [[120388.5, 753620.0], [120388.0, 20.0], [120387.5, 50870.0], [120387.0, 30020.0], [120386.5, 20.0], [120386.0, 20.0], [120385.5, 72150.0], [120385.0, 20.0], [120384.5, 45000.0], [120383.5, 4500.0], [120381.0, 15000.0], [120378.5, 500.0], [120378.0, 114590.0], [120376.0, 13690.0], [120375.5, 288600.0], [120375.0, 200.0], [120372.5, 191490.0], [120372.0, 5940.0], [120371.5, 11100.0], [120366.5, 10000.0]], "asks": [[120389.0, 121960.0], [120392.0, 60000.0], [120396.5, 23740.0], [120399.0, 45000.0], [120401.0, 25000.0], [120401.5, 19010.0], [120402.5, 500.0], [120405.0, 500.0], [120405.5, 31500.0], [120406.0, 104680.0], [120408.0, 250.0], [120408.5, 250.0], [120409.0, 37210.0], [120411.5, 73500.0], [120412.0, 250.0], [120413.5, 37200.0], [120414.0, 19790.0], [120414.5, 41150.0], [120417.0, 250.0], [120417.5, 200.0]]}}}
{"jsonrpc": "2.0", "method": "subscription", "params": {"channel": "book.BTC-PERPETUAL.none.20.100ms", "data": {"timestamp": 1759454221218, "change_id": 119688707163, "instrument_name": "BTC-PERPETUAL", "bids": [[120388.5, 819790.0], [120388.0, 20.0], [120387.5, 50870.0], [120387.0, 30020.0], [120386.5, 20.0], [120386.0, 20.0], [120385.5, 75220.0], [120385.0, 20.0], [120384.5, 45000.0], [120383.5, 4500.0], [120381.5, 500.0], [120381.0, 15000.0], [120378.0, 114590.0], [120377.0, 40000.0], [120376.0, 13690.0], [120375.5, 288600.0], [120375.0, 200.0], [120372.5, 191490.0], [120372.0, 5940.0], [120371.5, 11100.0]], "asks": [[120389.0, 145100.0], [120391.5, 37600.0], [120393.5, 60000.0], [120396.5, 23740.0], [120399.0, 45000.0], [120401.0, 25000.0], [120401.5, 19010.0], [120402.5, 500.0], [120405.5, 31500.0], [120406.0, 104680.0], [120408.0, 250.0], [120408.5, 750.0], [120409.0, 37210.0], [120411.0, 20.0], [120411.5, 73500.0], [120412.0, 250.0], [120413.5, 37200.0], [120414.0, 19790.0], [120414.5, 41150.0], [120417.0, 250.0]]}}}
{"jsonrpc": "2.0", "method": "subscription", "params": {"channel": "book.BTC-PERPETUAL.none.20.100ms", "data": {"timestamp": 1759454221549, "change_id": 119688707765, "instrument_name": "BTC-PERPETUAL", "bids": [[120388.5, 814050.0], [120388.0, 20.0], [120387.5, 50870.0], [120387.0, 30020.0], [120386.5, 20.0], [120386.0, 20.0], [120385.5, 75220.0], [120385.0, 20.0], [120384.5, 45000.0], [120383.5, 4500.0], [120381.5, 500.0], [120381.0, 15000.0], [120378.0, 114590.0], [120377.0, 40000.0], [120376.0, 13690.0], [120375.5, 288600.0], [120372.5, 191490.0], [120372.0, 5940.0], [120371.5, 11100.0], [120366.5, 10000.0]], "asks": [[120389.0, 107860.0], [120390.5, 5940.0], [120393.5, 60000.0], [120396.5, 23740.0], [120399.0, 45000.0], [120401.5, 19010.0], [120402.5, 500.0], [120405.5, 31500.0], [120406.0, 104680.0], [120408.0, 250.0], [120408.5, 750.0], [120409.0, 37210.0], [120410.5, 25000.0], [120411.5, 73500.0], [120412.0, 270.0], [120412.5, 20.0], [120413.5, 37200.0], [120414.0, 19790.0], [120414.5, 41150.0], [120417.0, 250.0]]}}}
{"jsonrpc": "2.0", "method": "subscription", "params": {"channel": "book.BTC-PERPETUAL.none.20.100ms", "data": {"timestamp": 1759454221833, "change_id": 119688708366, "instrument_name": "BTC-PERPETUAL", "bids": [[120388.5, 819990.0], [120388.0, 20.0], [120387.5, 50870.0], [120387.0, 30020.0], [120386.5, 20.0], [120386.0, 20.0], [120385.5, 75220.0], [120385.0, 20.0], [120384.5, 45000.0], [120384.0, 500.0], [120383.5, 4500.0], [120381.0, 15000.0], [120378.0, 176480.0], [120377.0, 40000.0], [120376.0, 109990.0], [120375.5, 288600.0], [120372.5, 191490.0], [120372.0, 5940.0], [120371.5, 11100.0], [120366.5, 10000.0]], "asks": [[120389.0, 107860.0], [120390.5, 5940.0], [120392.5, 60000.0], [120396.5, 23740.0], [120399.0, 45000.0], [120401.5, 19010.0], [120402.5, 500.0], [120405.5, 31500.0], [120406.0, 104680.0], [120408.0, 250.0], [120408.5, 750.0], [120409.0, 37210.0], [120410.5, 25000.0], [120411.0, 20.0], [120411.5, 73520.0], [120412.0, 270.0], [120412.5, 20.0], [120413.5, 37200.0], [120414.0, 19790.0], [120414.5, 41150.0]]}}}
{"jsonrpc": "2.0", "method": "subscription", "params": {"channel": "book.BTC-PERPETUAL.none.20.100ms", "data": {"timestamp": 1759454222203, "change_id": 119688708672, "instrument_name": "BTC-PERPETUAL", "bids": [[120388.5, 819990.0], [120388.0, 20.0], [120387.5, 50870.0], [120387.0, 30020.0], [120386.5, 20.0], [120386.0, 20.0], [120385.5, 75220.0], [120385.0, 20.0], [120384.5, 45000.0], [120384.0, 500.0], [120383.5, 4500.0], [120381.0, 15000.0], [120378.0, 176480.0], [120377.0, 40000.0], [120376.0, 109990.0], [120375.5, 288600.0], [120373.5, 96290.0], [120372.5, 191490.0], [120372.0, 5940.0], [120371.5, 11100.0]], "asks": [[120389.0, 107860.0], [120390.5, 5940.0], [120392.0, 100600.0], [120396.5, 23740.0], [120399.0, 45000.0], [120400.5, 6000.0], [120401.5, 19010.0], [120402.5, 500.0], [120405.5, 31500.0], [120406.0, 104680.0], [120408.0, 250.0], [120408.5, 750.0], [120409.0, 37210.0], [120410.5, 25000.0], [120411.0, 20.0], [120411.5, 73520.0], [120412.0, 270.0], [120412.5, 20.0], [120413.5, 37200.0], [120414.0, 19790.0]]}}}
{"jsonrpc": "2.0", "method": "subscription", "params": {"channel": "book.BTC-PERPETUAL.none.20.100ms", "data": {"timestamp": 1759454222530, "change_id": 119688709051, "instrument_name": "BTC-PERPETUAL", "bids": [[120388.5, 819990.0], [120388.0, 20.0], [120387.5, 50870.0], [120387.0, 30020.0], [120386.5, 20.0], [120386.0, 20.0], [120385.5, 75220.0], [120385.0, 20.0], [120384.5, 45000.0], [120384.0, 500.0], [120383.5, 4500.0], [120381.0, 15000.0], [120378.0, 176480.0], [120377.0, 40000.0], [120376.0, 109990.0], [120375.5, 288600.0], [120373.5, 96290.0], [120372.5, 191490.0], [120372.0, 5940.0], [120371.5, 11100.0]], "asks": [[120389.0, 107860.0], [120390.5, 5940.0], [120392.0, 40600.0], [120396.5, 20070.0], [120397.0, 45000.0], [120400.5, 6000.0], [120401.5, 19010.0], [120402.5, 500.0], [120405.5, 31500.0], [120406.0, 104680.0], [120408.0, 250.0], [120408.5, 250.0], [120409.0, 37230.0], [120409.5, 520.0], [120410.0, 25020.0], [120410.5, 20.0], [120411.0, 20.0], [120411.5, 73500.0], [120412.0, 250.0], [120413.5, 37200.0]]}}}
{"jsonrpc": "2.0", "method": "subscription", "params": {"channel": "book.BTC-PERPETUAL.none.20.100ms", "data": {"timestamp": 1759454222873, "change_id": 119688709630, "instrument_name": "BTC-PERPETUAL", "bids": [[120388.5, 819990.0], [120388.0, 20.0], [120387.5, 50870.0], [120387.0, 30020.0], [120386.5, 20.0], [120386.0, 20.0], [120385.5, 85220.0], [120385.0, 20.0], [120384.5, 45000.0], [120384.0, 500.0], [120383.5, 4500.0], [120381.0, 15000.0], [120378.0, 176480.0], [120377.0, 40000.0], [120376.0, 109990.0], [120375.5, 288600.0], [120373.5, 96290.0], [120372.5, 191490.0], [120372.0, 5940.0], [120371.5, 11100.0]], "asks": [[120389.0, 116960.0], [120390.5, 5940.0], [120391.0, 60000.0], [120396.5, 20070.0], [120397.0, 45000.0], [120400.5, 6000.0], [120401.5, 19010.0], [120402.5, 500.0], [120405.5, 31500.0], [120406.0, 104680.0], [120408.0, 250.0], [120408.5, 250.0], [120409.0, 37230.0], [120409.5, 520.0], [120410.0, 25020.0], [120410.5, 20.0], [120411.0, 20.0], [120411.5, 73500.0], [120412.0, 250.0], [120413.5, 37200.0]]}}}
{"jsonrpc": "2.0", "method": "subscription", "params": {"channel": "book.BTC-PERPETUAL.none.20.100ms", "data": {"timestamp": 1759454223169, "change_id": 119688709884, "instrument_name": "BTC-PERPETUAL", "bids": [[120388.5, 829990.0], [120388.0, 20.0], [120387.5, 50870.0], [120387.0, 30020.0], [120386.5, 20.0], [120386.0, 20.0], [120385.5, 75220.0], [120385.0, 20.0], [120384.5, 45000.0], [120384.0, 500.0], [120383.5, 4500.0], [120381.0, 15000.0], [120378.0, 176480.0], [120377.0, 40000.0], [120376.0, 109990.0], [120375.5, 288600.0], [120373.5, 96290.0], [120372.5, 191490.0], [120372.0, 5940.0], [120371.5, 11100.0]], "asks": [[120389.0, 107860.0], [120390.5, 5940.0], [120391.0, 60000.0], [120396.5, 20070.0], [120397.0, 45000.0], [120400.5, 6000.0], [120401.5, 19010.0], [120402.5, 500.0], [120405.5, 31500.0], [120406.0, 104680.0], [120408.0, 250.0], [120408.5, 250.0], [120409.0, 37230.0], [120409.5, 520.0], [120410.0, 25020.0], [120410.5, 20.0], [120411.0, 20.0], [120411.5, 73500.0], [120412.0, 250.0], [120413.5, 37200.0]]}}}
{"jsonrpc": "2.0", "method": "subscription", "params": {"channel": "book.BTC-PERPETUAL.none.20.100ms", "data": {"timestamp": 1759454223499, "change_id": 119688710260, "instrument_name": "BTC-PERPETUAL", "bids": [[120388.5, 819990.0], [120388.0, 20.0], [120387.5, 50870.0], [120387.0, 30020.0], [120386.5, 20.0], [120386.0, 20.0], [120385.5, 75220.0], [120385.0, 20.0], [120384.5, 45000.0], [120383.5, 4500.0], [120381.5, 500.0], [120381.0, 15000.0], [120378.0, 176480.0], [120377.0, 40000.0], [120376.0, 109990.0], [120375.5, 288600.0], [120373.5, 96290.0], [120372.5, 191490.0], [120372.0, 5940.0], [120371.5, 11100.0]], "asks": [[120389.0, 107860.0], [120390.5, 5940.0], [120391.0, 60000.0], [120396.5, 20070.0], [120397.0, 45000.0], [120400.5, 6000.0], [120401.5, 19010.0], [120402.5, 500.0], [120405.5, 31500.0], [120406.0, 104680.0], [120408.0, 250.0], [120408.5, 750.0], [120409.0, 37210.0], [120410.0, 25020.0], [120410.5, 20.0], [120411.0, 20.0], [120411.5, 73500.0], [120412.0, 250.0], [120413.5, 37200.0], [120414.0, 19790.0]]}}}
{"jsonrpc": "2.0", "method": "subscription", "params": {"channel": "book.BTC-PERPETUAL.none.20.100ms", "data": {"timestamp": 1759454223864, "change_id": 119688710826, "instrument_name": "BTC-PERPETUAL", "bids": [[120388.5, 819990.0], [120388.0, 20.0], [120387.5, 50870.0], [120387.0, 30020.0], [120386.5, 20.0], [120386.0, 20.0], [120385.5, 75220.0], [120385.0, 20.0], [120384.5, 45000.0], [120383.5, 4500.0], [120381.5, 500.0], [120381.0, 15000.0], [120378.0, 176480.0], [120377.0, 40000.0], [120376.0, 109990.0], [120375.5, 288600.0], [120373.5, 96290.0], [120372.5, 191490.0], [120372.0, 5940.0], [120371.5, 11100.0]], "asks": [[120389.0, 116760.0], [120390.5, 5940.0], [120391.0, 28600.0], [120391.5, 60000.0], [120396.5, 20070.0], [120397.0, 45000.0], [120400.5, 6000.0], [120401.5, 44010.0], [120402.5, 500.0], [120405.5, 31500.0], [120406.0, 104680.0], [120408.0, 250.0], [120408.5, 750.0], [120409.0, 37230.0], [120409.5, 20.0], [120410.0, 20.0], [120410.5, 20.0], [120411.0, 20.0], [120411.5, 73500.0], [120412.0, 250.0]]}}}
{"jsonrpc": "2.0", "method": "subscription", "params": {"channel": "book.BTC-PERPETUAL.none.20.100ms", "data": {"timestamp": 1759454224186, "change_id": 119688711121, "instrument_name": "BTC-PERPETUAL", "bids": [[120388.5, 814050.0], [120388.0, 20.0], [120387.5, 50870.0], [120387.0, 30020.0], [120386.5, 20.0], [120386.0, 20.0], [120385.5, 75220.0], [120385.0, 20.0], [120384.5, 45000.0], [120383.5, 4500.0], [120381.5, 500.0], [120381.0, 15000.0], [120378.0, 176480.0], [120377.0, 40000.0], [120376.0, 109990.0], [120375.5, 288600.0], [120373.5, 96290.0], [120372.5, 191490.0], [120371.5, 11100.0], [120366.5, 10000.0]], "asks": [[120389.0, 107860.0], [120396.5, 20070.0], [120397.0, 45000.0], [120400.5, 6000.0], [120401.5, 44010.0], [120402.5, 500.0], [120405.5, 31500.0], [120406.0, 104680.0], [120408.0, 250.0], [120408.5, 750.0], [120409.0, 37210.0], [120411.5, 73520.0], [120412.0, 270.0], [120412.5, 20.0], [120413.0, 20.0], [120413.5, 37200.0], [120414.0, 13850.0], [120414.5, 41150.0], [120417.0, 250.0], [120417.5, 200.0]]}}}
{"jsonrpc": "2.0", "method": "subscription", "params": {"channel": "book.BTC-PERPETUAL.none.20.100ms", "data": {"timestamp": 1759454224525, "change_id": 119688711698, "instrument_name": "BTC-PERPETUAL", "bids": [[120388.5, 820080.0], [120388.0, 20.0], [120387.5, 50870.0], [120387.0, 30020.0], [120386.5, 20.0], [120386.0, 20.0], [120385.5, 75220.0], [120385.0, 20.0], [120384.5, 45000.0], [120383.5, 4500.0], [120381.5, 500.0], [120381.0, 15000.0], [120378.0, 176480.0], [120377.0, 40000.0], [120376.0, 109990.0], [120375.5, 288600.0], [120373.5, 96290.0], [120372.5, 191490.0], [120371.5, 11100.0], [120366.5, 10000.0]], "asks": [[120389.0, 107860.0], [120391.0, 60000.0], [120396.5, 27800.0], [120397.0, 45000.0], [120398.5, 6030.0], [120400.5, 6000.0], [120401.5, 44010.0], [120402.5, 500.0], [120405.5, 31500.0], [120406.0, 104680.0], [120408.0, 250.0], [120408.5, 750.0], [120409.0, 37210.0], [120410.0, 20.0], [120410.5, 20.0], [120411.0, 20.0], [120411.5, 73520.0], [120412.0, 270.0], [120413.5, 37200.0], [120414.0, 13850.0]]}}}
{"jsonrpc": "2.0", "method": "subscription", "params": {"channel": "book.BTC-PERPETUAL.none.20.100ms", "data": {"timestamp": 1759454224851, "change_id": 119688712307, "instrument_name": "BTC-PERPETUAL", "bids": [[120388.5, 820080.0], [120388.0, 20.0], [120387.5, 50870.0], [120387.0, 30020.0], [120386.5, 20.0], [120386.0, 20.0], [120385.5, 75220.0], [120385.0, 20.0], [120384.5, 45000.0], [120383.5, 4500.0], [120381.5, 500.0], [120381.0, 15000.0], [120378.0, 176480.0], [120377.0, 40000.0], [120376.0, 109990.0], [120375.5, 288600.0], [120373.5, 96290.0], [120371.5, 11100.0], [120366.5, 10000.0], [120366.0, 29590.0]], "asks": [[120389.0, 107820.0], [120392.0, 39100.0], [120392.5, 60000.0], [120396.5, 28210.0], [120398.5, 51030.0], [120400.5, 6000.0], [120401.5, 44010.0], [120402.5, 500.0], [120405.5, 31500.0], [120406.0, 104680.0], [120408.0, 250.0], [120408.5, 750.0], [120409.0, 37210.0], [120410.0, 20.0], [120410.5, 20.0], [120411.0, 20.0], [120411.5, 73520.0], [120412.0, 270.0], [120413.5, 37200.0], [120414.0, 13850.0]]}}}
{"jsonrpc": "2.0", "method": "subscription", "params": {"channel": "book.BTC-PERPETUAL.none.20.100ms", "data": {"timestamp": 1759454225167, "change_id": 119688712591, "instrument_name": "BTC-PERPETUAL", "bids": [[120388.5, 820080.0], [120388.0, 20.0], [120387.5, 50870.0], [120387.0, 30020.0], [120386.5, 20.0], [120386.0, 20.0], [120385.5, 75220.0], [120385.0, 20.0], [120384.5, 45000.0], [120383.5, 4500.0], [120381.5, 500.0], [120381.0, 15000.0], [120378.0, 176480.0], [120377.0, 40000.0], [120376.0, 109990.0], [120375.5, 288600.0], [120373.5, 96290.0], [120371.5, 66620.0], [120368.5, 187110.0], [120366.5, 10000.0]], "asks": [[120389.0, 107820.0], [120392.0, 39100.0], [120394.0, 60000.0], [120396.5, 28210.0], [120398.5, 51030.0], [120400.5, 6000.0], [120401.5, 44010.0], [120402.5, 500.0], [120405.5, 31500.0], [120406.0, 104680.0], [120408.0, 250.0], [120408.5, 750.0], [120409.0, 37210.0], [120410.0, 20.0], [120410.5, 20.0], [120411.0, 20.0], [120411.5, 73520.0], [120412.0, 270.0], [120413.5, 37200.0], [120414.0, 13850.0]]}}}
{"jsonrpc": "2.0", "method": "subscription", "params": {"channel": "book.BTC-PERPETUAL.none.20.100ms", "data": {"timestamp": 1759454225517, "change_id": 119688713355, "instrument_name": "BTC-PERPETUAL", "bids": [[120388.5, 329890.0], [120387.5, 50850.0], [120387.0, 30000.0], [120385.5, 72150.0], [120384.5, 45000.0], [120384.0, 11000.0], [120383.5, 22420.0], [120382.0, 61610.0], [120381.0, 15000.0], [120378.5, 500.0], [120378.0, 176480.0], [120377.0, 40000.0], [120376.0, 109990.0], [120375.5, 288600.0], [120373.5, 96290.0], [120371.5, 66620.0], [120369.5, 200.0], [120368.5, 187110.0], [120366.5, 10000.0], [120366.0, 8590.0]], "asks": [[120389.0, 259000.0], [120389.5, 46800.0], [120390.0, 6000.0], [120396.5, 4350.0], [120401.5, 14010.0], [120402.5, 500.0], [120403.0, 20.0], [120403.5, 20.0], [120404.0, 20.0], [120404.5, 20.0], [120405.0, 520.0], [120405.5, 31500.0], [120406.0, 104680.0], [120408.0, 11250.0], [120408.5, 250.0], [120409.0, 37210.0], [120411.5, 98500.0], [120412.0, 250.0], [120413.5, 37200.0], [120414.0, 13850.0]]}}}
{"jsonrpc": "2.0", "method": "subscription", "params": {"channel": "book.BTC-PERPETUAL.none.20.100ms", "data": {"timestamp": 1759454225840, "change_id": 119688714415, "instrument_name": "BTC-PERPETUAL", "bids": [[120388.5, 455290.0], [120387.5, 50850.0], [120387.0, 30000.0], [120385.5, 72150.0], [120385.0, 11000.0], [120384.5, 45000.0], [120383.5, 15600.0], [120381.0, 15000.0], [120379.0, 26000.0], [120378.0, 176480.0], [120376.5, 11000.0], [120376.0, 109990.0], [120375.5, 288600.0], [120374.5, 61610.0], [120374.0, 6030.0], [120373.5, 96290.0], [120371.5, 66620.0], [120369.5, 200.0], [120369.0, 500.0], [120368.5, 187110.0]], "asks": [[120389.0, 363650.0], [120389.5, 24610.0], [120390.0, 6000.0], [120391.0, 45000.0], [120391.5, 6030.0], [120392.5, 5000.0], [120395.0, 25000.0], [120396.0, 500.0], [120396.5, 6960.0], [120401.0, 11000.0], [120401.5, 14010.0], [120402.5, 500.0], [120403.0, 20.0], [120403.5, 20.0], [120404.0, 20.0], [120404.5, 20.0], [120405.0, 20.0], [120405.5, 31500.0], [120406.0, 104680.0], [120408.0, 250.0]]}}}
{"jsonrpc": "2.0", "method": "subscription", "params": {"channel": "book.BTC-PERPETUAL.none.20.100ms", "data": {"timestamp": 1759454226160, "change_id": 119688714740, "instrument_name": "BTC-PERPETUAL", "bids": [[120388.5, 455290.0], [120387.5, 50850.0], [120387.0, 30000.0], [120385.5, 72150.0], [120384.5, 45000.0], [120384.0, 11000.0], [120383.5, 28000.0], [120383.0, 20.0], [120382.5, 20.0], [120382.0, 20.0], [120381.5, 20.0], [120381.0, 15000.0], [120380.5, 20.0], [120380.0, 20.0], [120379.0, 84800.0], [120378.0, 176480.0], [120376.5, 11000.0], [120376.0, 109990.0], [120375.5, 288600.0], [120374.5, 61610.0]], "asks": [[120389.0, 363650.0], [120389.5, 24610.0], [120390.0, 6000.0], [120391.0, 45000.0], [120391.5, 6030.0], [120392.5, 5000.0], [120395.0, 25000.0], [120396.0, 500.0], [120396.5, 28830.0], [120401.0, 11000.0], [120401.5, 14010.0], [120402.0, 73500.0], [120402.5, 500.0], [120403.0, 20.0], [120403.5, 20.0], [120404.0, 20.0], [120404.5, 20.0], [120405.0, 20.0], [120405.5, 31500.0], [120406.0, 104680.0]]}}}
{"jsonrpc": "2.0", "method": "subscription", "params": {"channel": "book.BTC-PERPETUAL.none.20.100ms", "data": {"timestamp": 1759454226468, "change_id": 119688715157, "instrument_name": "BTC-PERPETUAL", "bids": [[120388.5, 514090.0], [120387.5, 50850.0], [120387.0, 30000.0], [120385.5, 72150.0], [120384.5, 45000.0], [120384.0, 11000.0], [120383.5, 15600.0], [120383.0, 20.0], [120382.5, 20.0], [120382.0, 20.0], [120381.5, 20.0], [120381.0, 15020.0], [120380.5, 20.0], [120380.0, 20.0], [120379.0, 26000.0], [120378.0, 114590.0], [120376.5, 11000.0], [120376.0, 13690.0], [120375.5, 288600.0], [120374.5, 61610.0]], "asks": [[120389.0, 363650.0], [120389.5, 24610.0], [120390.0, 12900.0], [120391.0, 45000.0], [120391.5, 6030.0], [120392.5, 5000.0], [120395.0, 25000.0], [120396.0, 500.0], [120396.5, 28830.0], [120399.0, 20.0], [120399.5, 20.0], [120400.0, 20.0], [120400.5, 20.0], [120401.0, 11020.0], [120401.5, 14010.0], [120402.0, 73500.0], [120402.5, 500.0], [120405.5, 31500.0], [120406.0, 104680.0], [120408.0, 250.0]]}}}
{"jsonrpc": "2.0", "method": "subscription", "params": {"channel": "book.BTC-PERPETUAL.none.20.100ms", "data": {"timestamp": 1759454226829, "change_id": 119688715886, "instrument_name": "BTC-PERPETUAL", "bids": [[120388.5, 504090.0], [120387.5, 50850.0], [120387.0, 30000.0], [120386.5, 10000.0], [120385.5, 72150.0], [120384.5, 45000.0], [120384.0, 11000.0], [120383.5, 15600.0], [120383.0, 20.0], [120382.5, 20.0], [120382.0, 20.0], [120381.5, 20.0], [120381.0, 15020.0], [120380.5, 20.0], [120379.0, 26000.0], [120378.0, 114590.0], [120376.5, 11000.0], [120376.0, 13690.0], [120375.5, 288600.0], [120374.5, 61610.0]], "asks": [[120389.0, 363650.0], [120389.5, 24610.0], [120390.0, 12900.0], [120391.0, 45000.0], [120391.5, 6030.0], [120392.5, 5000.0], [120395.0, 25000.0], [120396.5, 28830.0], [120398.5, 20.0], [120399.0, 20.0], [120399.5, 20.0], [120400.0, 20.0], [120400.5, 520.0], [120401.0, 11000.0], [120401.5, 14010.0], [120402.0, 73500.0], [120402.5, 500.0], [120405.5, 31500.0], [120406.0, 104680.0], [120408.0, 250.0]]}}}
{"jsonrpc": "2.0", "method": "subscription", "params": {"channel": "book.BTC-PERPETUAL.none.20.100ms", "data": {"timestamp": 1759454227166, "change_id": 119688716382, "instrument_name": "BTC-PERPETUAL", "bids": [[120388.5, 272880.0], [120387.5, 50850.0], [120387.0, 30000.0], [120386.5, 10000.0], [120386.0, 11000.0], [120385.5, 72150.0], [120384.5, 45000.0], [120384.0, 26000.0], [120383.5, 32170.0], [120383.0, 20.0], [120382.5, 20.0], [120382.0, 20.0], [120381.5, 11020.0], [120381.0, 15020.0], [120380.5, 20.0], [120378.5, 61610.0], [120378.0, 114590.0], [120376.0, 13690.0], [120375.5, 288600.0], [120374.5, 500.0]], "asks": [[120389.0, 213010.0], [120389.5, 16990.0], [120390.0, 6000.0], [120390.5, 47000.0], [120392.5, 5000.0], [120396.5, 28830.0], [120400.5, 500.0], [120401.5, 14010.0], [120402.0, 73500.0], [120402.5, 500.0], [120405.0, 11000.0], [120405.5, 31500.0], [120406.0, 129680.0], [120408.0, 250.0], [120408.5, 250.0], [120409.0, 43110.0], [120410.0, 83150.0], [120412.0, 250.0], [120413.5, 37200.0], [120414.0, 13850.0]]}}}
{"jsonrpc": "2.0", "method": "subscription", "params": {"channel": "book.BTC-PERPETUAL.none.20.100ms", "data": {"timestamp": 1759454227490, "change_id": 119688716852, "instrument_name": "BTC-PERPETUAL", "bids": [[120388.5, 504250.0], [120387.5, 50850.0], [120387.0, 30000.0], [120386.5, 10000.0], [120386.0, 11000.0], [120385.5, 72150.0], [120384.5, 45000.0], [120384.0, 26000.0], [120383.5, 24360.0], [120382.5, 20.0], [120382.0, 20.0], [120381.5, 11020.0], [120381.0, 15020.0], [120380.5, 20.0], [120378.5, 61610.0], [120378.0, 114590.0], [120376.0, 13690.0], [120375.5, 288600.0], [120374.0, 6030.0], [120371.5, 33950.0]], "asks": [[120389.0, 330370.0], [120389.5, 16990.0], [120390.0, 6000.0], [120390.5, 47000.0], [120392.5, 5000.0], [120396.0, 500.0], [120396.5, 28830.0], [120397.5, 25000.0], [120401.5, 14010.0], [120402.0, 73500.0], [120402.5, 500.0], [120405.0, 11000.0], [120405.5, 31500.0], [120406.0, 104680.0], [120408.0, 250.0], [120408.5, 250.0], [120409.0, 43110.0], [120410.0, 72150.0], [120412.0, 250.0], [120413.0, 11000.0]]}}}
{"jsonrpc": "2.0", "method": "subscription", "params": {"channel": "book.BTC-PERPETUAL.none.20.100ms", "data": {"timestamp": 1759454227819, "change_id": 119688717496, "instrument_name": "BTC-PERPETUAL", "bids": [[120388.5, 504240.0], [120388.0, 11000.0], [120387.5, 50850.0], [120387.0, 56000.0], [120385.5, 82150.0], [120385.0, 20.0], [120384.5, 45020.0], [120384.0, 20.0], [120383.5, 24380.0], [120383.0, 20.0], [120382.5, 20.0], [120382.0, 61630.0], [120381.5, 11020.0], [120381.0, 15000.0], [120378.0, 114590.0], [120376.0, 13690.0], [120375.5, 288600.0], [120374.5, 500.0], [120374.0, 6030.0], [120371.5, 33950.0]], "asks": [[120389.0, 348570.0], [120389.5, 16990.0], [120390.0, 6000.0], [120390.5, 47000.0], [120392.5, 5000.0], [120396.5, 28830.0], [120397.5, 25000.0], [120401.0, 500.0], [120401.5, 14030.0], [120402.0, 73520.0], [120402.5, 520.0], [120405.0, 11000.0], [120405.5, 31500.0], [120406.0, 104680.0], [120408.0, 250.0], [120408.5, 250.0], [120409.0, 43110.0], [120410.0, 72150.0], [120412.0, 250.0], [120413.0, 11000.0]]}}}
{"jsonrpc": "2.0", "method": "subscription", "params": {"channel": "book.BTC-PERPETUAL.none.20.100ms", "data": {"timestamp": 1759454228161, "change_id": 119688717823, "instrument_name": "BTC-PERPETUAL", "bids": [[120388.5, 541240.0], [120387.5, 60850.0], [120387.0, 30000.0], [120385.5, 82170.0], [120385.0, 11020.0], [120384.5, 45020.0], [120384.0, 20.0], [120383.5, 24380.0], [120383.0, 20.0], [120382.5, 20.0], [120382.0, 61610.0], [120381.0, 15000.0], [120378.0, 114590.0], [120376.0, 13690.0], [120375.5, 288600.0], [120374.5, 500.0], [120374.0, 6030.0], [120371.5, 33950.0], [120369.5, 200.0], [120366.5, 106290.0]], "asks": [[120389.0, 334560.0], [120389.5, 16990.0], [120390.0, 6000.0], [120390.5, 45000.0], [120392.5, 5000.0], [120396.0, 25000.0], [120396.5, 28830.0], [120401.0, 500.0], [120401.5, 14030.0], [120402.0, 73520.0], [120402.5, 520.0], [120403.0, 20.0], [120405.5, 31500.0], [120406.0, 104680.0], [120408.0, 250.0], [120408.5, 11250.0], [120409.0, 43110.0], [120410.0, 72150.0], [120412.0, 250.0], [120413.0, 11000.0]]}}}
{"jsonrpc": "2.0", "method": "subscription", "params": {"channel": "book.BTC-PERPETUAL.none.20.100ms", "data": {"timestamp": 1759454228493, "change_id": 119688718300, "instrument_name": "BTC-PERPETUAL", "bids": [[120388.5, 581240.0], [120387.5, 60850.0], [120387.0, 30000.0], [120385.5, 143760.0], [120385.0, 11020.0], [120384.5, 45020.0], [120384.0, 20.0], [120383.5, 4530.0], [120383.0, 20.0], [120381.0, 15000.0], [120378.0, 114590.0], [120376.0, 13690.0], [120375.5, 288600.0], [120374.5, 500.0], [120374.0, 6030.0], [120371.5, 33950.0], [120369.5, 200.0], [120366.5, 106290.0], [120366.0, 11640.0], [120365.5, 54020.0]], "asks": [[120389.0, 316360.0], [120389.5, 23000.0], [120390.0, 6000.0], [120392.0, 45000.0], [120392.5, 5000.0], [120396.0, 25000.0], [120396.5, 28830.0], [120401.0, 500.0], [120401.5, 14010.0], [120402.0, 73500.0], [120402.5, 520.0], [120403.0, 20.0], [120403.5, 20.0], [120405.5, 31500.0], [120406.0, 104680.0], [120408.0, 250.0], [120408.5, 250.0], [120409.0, 43110.0], [120409.5, 11000.0], [120410.0, 72150.0]]}}}
{"jsonrpc": "2.0", "method": "subscription", "params": {"channel": "book.BTC-PERPETUAL.none.20.100ms", "data": {"timestamp": 1759454228808, "change_id": 119688718952, "instrument_name": "BTC-PERPETUAL", "bids": [[120388.5, 581230.0], [120387.5, 60850.0], [120387.0, 30000.0], [120386.5, 10000.0], [120385.5, 72150.0], [120385.0, 11000.0], [120384.5, 45020.0], [120384.0, 61630.0], [120383.5, 4530.0], [120383.0, 20.0], [120382.5, 20.0], [120381.0, 15000.0], [120378.0, 114590.0], [120377.0, 6030.0], [120376.0, 13690.0], [120375.5, 288600.0], [120372.0, 500.0], [120371.5, 33950.0], [120369.5, 200.0], [120366.5, 106290.0]], "asks": [[120389.0, 337260.0], [120389.5, 23000.0], [120390.0, 6000.0], [120392.0, 45000.0], [120392.5, 5000.0], [120396.0, 25000.0], [120396.5, 28830.0], [120401.0, 500.0], [120401.5, 14030.0], [120402.0, 73520.0], [120402.5, 520.0], [120403.0, 20.0], [120403.5, 20.0], [120405.5, 31500.0], [120406.0, 104680.0], [120408.0, 250.0], [120408.5, 250.0], [120409.0, 43110.0], [120409.5, 11000.0], [120410.0, 72150.0]]}}}
{"jsonrpc": "2.0", "method": "subscription", "params": {"channel": "book.BTC-PERPETUAL.none.20.100ms", "data": {"timestamp": 1759454229069, "change_id": 119688719187, "instrument_name": "BTC-PERPETUAL", "bids": [[120388.5, 581230.0], [120387.5, 60850.0], [120387.0, 30000.0], [120386.5, 10000.0], [120386.0, 20.0], [120385.5, 72150.0], [120385.0, 11020.0], [120384.5, 45020.0], [120384.0, 61630.0], [120383.5, 4530.0], [120383.0, 20.0], [120382.5, 20.0], [120382.0, 20.0], [120381.0, 15000.0], [120378.0, 114590.0], [120377.0, 6030.0], [120376.0, 13690.0], [120375.5, 288600.0], [120372.0, 500.0], [120371.5, 33950.0]], "asks": [[120389.0, 337260.0], [120389.5, 23000.0], [120390.0, 6000.0], [120392.0, 45000.0], [120392.5, 5000.0], [120396.0, 25000.0], [120396.5, 28830.0], [120401.0, 500.0], [120401.5, 14030.0], [120402.0, 73520.0], [120402.5, 520.0], [120403.0, 20.0], [120403.5, 20.0], [120405.5, 31500.0], [120406.0, 104680.0], [120408.0, 250.0], [120408.5, 250.0], [120409.0, 43110.0], [120409.5, 11000.0], [120410.0, 72150.0]]}}}
{"jsonrpc": "2.0", "method": "subscription", "params": {"channel": "book.BTC-PERPETUAL.none.20.100ms", "data": {"timestamp": 1759454229465, "change_id": 119688719593, "instrument_name": "BTC-PERPETUAL", "bids": [[120388.5, 581230.0], [120387.5, 60850.0], [120387.0, 30000.0], [120386.5, 10000.0], [120385.5, 72170.0], [120385.0, 11020.0], [120384.5, 45020.0], [120384.0, 61630.0], [120383.5, 4530.0], [120383.0, 20.0], [120382.5, 20.0], [120381.0, 15000.0], [120378.0, 114590.0], [120377.0, 6030.0], [120376.0, 13690.0], [120375.5, 288600.0], [120372.0, 500.0], [120371.5, 33950.0], [120369.5, 200.0], [120366.5, 106290.0]], "asks": [[120389.0, 337260.0], [120389.5, 23000.0], [120390.0, 6000.0], [120392.0, 45000.0], [120392.5, 5000.0], [120396.0, 25000.0], [120396.5, 28830.0], [120401.0, 500.0], [120401.5, 14030.0], [120402.0, 73520.0], [120402.5, 520.0], [120403.0, 20.0], [120403.5, 20.0], [120405.5, 31500.0], [120406.0, 104680.0], [120408.0, 250.0], [120408.5, 250.0], [120409.0, 43110.0], [120409.5, 11000.0], [120410.0, 72150.0]]}}}
{"jsonrpc": "2.0", "method": "subscription", "params": {"channel": "book.BTC-PERPETUAL.none.20.100ms", "data": {"timestamp": 1759454229815, "change_id": 119688720326, "instrument_name": "BTC-PERPETUAL", "bids": [[120388.5, 528910.0], [120387.5, 50850.0], [120387.0, 30000.0], [120385.5, 82150.0], [120384.5, 45000.0], [120384.0, 11000.0], [120383.5, 22430.0], [120381.5, 75150.0], [120381.0, 15000.0], [120378.0, 114590.0], [120377.0, 6030.0], [120376.5, 200.0], [120375.5, 288600.0], [120375.0, 20.0], [120374.5, 20.0], [120374.0, 20.0], [120372.0, 500.0], [120371.5, 33950.0], [120369.0, 13540.0], [120366.5, 106290.0]], "asks": [[120389.0, 454130.0], [120389.5, 23000.0], [120390.0, 6000.0], [120392.0, 45000.0], [120392.5, 5000.0], [120396.0, 25000.0], [120396.5, 28830.0], [120400.5, 20.0], [120401.0, 520.0], [120401.5, 14030.0], [120402.0, 73500.0], [120402.5, 500.0], [120405.5, 31500.0], [120406.0, 104680.0], [120408.0, 250.0], [120408.5, 250.0], [120409.0, 43110.0], [120409.5, 11000.0], [120410.0, 72150.0], [120412.0, 250.0]]}}}
{"jsonrpc": "2.0", "method": "subscription", "params": {"channel": "book.BTC-PERPETUAL.none.20.100ms", "data": {"timestamp": 1759454230115, "change_id": 119688720635, "instrument_name": "BTC-PERPETUAL", "bids": [[120388.5, 528910.0], [120387.5, 50850.0], [120387.0, 30000.0], [120385.5, 82150.0], [120384.5, 45000.0], [120384.0, 11000.0], [120383.5, 22430.0], [120382.5, 20.0], [120381.5, 75170.0], [120381.0, 15020.0], [120380.5, 20.0], [120380.0, 20.0], [120379.5, 20.0], [120378.0, 114590.0], [120377.0, 6030.0], [120376.5, 200.0], [120375.5, 288600.0], [120375.0, 20.0], [120374.5, 20.0], [120372.0, 500.0]], "asks": [[120389.0, 401550.0], [120389.5, 23000.0], [120390.0, 6000.0], [120392.0, 45000.0], [120392.5, 5000.0], [120396.0, 25000.0], [120396.5, 28830.0], [120400.5, 20.0], [120401.0, 520.0], [120401.5, 14030.0], [120402.0, 73500.0], [120402.5, 500.0], [120405.5, 31500.0], [120406.0, 104680.0], [120408.0, 250.0], [120408.5, 11250.0], [120409.0, 43110.0], [120410.0, 72150.0], [120412.0, 250.0], [120413.5, 37200.0]]}}}
{"jsonrpc": "2.0", "method": "subscription", "params": {"channel": "book.BTC-PERPETUAL.none.20.100ms", "data": {"timestamp": 1759454230455, "change_id": 119688721002, "instrument_name": "BTC-PERPETUAL", "bids": [[120388.5, 502750.0], [120387.5, 50850.0], [120387.0, 30000.0], [120386.0, 26000.0], [120385.5, 82150.0], [120384.5, 45000.0], [120383.5, 22430.0], [120382.0, 11000.0], [120381.5, 75150.0], [120381.0, 15020.0], [120380.5, 20.0], [120380.0, 20.0], [120379.5, 20.0], [120379.0, 20.0], [120378.5, 20.0], [120378.0, 114590.0], [120377.0, 6030.0], [120376.5, 200.0], [120375.5, 288600.0], [120372.0, 500.0]], "asks": [[120389.0, 401550.0], [120389.5, 23000.0], [120390.0, 6000.0], [120392.0, 45000.0], [120392.5, 5000.0], [120396.0, 25000.0], [120396.5, 28830.0], [120400.5, 20.0], [120401.0, 520.0], [120401.5, 14030.0], [120402.0, 73500.0], [120402.5, 500.0], [120405.5, 31500.0], [120406.0, 104680.0], [120408.0, 250.0], [120408.5, 11250.0], [120409.0, 43110.0], [120410.0, 72150.0], [120412.0, 250.0], [120413.5, 37200.0]]}}}
{"jsonrpc": "2.0", "method": "subscription", "params": {"channel": "book.BTC-PERPETUAL.none.20.100ms", "data": {"timestamp": 1759454230789, "change_id": 119688721669, "instrument_name": "BTC-PERPETUAL", "bids": [[120388.5, 528750.0], [120387.5, 50850.0], [120387.0, 30000.0], [120386.0, 10000.0], [120385.5, 72150.0], [120384.5, 45000.0], [120384.0, 11000.0], [120383.5, 22430.0], [120381.5, 75170.0], [120381.0, 15020.0], [120380.5, 20.0], [120380.0, 20.0], [120379.5, 20.0], [120379.0, 20.0], [120378.5, 20.0], [120378.0, 114610.0], [120377.0, 6030.0], [120376.5, 200.0], [120375.5, 288600.0], [120372.0, 500.0]], "asks": [[120389.0, 401550.0], [120389.5, 23000.0], [120390.0, 6000.0], [120392.0, 45000.0], [120392.5, 5000.0], [120396.0, 25000.0], [120396.5, 28830.0], [120397.0, 20.0], [120397.5, 20.0], [120398.0, 20.0], [120398.5, 20.0], [120399.0, 20.0], [120401.0, 500.0], [120401.5, 14010.0], [120402.0, 73500.0], [120402.5, 69940.0], [120403.0, 231210.0], [120408.0, 250.0], [120408.5, 11250.0], [120409.0, 43110.0]]}}}
{"jsonrpc": "2.0", "method": "subscription", "params": {"channel": "book.BTC-PERPETUAL.none.20.100ms", "data": {"timestamp": 1759454231128, "change_id": 119688721967, "instrument_name": "BTC-PERPETUAL", "bids": [[120388.5, 528750.0], [120387.5, 50850.0], [120387.0, 30000.0], [120386.0, 10000.0], [120385.5, 72150.0], [120384.5, 45000.0], [120384.0, 11000.0], [120383.5, 22430.0], [120382.0, 20.0], [120381.5, 75170.0], [120381.0, 15020.0], [120380.5, 20.0], [120380.0, 20.0], [120379.5, 20.0], [120379.0, 20.0], [120378.5, 20.0], [120378.0, 114590.0], [120377.0, 6030.0], [120376.5, 200.0], [120375.5, 288600.0]], "asks": [[120389.0, 401550.0], [120389.5, 23000.0], [120390.0, 6000.0], [120392.0, 45000.0], [120392.5, 5000.0], [120396.0, 25000.0], [120396.5, 28830.0], [120397.5, 20.0], [120398.0, 20.0], [120398.5, 20.0], [120399.0, 20.0], [120401.0, 500.0], [120401.5, 14010.0], [120402.0, 73500.0], [120402.5, 69940.0], [120403.0, 231210.0], [120408.0, 250.0], [120408.5, 11250.0], [120409.0, 43110.0], [120410.0, 72150.0]]}}}
{"jsonrpc": "2.0", "method": "subscription", "params": {"channel": "book.BTC-PERPETUAL.none.20.100ms", "data": {"timestamp": 1759454231454, "change_id": 119688722328, "instrument_name": "BTC-PERPETUAL", "bids": [[120388.5, 528750.0], [120387.5, 50850.0], [120387.0, 30000.0], [120386.0, 10000.0], [120385.5, 72150.0], [120384.5, 45000.0], [120384.0, 11000.0], [120383.5, 22430.0], [120381.5, 75170.0], [120381.0, 15020.0], [120380.5, 20.0], [120380.0, 20.0], [120379.5, 20.0], [120379.0, 20.0], [120378.5, 20.0], [120378.0, 114590.0], [120377.0, 6030.0], [120376.5, 200.0], [120375.5, 288600.0], [120372.0, 500.0]], "asks": [[120389.0, 401550.0], [120389.5, 23000.0], [120390.0, 6000.0], [120392.0, 45000.0], [120392.5, 5000.0], [120396.0, 25000.0], [120396.5, 28830.0], [120397.5, 20.0], [120398.0, 20.0], [120398.5, 20.0], [120399.0, 20.0], [120401.0, 500.0], [120401.5, 14010.0], [120402.0, 73500.0], [120402.5, 69940.0], [120403.0, 231210.0], [120408.0, 250.0], [120408.5, 11250.0], [120409.0, 43110.0], [120410.0, 72150.0]]}}}
{"jsonrpc": "2.0", "method": "subscription", "params": {"channel": "book.BTC-PERPETUAL.none.20.100ms", "data": {"timestamp": 1759454231761, "change_id": 119688722933, "instrument_name": "BTC-PERPETUAL", "bids": [[120388.5, 528750.0], [120387.5, 50850.0], [120387.0, 30000.0], [120386.0, 10000.0], [120385.5, 72150.0], [120385.0, 72610.0], [120384.5, 45000.0], [120383.5, 4550.0], [120382.0, 20.0], [120381.5, 20.0], [120381.0, 15020.0], [120380.5, 20.0], [120380.0, 20.0], [120379.5, 20.0], [120379.0, 20.0], [120378.0, 114590.0], [120377.0, 6030.0], [120375.5, 288600.0], [120372.0, 500.0], [120371.5, 33950.0]], "asks": [[120389.0, 401550.0], [120389.5, 23000.0], [120390.0, 6000.0], [120392.0, 45000.0], [120392.5, 5000.0], [120396.0, 25000.0], [120396.5, 28830.0], [120397.5, 20.0], [120398.0, 20.0], [120398.5, 20.0], [120399.0, 20.0], [120399.5, 20.0], [120401.0, 500.0], [120401.5, 14010.0], [120402.0, 73500.0], [120402.5, 69940.0], [120403.0, 231210.0], [120408.0, 250.0], [120408.5, 11250.0], [120409.0, 43110.0]]}}}
{"jsonrpc": "2.0", "method": "subscription", "params": {"channel": "book.BTC-PERPETUAL.none.20.100ms", "data": {"timestamp": 1759454232128, "change_id": 119688723350, "instrument_name": "BTC-PERPETUAL", "bids": [[120388.5, 568750.0], [120387.5, 61850.0], [120387.0, 30000.0], [120386.0, 10000.0], [120385.5, 72150.0], [120385.0, 61610.0], [120384.5, 45000.0], [120384.0, 20.0], [120383.5, 4570.0], [120383.0, 20.0], [120382.5, 20.0], [120382.0, 20.0], [120381.5, 20.0], [120381.0, 15020.0], [120380.5, 20.0], [120378.0, 114590.0], [120377.0, 6030.0], [120375.5, 288600.0], [120372.0, 500.0], [120371.5, 33950.0]], "asks": [[120389.0, 388620.0], [120389.5, 15500.0], [120390.0, 6000.0], [120393.5, 45000.0], [120396.5, 28830.0], [120397.0, 25000.0], [120400.0, 20.0], [120400.5, 20.0], [120401.0, 520.0], [120401.5, 14010.0], [120402.0, 73500.0], [120402.5, 69940.0], [120403.0, 231210.0], [120408.0, 250.0], [120408.5, 250.0], [120409.0, 43110.0], [120409.5, 11000.0], [120410.0, 72150.0], [120412.0, 250.0], [120413.5, 37200.0]]}}}
{"jsonrpc": "2.0", "method": "subscription", "params": {"channel": "book.BTC-PERPETUAL.none.20.100ms", "data": {"timestamp": 1759454232380, "change_id": 119688723661, "instrument_name": "BTC-PERPETUAL", "bids": [[120388.5, 568910.0], [120387.5, 50850.0], [120387.0, 30000.0], [120386.5, 11000.0], [120386.0, 10000.0], [120385.5, 72150.0], [120385.0, 61610.0], [120384.5, 45000.0], [120383.5, 4570.0], [120383.0, 20.0], [120382.5, 20.0], [120382.0, 20.0], [120381.5, 20.0], [120381.0, 15020.0], [120380.5, 20.0], [120378.0, 114590.0], [120377.0, 6030.0], [120375.5, 288600.0], [120372.0, 500.0], [120371.5, 33950.0]], "asks": [[120389.0, 394650.0], [120389.5, 15500.0], [120390.0, 6000.0], [120392.5, 5000.0], [120393.5, 45000.0], [120396.5, 28830.0], [120397.0, 25000.0], [120400.5, 20.0], [120401.0, 520.0], [120401.5, 14010.0], [120402.0, 73500.0], [120402.5, 69940.0], [120403.0, 231210.0], [120408.0, 250.0], [120408.5, 250.0], [120409.0, 43110.0], [120409.5, 11000.0], [120410.0, 72150.0], [120412.0, 250.0], [120413.5, 37200.0]]}}}
{"jsonrpc": "2.0", "method": "subscription", "params": {"channel": "book.BTC-PERPETUAL.none.20.100ms", "data": {"timestamp": 1759454232790, "change_id": 119688724395, "instrument_name": "BTC-PERPETUAL", "bids": [[120388.5, 641520.0], [120387.5, 50850.0], [120387.0, 30000.0], [120386.0, 10000.0], [120385.5, 72150.0], [120385.0, 20.0], [120384.5, 45020.0], [120384.0, 20.0], [120383.5, 4570.0], [120383.0, 20.0], [120382.5, 20.0], [120382.0, 20.0], [120381.0, 15000.0], [120378.0, 114590.0], [120377.0, 6030.0], [120376.0, 500.0], [120375.5, 288600.0], [120371.5, 33950.0], [120369.0, 13540.0], [120366.5, 106290.0]], "asks": [[120389.0, 381110.0], [120389.5, 15500.0], [120390.0, 6000.0], [120393.5, 45000.0], [120396.5, 53830.0], [120401.0, 500.0], [120401.5, 14010.0], [120402.0, 73520.0], [120402.5, 69960.0], [120403.0, 231230.0], [120408.0, 250.0], [120408.5, 250.0], [120409.0, 43110.0], [120410.0, 72150.0], [120412.0, 250.0], [120413.0, 11000.0], [120413.5, 37200.0], [120414.0, 13850.0], [120414.5, 11930.0], [120415.5, 11000.0]]}}}
{"jsonrpc": "2.0", "method": "subscription", "params": {"channel": "book.BTC-PERPETUAL.none.20.100ms", "data": {"timestamp": 1759454233127, "change_id": 119688724908, "instrument_name": "BTC-PERPETUAL", "bids": [[120388.5, 370310.0], [120387.5, 50850.0], [120387.0, 30000.0], [120386.0, 10000.0], [120385.5, 72150.0], [120385.0, 20.0], [120384.5, 45020.0], [120384.0, 20.0], [120383.5, 4570.0], [120383.0, 6050.0], [120382.5, 20.0], [120382.0, 20.0], [120381.0, 15000.0], [120378.5, 40500.0], [120378.0, 114590.0], [120375.5, 288600.0], [120371.5, 33950.0], [120369.0, 13540.0], [120366.5, 106290.0], [120366.0, 11640.0]], "asks": [[120389.0, 261260.0], [120396.5, 34830.0], [120401.5, 14010.0], [120402.0, 73500.0], [120402.5, 69940.0], [120403.0, 231230.0], [120404.0, 20.0], [120406.0, 25000.0], [120407.0, 500.0], [120408.0, 250.0], [120408.5, 250.0], [120409.0, 43110.0], [120410.0, 72150.0], [120412.0, 250.0], [120413.5, 37200.0], [120414.0, 13850.0], [120414.5, 19360.0], [120416.0, 6030.0], [120417.0, 250.0], [120417.5, 200.0]]}}}
{"jsonrpc": "2.0", "method": "subscription", "params": {"channel": "book.BTC-PERPETUAL.none.20.100ms", "data": {"timestamp": 1759454233434, "change_id": 119688725482, "instrument_name": "BTC-PERPETUAL", "bids": [[120388.5, 528910.0], [120387.5, 50850.0], [120387.0, 30000.0], [120386.5, 82610.0], [120385.5, 72150.0], [120384.5, 45000.0], [120383.5, 23940.0], [120381.0, 15000.0], [120378.5, 40000.0], [120378.0, 114590.0], [120375.5, 288600.0], [120372.0, 500.0], [120371.5, 33950.0], [120369.0, 13540.0], [120366.5, 106290.0], [120366.0, 11640.0], [120365.5, 120890.0], [120364.5, 136300.0], [120364.0, 37360.0], [120363.5, 200.0]], "asks": [[120389.0, 375700.0], [120396.5, 28830.0], [120398.0, 500.0], [120398.5, 5000.0], [120401.5, 14010.0], [120402.0, 73500.0], [120402.5, 69960.0], [120403.0, 231230.0], [120403.5, 20.0], [120404.0, 20.0], [120404.5, 20.0], [120405.0, 25000.0], [120408.0, 250.0], [120408.5, 250.0], [120409.0, 43110.0], [120409.5, 11000.0], [120410.0, 72150.0], [120412.0, 250.0], [120413.5, 37200.0], [120414.0, 13850.0]]}}}
{"jsonrpc": "2.0", "method": "subscription", "params": {"channel": "book.BTC-PERPETUAL.none.20.100ms", "data": {"timestamp": 1759454233780, "change_id": 119688726089, "instrument_name": "BTC-PERPETUAL", "bids": [[120388.5, 528910.0], [120387.5, 50850.0], [120387.0, 30000.0], [120386.5, 11000.0], [120386.0, 10000.0], [120385.5, 72150.0], [120385.0, 61610.0], [120384.5, 45000.0], [120383.5, 23940.0], [120381.0, 15000.0], [120378.5, 40000.0], [120378.0, 114590.0], [120375.5, 288600.0], [120372.0, 500.0], [120371.5, 33950.0], [120369.0, 13540.0], [120366.5, 106290.0], [120366.0, 11640.0], [120365.5, 120890.0], [120364.5, 136300.0]], "asks": [[120389.0, 375700.0], [120396.5, 28830.0], [120398.5, 5000.0], [120401.0, 500.0], [120401.5, 14010.0], [120402.0, 73500.0], [120402.5, 69960.0], [120403.0, 231230.0], [120403.5, 20.0], [120404.0, 20.0], [120404.5, 20.0], [120405.0, 25000.0], [120408.0, 250.0], [120408.5, 250.0], [120409.0, 43110.0], [120409.5, 11000.0], [120410.0, 72150.0], [120412.0, 250.0], [120413.5, 37200.0], [120414.0, 13850.0]]}}}
{"jsonrpc": "2.0", "method": "subscription", "params": {"channel": "book.BTC-PERPETUAL.none.20.100ms", "data": {"timestamp": 1759454234101, "change_id": 119688726436, "instrument_name": "BTC-PERPETUAL", "bids": [[120388.5, 528910.0], [120387.5, 50850.0], [120387.0, 30000.0], [120386.5, 11000.0], [120386.0, 10000.0], [120385.5, 72150.0], [120385.0, 61630.0], [120384.5, 45020.0], [120384.0, 20.0], [120383.5, 23960.0], [120383.0, 20.0], [120382.5, 20.0], [120382.0, 20.0], [120381.5, 20.0], [120381.0, 15000.0], [120378.5, 40000.0], [120378.0, 114590.0], [120375.5, 288600.0], [120372.0, 500.0], [120371.5, 33950.0]], "asks": [[120389.0, 375700.0], [120396.5, 28830.0], [120398.5, 5000.0], [120401.0, 500.0], [120401.5, 14030.0], [120402.0, 73520.0], [120402.5, 69960.0], [120403.0, 231210.0], [120405.0, 25000.0], [120408.0, 250.0], [120408.5, 250.0], [120409.0, 43110.0], [120409.5, 11000.0], [120410.0, 72150.0], [120412.0, 250.0], [120413.5, 37200.0], [120414.0, 13850.0], [120414.5, 19360.0], [120415.5, 11000.0], [120416.0, 6030.0]]}}}
{"jsonrpc": "2.0", "method": "subscription", "params": {"channel": "book.BTC-PERPETUAL.none.20.100ms", "data": {"timestamp": 1759454234448, "change_id": 119688726804, "instrument_name": "BTC-PERPETUAL", "bids": [[120388.5, 528910.0], [120387.5, 50850.0], [120387.0, 30000.0], [120386.0, 10000.0], [120385.5, 83150.0], [120385.0, 61630.0], [120384.5, 45020.0], [120384.0, 20.0], [120383.5, 23960.0], [120383.0, 20.0], [120382.5, 20.0], [120382.0, 20.0], [120381.5, 20.0], [120381.0, 15000.0], [120378.5, 40000.0], [120378.0, 114590.0], [120375.5, 288600.0], [120372.0, 500.0], [120371.5, 33950.0], [120369.0, 13540.0]], "asks": [[120389.0, 375660.0], [120393.5, 7500.0], [120394.0, 25000.0], [120396.5, 28830.0], [120397.5, 5000.0], [120400.5, 20.0], [120401.0, 520.0], [120401.5, 14030.0], [120402.0, 73520.0], [120402.5, 69960.0], [120403.0, 231210.0], [120408.0, 250.0], [120408.5, 250.0], [120409.0, 43110.0], [120409.5, 11000.0], [120410.0, 72150.0], [120412.0, 250.0], [120413.5, 37200.0], [120414.0, 13850.0], [120414.5, 19360.0]]}}}
{"jsonrpc": "2.0", "method": "subscription", "params": {"channel": "book.BTC-PERPETUAL.none.20.100ms", "data": {"timestamp": 1759454234781, "change_id": 119688727374, "instrument_name": "BTC-PERPETUAL", "bids": [[120388.5, 539910.0], [120387.5, 50850.0], [120387.0, 30000.0], [120386.5, 10000.0], [120385.5, 72150.0], [120385.0, 61630.0], [120384.5, 45020.0], [120384.0, 20.0], [120383.5, 23960.0], [120383.0, 20.0], [120382.5, 20.0], [120382.0, 20.0], [120381.5, 20.0], [120381.0, 15000.0], [120378.5, 40000.0], [120378.0, 114590.0], [120376.0, 500.0], [120375.5, 288600.0], [120371.5, 33950.0], [120369.0, 13540.0]], "asks": [[120389.0, 375660.0], [120392.0, 21000.0], [120392.5, 45000.0], [120394.0, 25000.0], [120396.5, 28830.0], [120397.5, 5000.0], [120401.0, 20.0], [120401.5, 14530.0], [120402.0, 73520.0], [120402.5, 69960.0], [120403.0, 231210.0], [120408.0, 250.0], [120408.5, 250.0], [120409.0, 43110.0], [120410.0, 72150.0], [120412.0, 250.0], [120413.0, 11000.0], [120413.5, 37200.0], [120414.0, 13850.0], [120414.5, 19360.0]]}}}
{"jsonrpc": "2.0", "method": "subscription", "params": {"channel": "book.BTC-PERPETUAL.none.20.100ms", "data": {"timestamp": 1759454235111, "change_id": 119688727696, "instrument_name": "BTC-PERPETUAL", "bids": [[120388.5, 528910.0], [120387.5, 61850.0], [120387.0, 30000.0], [120386.5, 10000.0], [120385.5, 72150.0], [120385.0, 61610.0], [120384.5, 45000.0], [120384.0, 20.0], [120383.5, 23960.0], [120383.0, 20.0], [120382.5, 20.0], [120382.0, 20.0], [120381.5, 20.0], [120381.0, 15020.0], [120380.5, 20.0], [120380.0, 20.0], [120378.5, 40000.0], [120378.0, 114590.0], [120376.0, 500.0], [120375.5, 288600.0]], "asks": [[120389.0, 375660.0], [120391.0, 6000.0], [120392.0, 21000.0], [120392.5, 45000.0], [120394.0, 25000.0], [120396.5, 28830.0], [120397.5, 5000.0], [120400.0, 20.0], [120400.5, 20.0], [120401.0, 20.0], [120401.5, 14510.0], [120402.0, 73500.0], [120402.5, 69940.0], [120403.0, 231210.0], [120408.0, 250.0], [120408.5, 250.0], [120409.0, 43110.0], [120409.5, 11000.0], [120410.0, 72150.0], [120412.0, 250.0]]}}}
{"jsonrpc": "2.0", "method": "subscription", "params": {"channel": "book.BTC-PERPETUAL.none.20.100ms", "data": {"timestamp": 1759454235368, "change_id": 119688727979, "instrument_name": "BTC-PERPETUAL", "bids": [[120388.5, 528910.0], [120387.5, 50850.0], [120387.0, 30000.0], [120386.5, 10000.0], [120386.0, 11000.0], [120385.5, 72150.0], [120385.0, 61610.0], [120384.5, 45000.0], [120383.5, 23960.0], [120383.0, 20.0], [120382.5, 20.0], [120382.0, 20.0], [120381.5, 20.0], [120381.0, 15020.0], [120380.5, 20.0], [120378.5, 40000.0], [120378.0, 114590.0], [120375.5, 288600.0], [120372.0, 500.0], [120371.5, 9830.0]], "asks": [[120389.0, 375660.0], [120391.0, 6000.0], [120392.0, 21000.0], [120392.5, 70000.0], [120396.5, 28830.0], [120397.5, 5000.0], [120400.5, 20.0], [120401.0, 520.0], [120401.5, 14010.0], [120402.0, 73500.0], [120402.5, 69940.0], [120403.0, 231210.0], [120408.0, 250.0], [120408.5, 250.0], [120409.0, 43110.0], [120409.5, 11000.0], [120410.0, 72150.0], [120412.0, 250.0], [120413.5, 37200.0], [120414.0, 13850.0]]}}}
{"jsonrpc": "2.0", "method": "subscription", "params": {"channel": "book.BTC-PERPETUAL.none.20.100ms", "data": {"timestamp": 1759454235711, "change_id": 119688728529, "instrument_name": "BTC-PERPETUAL", "bids": [[120388.5, 528910.0], [120388.0, 11000.0], [120387.5, 50850.0], [120387.0, 30000.0], [120386.0, 10000.0], [120385.5, 72150.0], [120385.0, 61610.0], [120384.5, 45020.0], [120384.0, 20.0], [120383.5, 23960.0], [120383.0, 20.0], [120382.5, 20.0], [120382.0, 20.0], [120381.5, 20.0], [120381.0, 15020.0], [120378.5, 40000.0], [120378.0, 114590.0], [120375.5, 288600.0], [120372.0, 500.0], [120371.5, 63550.0]], "asks": [[120389.0, 375660.0], [120391.0, 6000.0], [120392.0, 21000.0], [120392.5, 70000.0], [120396.5, 28830.0], [120397.5, 5000.0], [120400.5, 20.0], [120401.0, 520.0], [120401.5, 14030.0], [120402.0, 73500.0], [120402.5, 69940.0], [120403.0, 231210.0], [120408.0, 250.0], [120408.5, 250.0], [120409.0, 43110.0], [120410.0, 72150.0], [120412.0, 250.0], [120413.0, 11000.0], [120413.5, 37200.0], [120414.0, 13850.0]]}}}
{"jsonrpc": "2.0", "method": "subscription", "params": {"channel": "book.BTC-PERPETUAL.none.20.100ms", "data": {"timestamp": 1759454236033, "change_id": 119688728843, "instrument_name": "BTC-PERPETUAL", "bids": [[120388.5, 528910.0], [120388.0, 11000.0], [120387.5, 50850.0], [120387.0, 30000.0], [120386.0, 10000.0], [120385.5, 72150.0], [120385.0, 61610.0], [120384.5, 45020.0], [120384.0, 20.0], [120383.5, 23960.0], [120383.0, 20.0], [120382.5, 20.0], [120382.0, 20.0], [120381.5, 20.0], [120381.0, 15020.0], [120378.5, 40000.0], [120378.0, 114590.0], [120376.0, 500.0], [120375.5, 288600.0], [120371.5, 63550.0]], "asks": [[120389.0, 375660.0], [120391.0, 6000.0], [120392.0, 21000.0], [120392.5, 70000.0], [120396.5, 28830.0], [120397.5, 5000.0], [120400.5, 20.0], [120401.0, 520.0], [120401.5, 14030.0], [120402.0, 73500.0], [120402.5, 69940.0], [120403.0, 231210.0], [120408.0, 250.0], [120408.5, 250.0], [120409.0, 43110.0], [120410.0, 72150.0], [120412.0, 250.0], [120413.0, 11000.0], [120413.5, 37200.0], [120414.0, 13850.0]]}}}
{"jsonrpc": "2.0", "method": "subscription", "params": {"channel": "book.BTC-PERPETUAL.none.20.100ms", "data": {"timestamp": 1759454236428, "change_id": 119688729231, "instrument_name": "BTC-PERPETUAL", "bids": [[120388.5, 528910.0], [120387.5, 50850.0], [120387.0, 30000.0], [120386.5, 11000.0], [120386.0, 10000.0], [120385.5, 72150.0], [120385.0, 61610.0], [120384.5, 45020.0], [120384.0, 20.0], [120383.5, 23960.0], [120383.0, 20.0], [120382.5, 20.0], [120382.0, 20.0], [120381.5, 20.0], [120381.0, 15020.0], [120378.5, 40000.0], [120378.0, 114590.0], [120376.0, 500.0], [120375.5, 288600.0], [120371.5, 63550.0]], "asks": [[120389.0, 362120.0], [120391.0, 6000.0], [120392.0, 21000.0], [120392.5, 70000.0], [120396.5, 28830.0], [120397.5, 5000.0], [120400.5, 20.0], [120401.0, 20.0], [120401.5, 14530.0], [120402.0, 73500.0], [120402.5, 69940.0], [120403.0, 231210.0], [120408.0, 250.0], [120408.5, 250.0], [120409.0, 43110.0], [120410.0, 72150.0], [120412.0, 250.0], [120413.0, 11000.0], [120413.5, 37200.0], [120414.0, 13850.0]]}}}
{"jsonrpc": "2.0", "method": "subscription", "params": {"channel": "book.BTC-PERPETUAL.none.20.100ms", "data": {"timestamp": 1759454236766, "change_id": 119688729794, "instrument_name": "BTC-PERPETUAL", "bids": [[120388.5, 601520.0], [120387.5, 50850.0], [120387.0, 30000.0], [120386.0, 10000.0], [120385.5, 72150.0], [120384.5, 45000.0], [120384.0, 20.0], [120383.5, 23960.0], [120383.0, 20.0], [120382.5, 20.0], [120382.0, 20.0], [120381.5, 20.0], [120381.0, 15020.0], [120378.5, 40000.0], [120378.0, 114590.0], [120376.0, 500.0], [120375.5, 288600.0], [120371.5, 63550.0], [120370.5, 96290.0], [120369.0, 13540.0]], "asks": [[120389.0, 362120.0], [120391.0, 6000.0], [120392.0, 21000.0], [120392.5, 70000.0], [120396.5, 28830.0], [120397.5, 5000.0], [120400.0, 20.0], [120400.5, 20.0], [120401.0, 20.0], [120401.5, 14530.0], [120402.0, 73500.0], [120402.5, 69940.0], [120403.0, 231210.0], [120408.0, 250.0], [120408.5, 250.0], [120409.0, 43110.0], [120410.0, 72150.0], [120412.0, 250.0], [120413.0, 11000.0], [120413.5, 37200.0]]}}}
{"jsonrpc": "2.0", "method": "subscription", "params": {"channel": "book.BTC-PERPETUAL.none.20.100ms", "data": {"timestamp": 1759454237045, "change_id": 119688730062, "instrument_name": "BTC-PERPETUAL", "bids": [[120388.5, 539910.0], [120387.5, 50850.0], [120387.0, 30000.0], [120386.5, 61610.0], [120386.0, 10000.0], [120385.5, 72150.0], [120385.0, 20.0], [120384.5, 45020.0], [120384.0, 20.0], [120383.5, 23960.0], [120383.0, 20.0], [120382.5, 20.0], [120382.0, 20.0], [120381.5, 20.0], [120381.0, 15000.0], [120380.0, 30.0], [120378.5, 40000.0], [120378.0, 114590.0], [120376.0, 500.0], [120375.5, 288600.0]], "asks": [[120389.0, 362120.0], [120391.0, 6000.0], [120392.0, 21000.0], [120392.5, 70000.0], [120396.5, 28830.0], [120397.5, 5000.0], [120400.5, 20.0], [120401.0, 20.0], [120401.5, 14530.0], [120402.0, 73520.0], [120402.5, 69940.0], [120403.0, 231210.0], [120408.0, 250.0], [120408.5, 250.0], [120409.0, 43110.0], [120410.0, 72150.0], [120412.0, 250.0], [120413.0, 11000.0], [120413.5, 37200.0], [120414.0, 13850.0]]}}}
{"jsonrpc": "2.0", "method": "subscription", "params": {"channel": "book.BTC-PERPETUAL.none.20.100ms", "data": {"timestamp": 1759454237408, "change_id": 119688730548, "instrument_name": "BTC-PERPETUAL", "bids": [[120388.5, 528910.0], [120387.5, 50850.0], [120387.0, 30000.0], [120386.0, 10000.0], [120385.5, 72150.0], [120384.5, 45000.0], [120384.0, 11000.0], [120383.5, 32750.0], [120381.5, 61610.0], [120381.0, 15000.0], [120380.0, 30.0], [120378.5, 40000.0], [120378.0, 114590.0], [120375.5, 288600.0], [120372.0, 500.0], [120371.5, 63550.0], [120370.5, 96290.0], [120369.0, 13540.0], [120367.0, 96290.0], [120366.5, 10000.0]], "asks": [[120389.0, 399550.0], [120389.5, 45000.0], [120391.0, 6000.0], [120391.5, 7500.0], [120392.0, 25000.0], [120396.5, 28830.0], [120397.5, 5000.0], [120400.0, 20.0], [120400.5, 20.0], [120401.0, 520.0], [120401.5, 14010.0], [120402.0, 73500.0], [120402.5, 69940.0], [120403.0, 231210.0], [120408.0, 250.0], [120408.5, 250.0], [120409.0, 43110.0], [120409.5, 11000.0], [120410.0, 72150.0], [120412.0, 250.0]]}}}
{"jsonrpc": "2.0", "method": "subscription", "params": {"channel": "book.BTC-PERPETUAL.none.20.100ms", "data": {"timestamp": 1759454237756, "change_id": 119688731132, "instrument_name": "BTC-PERPETUAL", "bids": [[120388.5, 528910.0], [120387.5, 50850.0], [120387.0, 30000.0], [120385.5, 82150.0], [120384.5, 45000.0], [120384.0, 11000.0], [120383.5, 32750.0], [120382.0, 20.0], [120381.5, 61630.0], [120381.0, 15020.0], [120380.5, 20.0], [120380.0, 50.0], [120379.5, 20.0], [120379.0, 20.0], [120378.5, 40000.0], [120378.0, 114590.0], [120376.0, 500.0], [120375.5, 288600.0], [120371.5, 63550.0], [120370.5, 96290.0]], "asks": [[120389.0, 421380.0], [120390.5, 22800.0], [120391.0, 51000.0], [120392.0, 25000.0], [120396.5, 28830.0], [120397.5, 5000.0], [120400.0, 20.0], [120400.5, 20.0], [120401.0, 520.0], [120401.5, 14010.0], [120402.0, 73500.0], [120402.5, 69940.0], [120403.0, 231210.0], [120408.0, 250.0], [120408.5, 250.0], [120409.0, 43110.0], [120409.5, 11000.0], [120410.0, 72150.0], [120412.0, 250.0], [120413.5, 37200.0]]}}}
{"jsonrpc": "2.0", "method": "subscription", "params": {"channel": "book.BTC-PERPETUAL.none.20.100ms", "data": {"timestamp": 1759454238038, "change_id": 119688731500, "instrument_name": "BTC-PERPETUAL", "bids": [[120388.5, 601520.0], [120387.5, 50850.0], [120387.0, 30000.0], [120385.5, 82150.0], [120384.5, 45000.0], [120383.5, 16550.0], [120382.0, 20.0], [120381.5, 20.0], [120381.0, 15020.0], [120380.5, 20.0], [120380.0, 50.0], [120379.5, 20.0], [120379.0, 20.0], [120378.5, 40000.0], [120378.0, 114590.0], [120376.0, 500.0], [120375.5, 288600.0], [120371.5, 63550.0], [120370.5, 96290.0], [120369.0, 13540.0]], "asks": [[120389.0, 387210.0], [120390.5, 21640.0], [120391.0, 6000.0], [120392.5, 70000.0], [120396.5, 28830.0], [120397.5, 5000.0], [120401.0, 520.0], [120401.5, 14010.0], [120402.0, 73500.0], [120402.5, 69940.0], [120403.0, 231210.0], [120408.0, 250.0], [120408.5, 250.0], [120409.0, 43110.0], [120410.0, 72150.0], [120412.0, 250.0], [120413.0, 11000.0], [120413.5, 37200.0], [120414.0, 13850.0], [120414.5, 19360.0]]}}}
{"jsonrpc": "2.0", "method": "subscription", "params": {"channel": "book.BTC-PERPETUAL.none.20.100ms", "data": {"timestamp": 1759454238402, "change_id": 119688731822, "instrument_name": "BTC-PERPETUAL", "bids": [[120388.5, 601520.0], [120387.5, 50850.0], [120387.0, 30000.0], [120385.5, 82150.0], [120385.0, 6030.0], [120384.5, 45000.0], [120383.5, 16550.0], [120382.0, 20.0], [120381.5, 20.0], [120381.0, 15020.0], [120380.5, 20.0], [120380.0, 50.0], [120379.5, 20.0], [120379.0, 20.0], [120378.5, 40000.0], [120378.0, 114590.0], [120376.0, 500.0], [120375.5, 288600.0], [120371.5, 63550.0], [120370.5, 96290.0]], "asks": [[120389.0, 387210.0], [120390.5, 21640.0], [120391.0, 6000.0], [120392.5, 70000.0], [120396.5, 28830.0], [120397.5, 5000.0], [120401.0, 520.0], [120401.5, 14010.0], [120402.0, 73500.0], [120402.5, 69940.0], [120403.0, 231210.0], [120408.0, 250.0], [120408.5, 250.0], [120409.0, 43110.0], [120410.0, 72150.0], [120412.0, 250.0], [120413.0, 11000.0], [120413.5, 37200.0], [120414.0, 13850.0], [120414.5, 19360.0]]}}}
{"jsonrpc": "2.0", "method": "subscription", "params": {"channel": "book.BTC-PERPETUAL.none.20.100ms", "data": {"timestamp": 1759454238748, "change_id": 119688732361, "instrument_name": "BTC-PERPETUAL", "bids": [[120388.5, 539910.0], [120387.5, 50850.0], [120387.0, 30000.0], [120386.0, 61610.0], [120385.5, 82150.0], [120385.0, 6030.0], [120384.5, 45000.0], [120384.0, 20.0], [120383.5, 16570.0], [120383.0, 20.0], [120382.5, 20.0], [120382.0, 20.0], [120381.5, 20.0], [120381.0, 15020.0], [120380.5, 20.0], [120380.0, 30.0], [120378.5, 40000.0], [120378.0, 114590.0], [120376.0, 500.0], [120375.5, 288600.0]], "asks": [[120389.0, 387210.0], [120390.5, 21640.0], [120391.0, 6000.0], [120392.5, 70000.0], [120396.5, 28830.0], [120397.5, 5000.0], [120400.5, 20.0], [120401.0, 520.0], [120401.5, 14030.0], [120402.0, 73520.0], [120402.5, 69940.0], [120403.0, 231210.0], [120408.0, 250.0], [120408.5, 250.0], [120409.0, 43110.0], [120410.0, 72150.0], [120412.0, 250.0], [120413.0, 11000.0], [120413.5, 37200.0], [120414.0, 13850.0]]}}}
{"jsonrpc": "2.0", "method": "subscription", "params": {"channel": "book.BTC-PERPETUAL.none.20.100ms", "data": {"timestamp": 1759454239041, "change_id": 119688732681, "instrument_name": "BTC-PERPETUAL", "bids": [[120388.5, 528910.0], [120387.5, 50850.0], [120387.0, 30000.0], [120386.5, 11000.0], [120386.0, 61610.0], [120385.5, 82150.0], [120385.0, 6030.0], [120384.5, 45000.0], [120384.0, 20.0], [120383.5, 16570.0], [120383.0, 20.0], [120382.5, 20.0], [120382.0, 20.0], [120381.5, 20.0], [120381.0, 15020.0], [120380.0, 30.0], [120378.5, 40000.0], [120378.0, 114590.0], [120376.0, 500.0], [120375.5, 288600.0]], "asks": [[120389.0, 387210.0], [120390.5, 21640.0], [120391.0, 6000.0], [120392.5, 70000.0], [120396.5, 28830.0], [120397.5, 5000.0], [120399.5, 20.0], [120400.0, 20.0], [120400.5, 20.0], [120401.0, 520.0], [120401.5, 14030.0], [120402.0, 73500.0], [120402.5, 69940.0], [120403.0, 231210.0], [120408.0, 250.0], [120408.5, 250.0], [120409.0, 43110.0], [120409.5, 11000.0], [120410.0, 72150.0], [120412.0, 250.0]]}}}
{"jsonrpc": "2.0", "method": "subscription", "params": {"channel": "book.BTC-PERPETUAL.none.20.100ms", "data": {"timestamp": 1759454239391, "change_id": 119688732994, "instrument_name": "BTC-PERPETUAL", "bids": [[120388.5, 528910.0], [120387.5, 50850.0], [120387.0, 30000.0], [120386.5, 11000.0], [120386.0, 61610.0], [120385.5, 82150.0], [120385.0, 6030.0], [120384.5, 45000.0], [120384.0, 20.0], [120383.5, 16570.0], [120383.0, 20.0], [120382.5, 20.0], [120382.0, 20.0], [120381.5, 20.0], [120381.0, 15020.0], [120380.5, 20.0], [120380.0, 30.0], [120378.5, 40000.0], [120378.0, 114590.0], [120376.0, 500.0]], "asks": [[120389.0, 387210.0], [120390.5, 21640.0], [120391.0, 6000.0], [120392.5, 70000.0], [120396.5, 28830.0], [120397.5, 5000.0], [120400.0, 20.0], [120400.5, 20.0], [120401.0, 520.0], [120401.5, 14030.0], [120402.0, 73500.0], [120402.5, 69940.0], [120403.0, 231210.0], [120408.0, 250.0], [120408.5, 250.0], [120409.0, 43110.0], [120409.5, 11000.0], [120410.0, 72150.0], [120412.0, 250.0], [120413.5, 37200.0]]}}}
{"jsonrpc": "2.0", "method": "subscription", "params": {"channel": "book.BTC-PERPETUAL.none.20.100ms", "data": {"timestamp": 1759454239731, "change_id": 119688733547, "instrument_name": "BTC-PERPETUAL", "bids": [[120388.5, 539910.0], [120387.5, 50850.0], [120387.0, 30000.0], [120386.0, 61610.0], [120385.5, 82150.0], [120385.0, 6030.0], [120384.5, 45000.0], [120384.0, 20.0], [120383.5, 16570.0], [120383.0, 20.0], [120382.5, 20.0], [120382.0, 20.0], [120381.5, 20.0], [120381.0, 15020.0], [120380.5, 20.0], [120380.0, 30.0], [120378.5, 40000.0], [120378.0, 114590.0], [120376.0, 500.0], [120375.5, 288600.0]], "asks": [[120389.0, 387210.0], [120390.5, 21640.0], [120391.0, 6000.0], [120392.5, 70000.0], [120396.5, 28830.0], [120397.5, 5000.0], [120400.0, 20.0], [120400.5, 20.0], [120401.0, 520.0], [120401.5, 14030.0], [120402.0, 73500.0], [120402.5, 69940.0], [120403.0, 231210.0], [120408.0, 250.0], [120408.5, 250.0], [120409.0, 43110.0], [120410.0, 72150.0], [120412.0, 250.0], [120413.0, 11000.0], [120413.5, 37200.0]]}}}
{"jsonrpc": "2.0", "method": "subscription", "params": {"channel": "book.BTC-PERPETUAL.none.20.100ms", "data": {"timestamp": 1759454240047, "change_id": 119688733876, "instrument_name": "BTC-PERPETUAL", "bids": [[120388.5, 528910.0], [120387.5, 50850.0], [120387.0, 30000.0], [120386.5, 11000.0], [120386.0, 61610.0], [120385.5, 82150.0], [120385.0, 6030.0], [120384.5, 45000.0], [120383.5, 16570.0], [120383.0, 20.0], [120382.5, 20.0], [120382.0, 20.0], [120381.5, 20.0], [120381.0, 15020.0], [120380.5, 20.0], [120380.0, 30.0], [120378.5, 40000.0], [120378.0, 114590.0], [120376.0, 500.0], [120375.5, 288600.0]], "asks": [[120389.0, 387210.0], [120390.5, 21640.0], [120391.0, 6000.0], [120392.5, 70000.0], [120396.5, 28830.0], [120397.5, 5000.0], [120399.5, 20.0], [120400.0, 20.0], [120400.5, 20.0], [120401.0, 520.0], [120401.5, 14030.0], [120402.0, 73500.0], [120402.5, 69940.0], [120403.0, 231210.0], [120408.0, 250.0], [120408.5, 250.0], [120409.0, 43110.0], [120410.0, 72150.0], [120412.0, 250.0], [120413.0, 11000.0]]}}}
{"jsonrpc": "2.0", "method": "subscription", "params": {"channel": "book.BTC-PERPETUAL.none.20.100ms", "data": {"timestamp": 1759454240405, "change_id": 119688734223, "instrument_name": "BTC-PERPETUAL", "bids": [[120388.5, 528910.0], [120387.5, 50850.0], [120387.0, 30000.0], [120386.5, 11000.0], [120386.0, 61610.0], [120385.5, 82150.0], [120385.0, 6030.0], [120384.5, 45000.0], [120383.5, 16570.0], [120383.0, 20.0], [120382.5, 20.0], [120382.0, 20.0], [120381.5, 20.0], [120381.0, 15020.0], [120380.5, 20.0], [120380.0, 30.0], [120378.5, 40000.0], [120378.0, 114590.0], [120376.0, 500.0], [120375.5, 288600.0]], "asks": [[120389.0, 387210.0], [120390.5, 21640.0], [120391.0, 6000.0], [120392.5, 70000.0], [120396.5, 28830.0], [120397.5, 5000.0], [120398.5, 20.0], [120399.5, 20.0], [120400.0, 20.0], [120400.5, 20.0], [120401.0, 500.0], [120401.5, 14010.0], [120402.0, 73500.0], [120402.5, 69940.0], [120403.0, 231210.0], [120408.0, 250.0], [120408.5, 250.0], [120409.0, 43110.0], [120409.5, 11000.0], [120410.0, 72150.0]]}}}
{"jsonrpc": "2.0", "method": "subscription", "params": {"channel": "book.BTC-PERPETUAL.none.20.100ms", "data": {"timestamp": 1759454240729, "change_id": 119688734785, "instrument_name": "BTC-PERPETUAL", "bids": [[120388.5, 528910.0], [120387.5, 50850.0], [120387.0, 30000.0], [120386.5, 11000.0], [120386.0, 61610.0], [120385.5, 82150.0], [120385.0, 6030.0], [120384.5, 45000.0], [120383.5, 16570.0], [120383.0, 20.0], [120382.5, 20.0], [120382.0, 20.0], [120381.5, 20.0], [120381.0, 15020.0], [120380.5, 20.0], [120380.0, 50.0], [120378.5, 40000.0], [120378.0, 114590.0], [120376.0, 500.0], [120375.5, 288600.0]], "asks": [[120389.0, 408070.0], [120389.5, 22800.0], [120390.0, 45000.0], [120391.0, 6000.0], [120392.5, 25000.0], [120396.5, 28830.0], [120397.5, 5000.0], [120398.5, 20.0], [120399.0, 20.0], [120399.5, 20.0], [120400.0, 20.0], [120400.5, 20.0], [120401.0, 500.0], [120401.5, 14010.0], [120402.0, 73500.0], [120402.5, 69940.0], [120403.0, 231210.0], [120408.0, 250.0], [120408.5, 250.0], [120409.0, 43110.0]]}}}
{"jsonrpc": "2.0", "method": "subscription", "params": {"channel": "book.BTC-PERPETUAL.none.20.100ms", "data": {"timestamp": 1759454241067, "change_id": 119688735113, "instrument_name": "BTC-PERPETUAL", "bids": [[120388.5, 528910.0], [120387.5, 50850.0], [120387.0, 30000.0], [120385.5, 93150.0], [120385.0, 6030.0], [120384.5, 45000.0], [120384.0, 61610.0], [120383.5, 16550.0], [120383.0, 20.0], [120382.5, 20.0], [120382.0, 20.0], [120381.5, 20.0], [120381.0, 15020.0], [120380.5, 20.0], [120380.0, 50.0], [120378.5, 40000.0], [120378.0, 114590.0], [120375.5, 288600.0], [120372.0, 500.0], [120371.5, 63550.0]], "asks": [[120389.0, 408070.0], [120389.5, 22800.0], [120390.0, 45000.0], [120391.0, 6000.0], [120392.5, 25000.0], [120396.5, 28830.0], [120397.5, 5000.0], [120399.0, 20.0], [120399.5, 20.0], [120400.0, 20.0], [120400.5, 20.0], [120401.0, 500.0], [120401.5, 14010.0], [120402.0, 73500.0], [120402.5, 69940.0], [120403.0, 231210.0], [120408.0, 250.0], [120408.5, 250.0], [120409.0, 43110.0], [120409.5, 11000.0]]}}}
{"jsonrpc": "2.0", "method": "subscription", "params": {"channel": "book.BTC-PERPETUAL.none.20.100ms", "data": {"timestamp": 1759454241389, "change_id": 119688735432, "instrument_name": "BTC-PERPETUAL", "bids": [[120388.5, 528910.0], [120387.5, 50850.0], [120387.0, 30000.0], [120385.5, 93150.0], [120385.0, 6030.0], [120384.5, 45000.0], [120384.0, 61610.0], [120383.5, 16550.0], [120382.5, 20.0], [120382.0, 20.0], [120381.5, 20.0], [120381.0, 15020.0], [120380.5, 20.0], [120380.0, 50.0], [120379.5, 20.0], [120379.0, 20.0], [120378.5, 40000.0], [120378.0, 114590.0], [120376.0, 500.0], [120375.5, 288600.0]], "asks": [[120389.0, 408070.0], [120389.5, 22800.0], [120390.0, 45000.0], [120391.0, 6000.0], [120392.5, 25000.0], [120396.5, 28830.0], [120397.5, 5000.0], [120398.0, 20.0], [120398.5, 20.0], [120399.0, 20.0], [120399.5, 20.0], [120400.0, 20.0], [120401.5, 14510.0], [120402.0, 73500.0], [120402.5, 69940.0], [120403.0, 231210.0], [120408.0, 250.0], [120408.5, 250.0], [120409.0, 43110.0], [120409.5, 11000.0]]}}}
{"jsonrpc": "2.0", "method": "subscription", "params": {"channel": "book.BTC-PERPETUAL.none.20.100ms", "data": {"timestamp": 1759454241716, "change_id": 119688735957, "instrument_name": "BTC-PERPETUAL", "bids": [[120388.5, 528910.0], [120387.5, 50850.0], [120387.0, 30000.0], [120385.5, 93150.0], [120385.0, 6030.0], [120384.5, 45000.0], [120384.0, 61610.0], [120383.5, 16550.0], [120382.5, 20.0], [120382.0, 20.0], [120381.5, 20.0], [120381.0, 15020.0], [120380.5, 20.0], [120380.0, 50.0], [120379.5, 20.0], [120379.0, 20.0], [120378.5, 40000.0], [120378.0, 114590.0], [120376.0, 500.0], [120375.5, 288600.0]], "asks": [[120389.0, 408070.0], [120389.5, 22800.0], [120390.0, 45000.0], [120391.0, 6000.0], [120392.5, 25000.0], [120396.5, 28830.0], [120397.5, 5000.0], [120398.0, 20.0], [120398.5, 20.0], [120399.0, 20.0], [120399.5, 20.0], [120400.0, 20.0], [120401.5, 14510.0], [120402.0, 73500.0], [120402.5, 69940.0], [120403.0, 231210.0], [120408.0, 250.0], [120408.5, 250.0], [120409.0, 43110.0], [120409.5, 11000.0]]}}}
{"jsonrpc": "2.0", "method": "subscription", "params": {"channel": "book.BTC-PERPETUAL.none.20.100ms", "data": {"timestamp": 1759454242056, "change_id": 119688736302, "instrument_name": "BTC-PERPETUAL", "bids": [[120388.5, 528910.0], [120387.5, 50850.0], [120387.0, 30000.0], [120385.5, 82150.0], [120385.0, 6030.0], [120384.5, 56000.0], [120383.5, 32970.0], [120382.0, 20.0], [120381.5, 61630.0], [120381.0, 15020.0], [120380.5, 20.0], [120380.0, 50.0], [120379.5, 20.0], [120379.0, 20.0], [120378.5, 40020.0], [120378.0, 114590.0], [120376.0, 500.0], [120375.5, 288600.0], [120371.5, 39440.0], [120370.5, 96290.0]], "asks": [[120389.0, 402040.0], [120389.5, 28830.0], [120390.0, 45000.0], [120391.0, 6000.0], [120392.5, 25000.0], [120396.5, 28830.0], [120397.0, 20.0], [120397.5, 5020.0], [120398.0, 20.0], [120398.5, 20.0], [120399.0, 20.0], [120401.0, 500.0], [120401.5, 14010.0], [120402.0, 73500.0], [120402.5, 69940.0], [120403.0, 231210.0], [120408.0, 250.0], [120408.5, 250.0], [120409.0, 43110.0], [120409.5, 11000.0]]}}}
{"jsonrpc": "2.0", "method": "subscription", "params": {"channel": "book.BTC-PERPETUAL.none.20.100ms", "data": {"timestamp": 1759454242382, "change_id": 119688736654, "instrument_name": "BTC-PERPETUAL", "bids": [[120388.5, 539910.0], [120387.5, 50850.0], [120387.0, 30000.0], [120385.5, 82150.0], [120385.0, 67640.0], [120384.5, 45000.0], [120384.0, 20.0], [120383.5, 16570.0], [120383.0, 20.0], [120382.5, 20.0], [120382.0, 20.0], [120381.5, 20.0], [120381.0, 15020.0], [120380.5, 20.0], [120380.0, 30.0], [120378.5, 40000.0], [120378.0, 114590.0], [120377.0, 71100.0], [120376.0, 500.0], [120375.5, 288600.0]], "asks": [[120389.0, 381180.0], [120389.5, 28830.0], [120390.0, 45000.0], [120391.0, 6000.0], [120392.5, 25000.0], [120396.5, 28830.0], [120397.5, 5000.0], [120400.0, 20.0], [120400.5, 20.0], [120401.0, 520.0], [120401.5, 14030.0], [120402.0, 73520.0], [120402.5, 69940.0], [120403.0, 231210.0], [120408.0, 250.0], [120408.5, 250.0], [120409.0, 43110.0], [120410.0, 72150.0], [120412.0, 250.0], [120413.0, 11000.0]]}}}
{"jsonrpc": "2.0", "method": "subscription", "params": {"channel": "book.BTC-PERPETUAL.none.20.100ms", "data": {"timestamp": 1759454242669, "change_id": 119688737149, "instrument_name": "BTC-PERPETUAL", "bids": [[120388.5, 528910.0], [120387.5, 61850.0], [120387.0, 30000.0], [120385.5, 82150.0], [120385.0, 67640.0], [120384.5, 45000.0], [120383.5, 16570.0], [120383.0, 20.0], [120382.5, 20.0], [120382.0, 20.0], [120381.5, 20.0], [120381.0, 15020.0], [120380.5, 20.0], [120380.0, 30.0], [120378.5, 40000.0], [120378.0, 114590.0], [120377.0, 71100.0], [120376.0, 500.0], [120375.5, 288600.0], [120371.5, 39440.0]], "asks": [[120389.0, 381180.0], [120389.5, 28830.0], [120390.0, 45000.0], [120391.0, 6000.0], [120392.5, 25000.0], [120396.5, 28830.0], [120397.5, 5000.0], [120399.0, 20.0], [120399.5, 20.0], [120400.0, 20.0], [120400.5, 20.0], [120401.0, 520.0], [120401.5, 14010.0], [120402.0, 73500.0], [120402.5, 69940.0], [120403.0, 231210.0], [120408.0, 250.0], [120408.5, 250.0], [120409.0, 43110.0], [120410.0, 72150.0]]}}}
{"jsonrpc": "2.0", "method": "subscription", "params": {"channel": "book.BTC-PERPETUAL.none.20.100ms", "data": {"timestamp": 1759454243046, "change_id": 119688737504, "instrument_name": "BTC-PERPETUAL", "bids": [[120388.5, 528910.0], [120387.5, 61850.0], [120387.0, 30000.0], [120385.5, 82150.0], [120385.0, 67640.0], [120384.5, 45000.0], [120384.0, 20.0], [120383.5, 16570.0], [120383.0, 20.0], [120382.5, 20.0], [120382.0, 20.0], [120381.5, 20.0], [120381.0, 15020.0], [120380.5, 20.0], [120380.0, 30.0], [120378.5, 40000.0], [120378.0, 114590.0], [120377.0, 71100.0], [120376.0, 500.0], [120375.5, 288600.0]], "asks": [[120389.0, 381180.0], [120389.5, 27670.0], [120391.0, 6000.0], [120392.0, 45000.0], [120392.5, 25000.0], [120396.5, 28830.0], [120397.5, 5000.0], [120399.5, 20.0], [120400.0, 20.0], [120400.5, 20.0], [120401.0, 520.0], [120401.5, 14010.0], [120402.0, 73500.0], [120402.5, 69940.0], [120403.0, 231210.0], [120408.0, 250.0], [120408.5, 250.0], [120409.0, 43110.0], [120410.0, 72150.0], [120412.0, 250.0]]}}}
{"jsonrpc": "2.0", "method": "subscription", "params": {"channel": "book.BTC-PERPETUAL.none.20.100ms", "data": {"timestamp": 1759454243303, "change_id": 119688737804, "instrument_name": "BTC-PERPETUAL", "bids": [[120388.5, 528910.0], [120387.5, 50850.0], [120387.0, 30000.0], [120386.0, 11000.0], [120385.5, 82150.0], [120385.0, 67640.0], [120384.5, 45000.0], [120384.0, 20.0], [120383.5, 16570.0], [120383.0, 20.0], [120382.5, 20.0], [120382.0, 20.0], [120381.5, 20.0], [120381.0, 15020.0], [120380.5, 20.0], [120380.0, 30.0], [120378.5, 40000.0], [120378.0, 114590.0], [120377.0, 71100.0], [120376.0, 500.0]], "asks": [[120389.0, 381180.0], [120389.5, 27670.0], [120391.0, 6000.0], [120392.0, 45000.0], [120392.5, 25000.0], [120396.5, 28830.0], [120397.5, 5000.0], [120399.5, 20.0], [120400.0, 20.0], [120400.5, 20.0], [120401.0, 520.0], [120401.5, 14010.0], [120402.0, 73500.0], [120402.5, 69940.0], [120403.0, 231210.0], [120408.0, 250.0], [120408.5, 250.0], [120409.0, 43110.0], [120409.5, 11000.0], [120410.0, 72150.0]]}}}
{"jsonrpc": "2.0", "method": "subscription", "params": {"channel": "book.BTC-PERPETUAL.none.20.100ms", "data": {"timestamp": 1759454243666, "change_id": 119688738318, "instrument_name": "BTC-PERPETUAL", "bids": [[120388.5, 528910.0], [120387.5, 50850.0], [120387.0, 30000.0], [120386.0, 11000.0], [120385.5, 82150.0], [120385.0, 67640.0], [120384.5, 45000.0], [120384.0, 20.0], [120383.5, 16570.0], [120383.0, 20.0], [120382.5, 20.0], [120382.0, 20.0], [120381.5, 20.0], [120381.0, 15020.0], [120380.5, 20.0], [120380.0, 30.0], [120378.5, 40000.0], [120378.0, 114590.0], [120377.0, 71100.0], [120376.0, 500.0]], "asks": [[120389.0, 381180.0], [120389.5, 27670.0], [120391.0, 6000.0], [120392.0, 45000.0], [120392.5, 25000.0], [120396.5, 28830.0], [120397.5, 5000.0], [120400.0, 20.0], [120400.5, 20.0], [120401.0, 520.0], [120401.5, 14030.0], [120402.0, 73500.0], [120402.5, 69940.0], [120403.0, 231210.0], [120408.0, 250.0], [120408.5, 250.0], [120409.0, 43110.0], [120409.5, 11000.0], [120410.0, 72150.0], [120412.0, 250.0]]}}}
{"jsonrpc": "2.0", "method": "subscription", "params": {"channel": "book.BTC-PERPETUAL.none.20.100ms", "data": {"timestamp": 1759454244038, "change_id": 119688738629, "instrument_name": "BTC-PERPETUAL", "bids": [[120388.5, 528910.0], [120387.5, 50850.0], [120387.0, 30000.0], [120386.0, 11000.0], [120385.5, 82150.0], [120385.0, 67640.0], [120384.5, 45000.0], [120384.0, 20.0], [120383.5, 16570.0], [120383.0, 20.0], [120382.5, 20.0], [120382.0, 20.0], [120381.5, 20.0], [120381.0, 15020.0], [120380.5, 20.0], [120380.0, 30.0], [120378.5, 40000.0], [120378.0, 114590.0], [120377.0, 71100.0], [120376.0, 500.0]], "asks": [[120389.0, 381180.0], [120389.5, 27670.0], [120391.0, 6000.0], [120392.0, 45000.0], [120392.5, 25000.0], [120396.5, 28830.0], [120397.5, 5000.0], [120400.5, 20.0], [120401.0, 520.0], [120401.5, 14030.0], [120402.0, 73520.0], [120402.5, 69940.0], [120403.0, 231210.0], [120408.0, 250.0], [120408.5, 250.0], [120409.0, 43110.0], [120409.5, 11000.0], [120410.0, 72150.0], [120412.0, 250.0], [120413.5, 48200.0]]}}}
{"jsonrpc": "2.0", "method": "subscription", "params": {"channel": "book.BTC-PERPETUAL.none.20.100ms", "data": {"timestamp": 1759454244356, "change_id": 119688738935, "instrument_name": "BTC-PERPETUAL", "bids": [[120388.5, 528910.0], [120387.5, 50850.0], [120387.0, 30000.0], [120386.0, 11000.0], [120385.5, 82150.0], [120385.0, 67640.0], [120384.5, 45000.0], [120384.0, 20.0], [120383.5, 16570.0], [120383.0, 20.0], [120382.5, 20.0], [120382.0, 20.0], [120381.5, 20.0], [120381.0, 15020.0], [120380.5, 20.0], [120380.0, 30.0], [120378.5, 40000.0], [120378.0, 114590.0], [120377.0, 71100.0], [120376.0, 500.0]], "asks": [[120389.0, 402040.0], [120389.5, 27670.0], [120391.0, 6000.0], [120392.0, 45000.0], [120392.5, 25000.0], [120396.5, 28830.0], [120397.5, 5000.0], [120399.0, 20.0], [120399.5, 20.0], [120400.0, 20.0], [120400.5, 20.0], [120401.0, 520.0], [120401.5, 14010.0], [120402.0, 73500.0], [120402.5, 69940.0], [120403.0, 231210.0], [120408.0, 250.0], [120408.5, 250.0], [120409.0, 43110.0], [120409.5, 11000.0]]}}}
{"jsonrpc": "2.0", "method": "subscription", "params": {"channel": "book.BTC-PERPETUAL.none.20.100ms", "data": {"timestamp": 1759454244698, "change_id": 119688739458, "instrument_name": "BTC-PERPETUAL", "bids": [[120388.5, 528910.0], [120387.5, 50850.0], [120387.0, 30000.0], [120386.0, 11000.0], [120385.5, 82150.0], [120385.0, 67640.0], [120384.5, 45000.0], [120383.5, 16550.0], [120383.0, 20.0], [120382.5, 20.0], [120382.0, 20.0], [120381.5, 20.0], [120381.0, 15020.0], [120380.5, 20.0], [120380.0, 50.0], [120378.5, 40000.0], [120378.0, 114590.0], [120377.0, 71100.0], [120376.0, 500.0], [120375.5, 288600.0]], "asks": [[120389.0, 402040.0], [120389.5, 27670.0], [120391.0, 6000.0], [120392.0, 45000.0], [120392.5, 25000.0], [120396.5, 28830.0], [120397.5, 5000.0], [120398.5, 20.0], [120399.0, 20.0], [120399.5, 20.0], [120400.0, 20.0], [120400.5, 20.0], [120401.0, 500.0], [120401.5, 14010.0], [120402.0, 73500.0], [120402.5, 69940.0], [120403.0, 231210.0], [120408.0, 250.0], [120408.5, 250.0], [120409.0, 43110.0]]}}}
{"jsonrpc": "2.0", "method": "subscription", "params": {"channel": "book.BTC-PERPETUAL.none.20.100ms", "data": {"timestamp": 1759454245011, "change_id": 119688739792, "instrument_name": "BTC-PERPETUAL", "bids": [[120388.5, 528910.0], [120387.5, 50850.0], [120387.0, 30000.0], [120386.5, 10000.0], [120386.0, 11000.0], [120385.5, 72150.0], [120385.0, 67640.0], [120384.5, 45000.0], [120383.5, 16570.0], [120383.0, 20.0], [120382.5, 20.0], [120382.0, 20.0], [120381.5, 20.0], [120381.0, 15020.0], [120380.5, 20.0], [120380.0, 50.0], [120378.5, 40000.0], [120378.0, 114590.0], [120377.0, 71100.0], [120376.0, 500.0]], "asks": [[120389.0, 402040.0], [120389.5, 27670.0], [120391.0, 6000.0], [120392.0, 45000.0], [120392.5, 25000.0], [120396.5, 28830.0], [120397.5, 5000.0], [120399.0, 20.0], [120399.5, 20.0], [120400.0, 20.0], [120400.5, 20.0], [120401.0, 500.0], [120401.5, 14010.0], [120402.0, 73500.0], [120402.5, 69940.0], [120403.0, 231210.0], [120408.0, 250.0], [120408.5, 250.0], [120409.0, 43110.0], [120409.5, 11000.0]]}}}
{"jsonrpc": "2.0", "method": "subscription", "params": {"channel": "book.BTC-PERPETUAL.none.20.100ms", "data": {"timestamp": 1759454245365, "change_id": 119688740137, "instrument_name": "BTC-PERPETUAL", "bids": [[120388.5, 448910.0], [120387.0, 30000.0], [120386.5, 10000.0], [120386.0, 11000.0], [120385.5, 72150.0], [120385.0, 61610.0], [120383.5, 4550.0], [120383.0, 20.0], [120382.5, 20.0], [120382.0, 20.0], [120381.5, 4550.0], [120381.0, 15020.0], [120380.5, 20.0], [120380.0, 50.0], [120378.0, 114590.0], [120376.0, 500.0], [120375.5, 288600.0], [120371.5, 10550.0], [120369.0, 13540.0], [120366.5, 10000.0]], "asks": [[120389.0, 383770.0], [120389.5, 27670.0], [120391.0, 6000.0], [120392.5, 25000.0], [120396.5, 28830.0], [120397.5, 5000.0], [120398.0, 20.0], [120399.0, 20.0], [120399.5, 20.0], [120400.0, 20.0], [120400.5, 20.0], [120401.0, 520.0], [120401.5, 14010.0], [120402.0, 73500.0], [120402.5, 69940.0], [120403.0, 231210.0], [120408.0, 250.0], [120408.5, 250.0], [120409.0, 43110.0], [120409.5, 11000.0]]}}}
