{"jsonrpc": "2.0", "id": 1, "result": ["book.BTC-PERPETUAL.none.20.100ms"], "usIn": 1763116155981557, "usOut": 1763116155981772, "usDiff": 215, "testnet": false}
{"jsonrpc": "2.0", "method": "subscription", "params": {"channel": "book.BTC-PERPETUAL.none.20.100ms", "data": {"timestamp": 1763116155950, "change_id": 126928250377, "instrument_name": "BTC-PERPETUAL", "bids": [[96900.0, 287630.0], [96899.5, 66000.0], [96899.0, 35370.0], [96896.5, 6000.0], [96896.0, 56000.0], [96895.5, 50000.0], [96895.0, 100.0], [96894.0, 7910.0], [96890.5, 26000.0], [96890.0, 500.0], [96887.5, 2890.0], [96885.5, 32750.0], [96885.0, 117600.0], [96884.5, 21360.0], [96884.0, 45000.0], [96882.5, 50.0], [96881.5, 15000.0], [96880.5, 26000.0], [96880.0, 500.0], [96879.5, 13120.0]], "asks": [[96900.5, 10000.0], [96904.0, 3040.0], [96910.0, 9230.0], [96910.5, 530.0], [96915.0, 4050.0], [96920.0, 13840.0], [96920.5, 26000.0], [96921.5, 23200.0], [96925.0, 5000.0], [96925.5, 19200.0], [96927.5, 30.0], [96928.0, 490.0], [96928.5, 14420.0], [96930.0, 63210.0], [96930.5, 16670.0], [96931.0, 10990.0], [96931.5, 16100.0], [96933.5, 26000.0], [96935.5, 61590.0], [96936.0, 14440.0]]}}}
{"jsonrpc": "2.0", "method": "subscription", "params": {"channel": "book.BTC-PERPETUAL.none.20.100ms", "data": {"timestamp": 1763116156116, "change_id": 126928250646, "instrument_name": "BTC-PERPETUAL", "bids": [[96900.0, 287630.0], [96899.5, 66000.0], [96899.0, 35370.0], [96896.5, 6000.0], [96896.0, 56000.0], [96895.5, 50000.0], [96895.0, 100.0], [96894.0, 7910.0], [96890.5, 26000.0], [96890.0, 500.0], [96887.5, 2890.0], [96885.5, 32750.0], [96885.0, 117600.0], [96884.5, 21360.0], [96884.0, 45000.0], [96882.5, 50.0], [96881.5, 15000.0], [96880.5, 26000.0], [96880.0, 500.0], [96879.5, 13120.0]], "asks": [[96900.5, 10000.0], [96904.0, 3040.0], [96910.0, 9230.0], [96910.5, 530.0], [96914.5, 1210.0], [96915.0, 4050.0], [96920.0, 13840.0], [96920.5, 26000.0], [96921.5, 23200.0], [96925.0, 5000.0], [96925.5, 19200.0], [96927.5, 30.0], [96928.0, 490.0], [96928.5, 14420.0], [96930.0, 52220.0], [96930.5, 27660.0], [96931.0, 10990.0], [96931.5, 16100.0], [96933.5, 26000.0], [96935.5, 61590.0]]}}}
{"jsonrpc": "2.0", "method": "subscription", "params": {"channel": "book.BTC-PERPETUAL.none.20.100ms", "data": {"timestamp": 1763116156445, "change_id": 126928251016, "instrument_name": "BTC-PERPETUAL", "bids": [[96900.0, 292840.0], [96899.5, 66000.0], [96899.0, 35370.0], [96896.5, 6000.0], [96896.0, 56000.0], [96895.5, 50000.0], [96895.0, 100.0], [96894.0, 7910.0], [96890.5, 26000.0], [96890.0, 500.0], [96887.5, 2890.0], [96885.5, 32750.0], [96885.0, 117600.0], [96884.5, 21360.0], [96884.0, 45000.0], [96882.5, 50.0], [96881.5, 15000.0], [96880.5, 26000.0], [96880.0, 500.0], [96879.5, 13120.0]], "asks": [[96900.5, 10000.0], [96904.0, 3040.0], [96910.0, 9230.0], [96910.5, 530.0], [96915.0, 1210.0], [96915.5, 4050.0], [96920.0, 13840.0], [96920.5, 26000.0], [96921.5, 23200.0], [96925.5, 19200.0], [96927.5, 30.0], [96928.0, 490.0], [96928.5, 14420.0], [96930.0, 52220.0], [96930.5, 27660.0], [96931.5, 16100.0], [96933.0, 10990.0], [96933.5, 26000.0], [96935.5, 61590.0], [96936.0, 14440.0]]}}}
{"jsonrpc": "2.0", "method": "subscription", "params": {"channel": "book.BTC-PERPETUAL.none.20.100ms", "data": {"timestamp": 1763116156778, "change_id": 126928251254, "instrument_name": "BTC-PERPETUAL", "bids": [[96900.0, 287710.0], [96899.5, 66000.0], [96899.0, 35370.0], [96896.5, 6000.0], [96896.0, 56000.0], [96895.5, 50000.0], [96895.0, 100.0], [96894.0, 7910.0], [96890.5, 26000.0], [96890.0, 500.0], [96887.5, 2890.0], [96885.5, 32750.0], [96885.0, 117600.0], [96884.5, 21360.0], [96884.0, 45000.0], [96882.5, 50.0], [96881.5, 15000.0], [96880.5, 26000.0], [96880.0, 500.0], [96879.5, 13120.0]], "asks": [[96900.5, 10000.0], [96904.0, 3040.0], [96910.0, 9230.0], [96910.5, 530.0], [96915.0, 1210.0], [96915.5, 4050.0], [96920.0, 13840.0], [96920.5, 26000.0], [96921.5, 23200.0], [96925.0, 5000.0], [96925.5, 19200.0], [96927.5, 30.0], [96928.0, 490.0], [96928.5, 14420.0], [96930.0, 52220.0], [96930.5, 27660.0], [96931.5, 16100.0], [96933.0, 10990.0], [96933.5, 26000.0], [96935.0, 23580.0]]}}}
{"jsonrpc": "2.0", "method": "subscription", "params": {"channel": "book.BTC-PERPETUAL.none.20.100ms", "data": {"timestamp": 1763116157087, "change_id": 126928251799, "instrument_name": "BTC-PERPETUAL", "bids": [[96900.0, 292940.0], [96899.5, 66000.0], [96899.0, 35370.0], [96896.5, 6000.0], [96896.0, 56000.0], [96895.5, 50000.0], [96895.0, 100.0], [96894.0, 7910.0], [96890.5, 26000.0], [96890.0, 500.0], [96887.5, 2890.0], [96885.5, 32750.0], [96885.0, 117600.0], [96884.5, 21360.0], [96884.0, 45000.0], [96882.5, 50.0], [96881.5, 15000.0], [96880.5, 26000.0], [96880.0, 500.0], [96879.5, 52350.0]], "asks": [[96900.5, 10000.0], [96903.5, 10000.0], [96904.0, 3040.0], [96910.0, 9230.0], [96910.5, 530.0], [96915.0, 1210.0], [96915.5, 4050.0], [96920.0, 13840.0], [96920.5, 26000.0], [96921.5, 23200.0], [96925.0, 5000.0], [96925.5, 19200.0], [96927.5, 30.0], [96928.0, 490.0], [96928.5, 14420.0], [96930.0, 52220.0], [96930.5, 27660.0], [96931.5, 16100.0], [96933.0, 10990.0], [96933.5, 26000.0]]}}}
{"jsonrpc": "2.0", "method": "subscription", "params": {"channel": "book.BTC-PERPETUAL.none.20.100ms", "data": {"timestamp": 1763116157439, "change_id": 126928253912, "instrument_name": "BTC-PERPETUAL", "bids": [[96927.0, 149290.0], [96921.0, 11940.0], [96920.5, 40000.0], [96918.5, 3460.0], [96918.0, 11600.0], [96911.0, 35640.0], [96910.5, 81900.0], [96910.0, 47960.0], [96908.5, 45000.0], [96905.0, 161060.0], [96903.5, 70.0], [96901.5, 20980.0], [96900.5, 26000.0], [96900.0, 34600.0], [96899.5, 14410.0], [96898.0, 14380.0], [96895.0, 18570.0], [96894.5, 7190.0], [96893.0, 14410.0], [96890.5, 26000.0]], "asks": [[96927.5, 20040.0], [96933.0, 17140.0], [96933.5, 26000.0], [96936.0, 4050.0], [96937.5, 20.0], [96940.0, 2930.0], [96947.0, 5000.0], [96947.5, 21180.0], [96948.5, 26000.0], [96949.0, 45000.0], [96952.0, 9700.0], [96952.5, 11000.0], [96953.0, 14310.0], [96953.5, 7200.0], [96954.5, 10990.0], [96958.0, 27650.0], [96958.5, 14300.0], [96959.5, 61590.0], [96960.0, 15270.0], [96962.5, 100.0]]}}}
{"jsonrpc": "2.0", "method": "subscription", "params": {"channel": "book.BTC-PERPETUAL.none.20.100ms", "data": {"timestamp": 1763116157765, "change_id": 126928254836, "instrument_name": "BTC-PERPETUAL", "bids": [[96927.0, 193010.0], [96921.0, 25980.0], [96920.5, 40000.0], [96915.5, 2960.0], [96914.5, 490.0], [96914.0, 4050.0], [96910.5, 81900.0], [96908.5, 45000.0], [96907.0, 510.0], [96903.5, 280.0], [96901.0, 61560.0], [96900.5, 26000.0], [96900.0, 500.0], [96899.5, 14410.0], [96898.0, 14380.0], [96895.0, 100.0], [96893.0, 14410.0], [96891.0, 20980.0], [96890.5, 26000.0], [96890.0, 500.0]], "asks": [[96927.5, 121970.0], [96930.5, 4050.0], [96933.5, 26000.0], [96937.5, 20.0], [96939.0, 490.0], [96941.5, 45000.0], [96943.5, 16240.0], [96947.0, 21980.0], [96947.5, 30.0], [96948.0, 25000.0], [96948.5, 26000.0], [96952.5, 61600.0], [96953.0, 14310.0], [96953.5, 7200.0], [96957.0, 4050.0], [96958.0, 5000.0], [96958.5, 14300.0], [96962.5, 100.0], [96963.0, 25990.0], [96963.5, 26000.0]]}}}
{"jsonrpc": "2.0", "method": "subscription", "params": {"channel": "book.BTC-PERPETUAL.none.20.100ms", "data": {"timestamp": 1763116158100, "change_id": 126928256490, "instrument_name": "BTC-PERPETUAL", "bids": [[96927.0, 192870.0], [96921.0, 11940.0], [96920.5, 40000.0], [96914.5, 25980.0], [96914.0, 4050.0], [96911.0, 24940.0], [96910.5, 81900.0], [96909.0, 13580.0], [96908.5, 45000.0], [96901.5, 26290.0], [96901.0, 61560.0], [96900.5, 26000.0], [96900.0, 500.0], [96899.5, 14410.0], [96899.0, 19250.0], [96898.5, 50000.0], [96898.0, 14380.0], [96895.0, 100.0], [96893.5, 18470.0], [96893.0, 14410.0]], "asks": [[96927.5, 120970.0], [96930.5, 4050.0], [96933.0, 8250.0], [96933.5, 26000.0], [96937.5, 20.0], [96941.0, 18280.0], [96941.5, 45000.0], [96943.5, 16240.0], [96945.5, 22630.0], [96946.0, 35990.0], [96946.5, 2810.0], [96947.0, 10990.0], [96947.5, 30.0], [96948.5, 26000.0], [96951.0, 2930.0], [96952.0, 24810.0], [96952.5, 61600.0], [96953.0, 14310.0], [96953.5, 7200.0], [96957.0, 4050.0]]}}}
{"jsonrpc": "2.0", "method": "subscription", "params": {"channel": "book.BTC-PERPETUAL.none.20.100ms", "data": {"timestamp": 1763116158430, "change_id": 126928256986, "instrument_name": "BTC-PERPETUAL", "bids": [[96927.0, 248770.0], [96921.5, 19700.0], [96921.0, 25980.0], [96920.5, 40000.0], [96914.5, 490.0], [96914.0, 4050.0], [96911.0, 36250.0], [96910.5, 81900.0], [96910.0, 50000.0], [96909.0, 13580.0], [96908.5, 45000.0], [96901.5, 26290.0], [96901.0, 61560.0], [96900.5, 26000.0], [96900.0, 9120.0], [96899.5, 14410.0], [96898.0, 14380.0], [96895.0, 100.0], [96893.5, 57340.0], [96893.0, 14410.0]], "asks": [[96927.5, 92770.0], [96930.0, 5000.0], [96933.0, 7760.0], [96933.5, 26000.0], [96935.0, 6930.0], [96935.5, 23200.0], [96937.5, 20.0], [96940.5, 490.0], [96941.0, 18280.0], [96941.5, 45000.0], [96943.5, 16240.0], [96945.5, 11890.0], [96946.5, 2810.0], [96947.5, 30.0], [96948.0, 10990.0], [96948.5, 26000.0], [96950.5, 10990.0], [96951.0, 2930.0], [96952.0, 24810.0], [96952.5, 10.0]]}}}
{"jsonrpc": "2.0", "method": "subscription", "params": {"channel": "book.BTC-PERPETUAL.none.20.100ms", "data": {"timestamp": 1763116158741, "change_id": 126928257384, "instrument_name": "BTC-PERPETUAL", "bids": [[96927.0, 248770.0], [96921.5, 19700.0], [96921.0, 25980.0], [96920.5, 40000.0], [96914.5, 490.0], [96914.0, 4050.0], [96911.0, 36250.0], [96910.5, 81900.0], [96910.0, 50000.0], [96909.0, 13580.0], [96908.5, 45000.0], [96901.5, 26290.0], [96901.0, 61560.0], [96900.5, 26000.0], [96900.0, 22360.0], [96899.5, 14410.0], [96898.0, 62410.0], [96895.0, 100.0], [96893.5, 18470.0], [96893.0, 14410.0]], "asks": [[96927.5, 120970.0], [96928.0, 4050.0], [96933.0, 7760.0], [96933.5, 26000.0], [96934.5, 490.0], [96937.5, 20.0], [96941.0, 18280.0], [96941.5, 45000.0], [96943.5, 16240.0], [96945.5, 11890.0], [96946.5, 2810.0], [96947.5, 30.0], [96948.0, 21980.0], [96948.5, 26000.0], [96950.5, 13300.0], [96951.0, 2930.0], [96952.5, 10.0], [96953.0, 14310.0], [96953.5, 27310.0], [96955.0, 44980.0]]}}}
{"jsonrpc": "2.0", "method": "subscription", "params": {"channel": "book.BTC-PERPETUAL.none.20.100ms", "data": {"timestamp": 1763116159091, "change_id": 126928258132, "instrument_name": "BTC-PERPETUAL", "bids": [[96927.0, 248770.0], [96924.0, 6000.0], [96921.5, 11940.0], [96920.5, 40000.0], [96914.5, 25980.0], [96914.0, 4050.0], [96911.5, 490.0], [96911.0, 36250.0], [96910.5, 81900.0], [96910.0, 50000.0], [96909.0, 13580.0], [96908.5, 45000.0], [96901.5, 26290.0], [96901.0, 61560.0], [96900.5, 26000.0], [96900.0, 9120.0], [96899.5, 14410.0], [96898.0, 14380.0], [96895.0, 100.0], [96894.0, 59230.0]], "asks": [[96927.5, 112660.0], [96928.0, 9050.0], [96933.0, 7760.0], [96933.5, 26000.0], [96937.5, 20.0], [96940.5, 490.0], [96941.0, 18280.0], [96941.5, 45000.0], [96943.5, 16240.0], [96945.5, 11890.0], [96946.5, 2810.0], [96947.0, 10990.0], [96947.5, 11020.0], [96948.5, 26000.0], [96950.5, 24750.0], [96951.0, 2930.0], [96952.5, 10.0], [96953.0, 75900.0], [96953.5, 7200.0], [96957.5, 5760.0]]}}}
{"jsonrpc": "2.0", "method": "subscription", "params": {"channel": "book.BTC-PERPETUAL.none.20.100ms", "data": {"timestamp": 1763116159406, "change_id": 126928258598, "instrument_name": "BTC-PERPETUAL", "bids": [[96927.0, 192870.0], [96925.0, 37160.0], [96924.5, 52500.0], [96924.0, 6000.0], [96921.0, 25980.0], [96920.5, 40000.0], [96914.0, 4050.0], [96911.5, 490.0], [96911.0, 36250.0], [96910.5, 81900.0], [96910.0, 50000.0], [96909.0, 13580.0], [96908.5, 45000.0], [96901.5, 26290.0], [96901.0, 61560.0], [96900.5, 26000.0], [96900.0, 9120.0], [96899.5, 14410.0], [96898.0, 14380.0], [96895.0, 100.0]], "asks": [[96927.5, 112660.0], [96928.0, 9050.0], [96933.0, 7760.0], [96933.5, 26000.0], [96937.5, 20.0], [96940.5, 490.0], [96941.0, 18280.0], [96941.5, 45000.0], [96943.5, 16240.0], [96945.5, 11890.0], [96946.5, 2810.0], [96947.5, 11020.0], [96948.0, 10990.0], [96948.5, 26000.0], [96950.5, 24750.0], [96951.0, 2930.0], [96952.5, 10.0], [96953.0, 75900.0], [96953.5, 7200.0], [96955.5, 14970.0]]}}}
{"jsonrpc": "2.0", "method": "subscription", "params": {"channel": "book.BTC-PERPETUAL.none.20.100ms", "data": {"timestamp": 1763116159751, "change_id": 126928258909, "instrument_name": "BTC-PERPETUAL", "bids": [[96927.0, 192870.0], [96925.0, 25220.0], [96924.5, 92500.0], [96924.0, 6000.0], [96914.5, 25980.0], [96914.0, 4050.0], [96911.5, 490.0], [96911.0, 36250.0], [96910.5, 81900.0], [96910.0, 50000.0], [96909.0, 13580.0], [96908.5, 45000.0], [96901.5, 26290.0], [96901.0, 102920.0], [96900.5, 26000.0], [96900.0, 28840.0], [96899.5, 14410.0], [96898.5, 69760.0], [96898.0, 14380.0], [96895.0, 100.0]], "asks": [[96927.5, 112660.0], [96928.0, 9050.0], [96933.0, 7760.0], [96933.5, 26000.0], [96937.5, 20.0], [96940.5, 490.0], [96941.0, 18280.0], [96941.5, 45000.0], [96943.5, 16240.0], [96945.5, 11890.0], [96946.5, 2810.0], [96947.5, 11020.0], [96948.0, 10990.0], [96948.5, 26000.0], [96950.5, 24750.0], [96951.0, 2930.0], [96952.5, 10.0], [96953.0, 14310.0], [96953.5, 7200.0], [96955.0, 61590.0]]}}}
{"jsonrpc": "2.0", "method": "subscription", "params": {"channel": "book.BTC-PERPETUAL.none.20.100ms", "data": {"timestamp": 1763116160069, "change_id": 126928259949, "instrument_name": "BTC-PERPETUAL", "bids": [[96927.0, 227830.0], [96926.0, 38370.0], [96924.5, 92500.0], [96924.0, 6000.0], [96920.5, 26490.0], [96920.0, 4050.0], [96915.0, 39370.0], [96914.5, 50000.0], [96910.5, 81900.0], [96909.5, 13430.0], [96908.5, 45000.0], [96902.5, 25270.0], [96902.0, 61560.0], [96900.5, 26000.0], [96900.0, 14280.0], [96899.5, 14410.0], [96898.5, 20980.0], [96898.0, 14380.0], [96895.0, 100.0], [96894.0, 25530.0]], "asks": [[96927.5, 9130.0], [96937.5, 20.0], [96938.0, 11730.0], [96938.5, 26000.0], [96939.0, 9230.0], [96940.0, 4050.0], [96941.0, 11150.0], [96942.5, 23200.0], [96943.0, 5000.0], [96943.5, 16240.0], [96945.0, 490.0], [96945.5, 27080.0], [96947.5, 30.0], [96948.5, 26000.0], [96949.5, 45000.0], [96950.5, 8110.0], [96952.5, 11000.0], [96953.5, 7200.0], [96954.0, 10990.0], [96955.5, 19440.0]]}}}
{"jsonrpc": "2.0", "method": "subscription", "params": {"channel": "book.BTC-PERPETUAL.none.20.100ms", "data": {"timestamp": 1763116160379, "change_id": 126928260497, "instrument_name": "BTC-PERPETUAL", "bids": [[96927.0, 285590.0], [96926.5, 55900.0], [96926.0, 38370.0], [96924.5, 92500.0], [96924.0, 6000.0], [96921.0, 490.0], [96920.5, 26000.0], [96920.0, 4050.0], [96915.0, 22690.0], [96914.5, 50000.0], [96910.5, 26000.0], [96909.5, 30090.0], [96909.0, 61560.0], [96908.5, 45000.0], [96900.5, 26000.0], [96900.0, 14280.0], [96899.5, 14410.0], [96898.5, 20980.0], [96898.0, 14380.0], [96895.0, 100.0]], "asks": [[96927.5, 9130.0], [96929.5, 10000.0], [96937.5, 20.0], [96938.0, 11730.0], [96938.5, 26000.0], [96939.0, 9230.0], [96940.0, 4050.0], [96941.0, 11150.0], [96942.5, 23200.0], [96943.0, 5000.0], [96943.5, 16240.0], [96945.0, 490.0], [96945.5, 27080.0], [96947.5, 30.0], [96948.5, 26000.0], [96949.5, 45000.0], [96950.5, 8110.0], [96952.5, 11000.0], [96953.5, 7200.0], [96954.5, 10990.0]]}}}
{"jsonrpc": "2.0", "method": "subscription", "params": {"channel": "book.BTC-PERPETUAL.none.20.100ms", "data": {"timestamp": 1763116160733, "change_id": 126928260950, "instrument_name": "BTC-PERPETUAL", "bids": [[96927.0, 257750.0], [96926.5, 55900.0], [96926.0, 38370.0], [96924.5, 40000.0], [96924.0, 6000.0], [96921.0, 26470.0], [96920.5, 26000.0], [96920.0, 4050.0], [96915.0, 22690.0], [96914.5, 50000.0], [96910.5, 26000.0], [96909.5, 13430.0], [96908.5, 45000.0], [96907.0, 2300.0], [96904.5, 43130.0], [96901.0, 61560.0], [96900.5, 74450.0], [96900.0, 14280.0], [96899.5, 14410.0], [96898.0, 14380.0]], "asks": [[96927.5, 21670.0], [96928.0, 10000.0], [96934.0, 1210.0], [96934.5, 4050.0], [96937.5, 20.0], [96938.0, 7760.0], [96938.5, 26000.0], [96941.0, 11150.0], [96942.0, 490.0], [96942.5, 28200.0], [96943.5, 16240.0], [96945.5, 27080.0], [96947.5, 30.0], [96948.5, 26000.0], [96949.5, 45000.0], [96950.0, 10990.0], [96950.5, 4750.0], [96952.5, 11000.0], [96953.5, 7200.0], [96955.0, 61590.0]]}}}
{"jsonrpc": "2.0", "method": "subscription", "params": {"channel": "book.BTC-PERPETUAL.none.20.100ms", "data": {"timestamp": 1763116161074, "change_id": 126928261866, "instrument_name": "BTC-PERPETUAL", "bids": [[96927.0, 139190.0], [96926.0, 20910.0], [96924.5, 40000.0], [96921.5, 10990.0], [96920.5, 26000.0], [96916.0, 7760.0], [96915.5, 25980.0], [96915.0, 8400.0], [96914.5, 4050.0], [96910.5, 26000.0], [96909.0, 14930.0], [96908.5, 50000.0], [96900.5, 26000.0], [96900.0, 500.0], [96899.5, 59410.0], [96898.5, 61560.0], [96898.0, 14380.0], [96895.0, 100.0], [96894.0, 25530.0], [96893.0, 14410.0]], "asks": [[96927.5, 137040.0], [96928.0, 10000.0], [96928.5, 1210.0], [96929.0, 4050.0], [96937.5, 510.0], [96938.0, 7760.0], [96938.5, 26000.0], [96941.0, 17810.0], [96942.0, 45000.0], [96943.5, 16240.0], [96945.0, 10990.0], [96945.5, 31010.0], [96947.5, 30.0], [96948.5, 26000.0], [96950.0, 72580.0], [96952.5, 10.0], [96953.5, 7200.0], [96956.0, 15530.0], [96957.5, 25990.0], [96958.5, 14300.0]]}}}
{"jsonrpc": "2.0", "method": "subscription", "params": {"channel": "book.BTC-PERPETUAL.none.20.100ms", "data": {"timestamp": 1763116161365, "change_id": 126928262383, "instrument_name": "BTC-PERPETUAL", "bids": [[96927.0, 216690.0], [96926.5, 27700.0], [96926.0, 11040.0], [96921.0, 10990.0], [96920.5, 26000.0], [96916.0, 7760.0], [96915.5, 26470.0], [96915.0, 34720.0], [96914.5, 4050.0], [96912.0, 45000.0], [96911.0, 50000.0], [96910.5, 26000.0], [96900.5, 26000.0], [96900.0, 500.0], [96899.5, 14410.0], [96898.0, 14380.0], [96895.0, 100.0], [96894.5, 61560.0], [96894.0, 25530.0], [96893.0, 14410.0]], "asks": [[96927.5, 126190.0], [96928.0, 10000.0], [96928.5, 1210.0], [96929.0, 4050.0], [96937.5, 510.0], [96938.0, 7760.0], [96938.5, 26000.0], [96941.0, 17810.0], [96942.0, 45000.0], [96943.0, 10990.0], [96943.5, 16240.0], [96945.5, 31010.0], [96947.5, 30.0], [96948.0, 10990.0], [96948.5, 26000.0], [96950.0, 61590.0], [96952.5, 10.0], [96953.5, 7200.0], [96955.5, 25990.0], [96956.0, 15530.0]]}}}
{"jsonrpc": "2.0", "method": "subscription", "params": {"channel": "book.BTC-PERPETUAL.none.20.100ms", "data": {"timestamp": 1763116161726, "change_id": 126928262778, "instrument_name": "BTC-PERPETUAL", "bids": [[96927.0, 227680.0], [96926.5, 27700.0], [96926.0, 24860.0], [96921.5, 490.0], [96920.5, 66000.0], [96916.0, 7760.0], [96915.5, 25980.0], [96915.0, 34720.0], [96914.5, 4050.0], [96913.0, 50000.0], [96912.0, 45000.0], [96910.5, 26000.0], [96900.5, 26000.0], [96900.0, 500.0], [96899.5, 14410.0], [96898.5, 61560.0], [96898.0, 14380.0], [96895.0, 114370.0], [96894.0, 25530.0], [96893.0, 14410.0]], "asks": [[96927.5, 110970.0], [96928.0, 10000.0], [96928.5, 1210.0], [96929.0, 4050.0], [96937.5, 20.0], [96938.0, 7760.0], [96938.5, 26000.0], [96941.0, 17810.0], [96941.5, 490.0], [96942.0, 45000.0], [96943.5, 16240.0], [96945.5, 11050.0], [96947.5, 11020.0], [96948.0, 10990.0], [96948.5, 26000.0], [96952.5, 10.0], [96953.0, 61590.0], [96953.5, 7200.0], [96956.0, 15530.0], [96958.0, 25990.0]]}}}
{"jsonrpc": "2.0", "method": "subscription", "params": {"channel": "book.BTC-PERPETUAL.none.20.100ms", "data": {"timestamp": 1763116162061, "change_id": 126928263489, "instrument_name": "BTC-PERPETUAL", "bids": [[96927.0, 227680.0], [96926.5, 27700.0], [96926.0, 24860.0], [96921.0, 26470.0], [96920.5, 66000.0], [96915.5, 14930.0], [96915.0, 72400.0], [96914.5, 4050.0], [96912.0, 45000.0], [96910.5, 26000.0], [96902.0, 61560.0], [96900.5, 26000.0], [96900.0, 500.0], [96899.5, 14410.0], [96898.0, 14380.0], [96895.5, 20980.0], [96895.0, 100.0], [96894.0, 25530.0], [96893.0, 14410.0], [96891.0, 23630.0]], "asks": [[96927.5, 25060.0], [96929.0, 4050.0], [96936.0, 14690.0], [96936.5, 23200.0], [96937.5, 20.0], [96938.5, 26000.0], [96940.5, 5000.0], [96941.0, 4850.0], [96943.5, 16240.0], [96945.5, 20210.0], [96947.0, 490.0], [96947.5, 30.0], [96948.5, 26000.0], [96950.0, 45000.0], [96952.0, 10990.0], [96952.5, 11000.0], [96953.5, 7200.0], [96955.5, 61590.0], [96958.5, 14300.0], [96960.5, 11450.0]]}}}
{"jsonrpc": "2.0", "method": "subscription", "params": {"channel": "book.BTC-PERPETUAL.none.20.100ms", "data": {"timestamp": 1763116162384, "change_id": 126928264041, "instrument_name": "BTC-PERPETUAL", "bids": [[96927.0, 253660.0], [96926.5, 55900.0], [96926.0, 32400.0], [96921.5, 490.0], [96920.5, 66000.0], [96920.0, 4050.0], [96915.5, 14930.0], [96915.0, 72400.0], [96912.0, 45000.0], [96910.5, 26000.0], [96902.0, 61560.0], [96900.5, 26000.0], [96900.0, 21480.0], [96899.5, 14410.0], [96898.0, 129460.0], [96895.0, 100.0], [96894.0, 25530.0], [96893.0, 14410.0], [96891.0, 23630.0], [96890.5, 26000.0]], "asks": [[96927.5, 15830.0], [96934.0, 4050.0], [96935.5, 9230.0], [96936.0, 14690.0], [96936.5, 23200.0], [96937.5, 20.0], [96938.5, 26000.0], [96940.5, 5000.0], [96941.0, 4850.0], [96943.5, 16240.0], [96945.0, 490.0], [96945.5, 7770.0], [96947.5, 30.0], [96948.5, 26000.0], [96952.0, 18170.0], [96952.5, 56000.0], [96953.0, 10990.0], [96953.5, 7200.0], [96958.5, 14300.0], [96960.0, 61590.0]]}}}
{"jsonrpc": "2.0", "method": "subscription", "params": {"channel": "book.BTC-PERPETUAL.none.20.100ms", "data": {"timestamp": 1763116162725, "change_id": 126928264385, "instrument_name": "BTC-PERPETUAL", "bids": [[96927.0, 227680.0], [96926.5, 55900.0], [96926.0, 32400.0], [96921.0, 26470.0], [96920.5, 66000.0], [96920.0, 4050.0], [96915.5, 14930.0], [96915.0, 72400.0], [96912.0, 45000.0], [96910.5, 26000.0], [96905.5, 4480.0], [96905.0, 15000.0], [96902.0, 61560.0], [96900.5, 26000.0], [96900.0, 500.0], [96899.5, 14410.0], [96899.0, 15000.0], [96898.0, 14380.0], [96895.0, 100.0], [96894.5, 20980.0]], "asks": [[96927.5, 15830.0], [96933.5, 1210.0], [96934.0, 4050.0], [96935.5, 9230.0], [96936.0, 14690.0], [96936.5, 23200.0], [96937.5, 20.0], [96938.5, 26000.0], [96940.5, 5000.0], [96941.0, 4850.0], [96943.0, 490.0], [96943.5, 16240.0], [96945.5, 7770.0], [96947.5, 30.0], [96948.5, 26000.0], [96952.0, 18170.0], [96952.5, 56000.0], [96953.0, 10990.0], [96953.5, 7200.0], [96958.5, 14300.0]]}}}
{"jsonrpc": "2.0", "method": "subscription", "params": {"channel": "book.BTC-PERPETUAL.none.20.100ms", "data": {"timestamp": 1763116163034, "change_id": 126928264920, "instrument_name": "BTC-PERPETUAL", "bids": [[96927.0, 227380.0], [96926.5, 55900.0], [96926.0, 32400.0], [96921.5, 490.0], [96921.0, 25980.0], [96920.5, 66000.0], [96920.0, 4050.0], [96915.5, 14930.0], [96915.0, 72400.0], [96912.0, 45000.0], [96910.5, 26000.0], [96906.5, 4480.0], [96905.0, 15000.0], [96904.5, 61560.0], [96904.0, 63850.0], [96901.0, 69760.0], [96900.5, 26000.0], [96900.0, 13600.0], [96899.5, 14410.0], [96899.0, 15000.0]], "asks": [[96927.5, 25060.0], [96933.5, 1210.0], [96934.0, 4050.0], [96936.0, 14690.0], [96936.5, 23200.0], [96937.5, 20.0], [96938.5, 26000.0], [96940.5, 5000.0], [96941.0, 4850.0], [96943.5, 16240.0], [96945.0, 490.0], [96945.5, 7770.0], [96947.5, 30.0], [96948.5, 26000.0], [96952.0, 18170.0], [96952.5, 56000.0], [96953.0, 10990.0], [96953.5, 7200.0], [96958.5, 14300.0], [96959.5, 18380.0]]}}}
{"jsonrpc": "2.0", "method": "subscription", "params": {"channel": "book.BTC-PERPETUAL.none.20.100ms", "data": {"timestamp": 1763116163342, "change_id": 126928265346, "instrument_name": "BTC-PERPETUAL", "bids": [[96927.0, 227380.0], [96926.5, 55900.0], [96926.0, 32400.0], [96921.5, 490.0], [96921.0, 25980.0], [96920.5, 66000.0], [96920.0, 4050.0], [96915.5, 14930.0], [96915.0, 72400.0], [96912.0, 45000.0], [96910.5, 26000.0], [96906.5, 4480.0], [96905.0, 15000.0], [96904.5, 61560.0], [96904.0, 63850.0], [96901.0, 69760.0], [96900.5, 26000.0], [96900.0, 34580.0], [96899.5, 14410.0], [96899.0, 15000.0]], "asks": [[96927.5, 8830.0], [96933.0, 9230.0], [96933.5, 1210.0], [96934.0, 4050.0], [96936.0, 14690.0], [96936.5, 23200.0], [96937.5, 20.0], [96938.5, 26000.0], [96941.0, 4850.0], [96941.5, 5000.0], [96943.5, 16240.0], [96945.5, 7770.0], [96947.5, 30.0], [96948.0, 490.0], [96948.5, 26000.0], [96952.0, 18170.0], [96952.5, 56000.0], [96953.0, 10990.0], [96953.5, 7200.0], [96958.5, 14300.0]]}}}
{"jsonrpc": "2.0", "method": "subscription", "params": {"channel": "book.BTC-PERPETUAL.none.20.100ms", "data": {"timestamp": 1763116163713, "change_id": 126928265687, "instrument_name": "BTC-PERPETUAL", "bids": [[96927.0, 227380.0], [96926.5, 27700.0], [96926.0, 32400.0], [96921.5, 490.0], [96921.0, 25980.0], [96920.5, 66000.0], [96920.0, 4050.0], [96915.5, 14930.0], [96915.0, 72400.0], [96912.0, 45000.0], [96910.5, 26000.0], [96906.5, 4480.0], [96905.0, 15000.0], [96904.5, 61560.0], [96904.0, 63850.0], [96901.0, 69760.0], [96900.5, 26000.0], [96900.0, 13600.0], [96899.5, 14410.0], [96899.0, 15000.0]], "asks": [[96927.5, 30470.0], [96933.5, 1210.0], [96934.0, 4050.0], [96936.0, 14690.0], [96936.5, 23200.0], [96937.5, 20.0], [96938.5, 26000.0], [96940.5, 5000.0], [96941.0, 4850.0], [96943.5, 16240.0], [96945.0, 490.0], [96945.5, 7770.0], [96947.5, 30.0], [96948.5, 26000.0], [96951.5, 10990.0], [96952.0, 18170.0], [96952.5, 56000.0], [96953.5, 7200.0], [96958.0, 61590.0], [96958.5, 14300.0]]}}}
{"jsonrpc": "2.0", "method": "subscription", "params": {"channel": "book.BTC-PERPETUAL.none.20.100ms", "data": {"timestamp": 1763116164053, "change_id": 126928266220, "instrument_name": "BTC-PERPETUAL", "bids": [[96927.0, 227380.0], [96926.5, 27700.0], [96926.0, 32400.0], [96921.5, 490.0], [96921.0, 25980.0], [96920.5, 66000.0], [96920.0, 4050.0], [96915.5, 14930.0], [96915.0, 72400.0], [96912.0, 45000.0], [96910.5, 26000.0], [96905.0, 66170.0], [96904.5, 61560.0], [96904.0, 63850.0], [96901.0, 69760.0], [96900.5, 26000.0], [96900.0, 13600.0], [96899.5, 14410.0], [96899.0, 15000.0], [96898.0, 14380.0]], "asks": [[96927.5, 28070.0], [96933.5, 1210.0], [96936.0, 14690.0], [96936.5, 23200.0], [96937.5, 20.0], [96938.5, 26000.0], [96940.5, 5000.0], [96941.0, 4850.0], [96943.5, 16240.0], [96945.0, 490.0], [96945.5, 7770.0], [96947.5, 30.0], [96948.5, 26000.0], [96951.5, 10990.0], [96952.0, 18170.0], [96952.5, 56000.0], [96953.5, 7200.0], [96958.0, 61590.0], [96958.5, 14300.0], [96960.0, 25990.0]]}}}
{"jsonrpc": "2.0", "method": "subscription", "params": {"channel": "book.BTC-PERPETUAL.none.20.100ms", "data": {"timestamp": 1763116164375, "change_id": 126928266581, "instrument_name": "BTC-PERPETUAL", "bids": [[96927.0, 227380.0], [96926.5, 55900.0], [96926.0, 32400.0], [96921.5, 490.0], [96921.0, 25980.0], [96920.5, 66000.0], [96920.0, 4050.0], [96915.5, 14930.0], [96915.0, 72400.0], [96912.0, 45000.0], [96910.5, 26000.0], [96905.0, 66170.0], [96904.5, 76560.0], [96904.0, 63850.0], [96901.0, 69760.0], [96900.5, 26000.0], [96900.0, 13600.0], [96899.5, 14410.0], [96899.0, 15000.0], [96898.0, 14380.0]], "asks": [[96927.5, 18840.0], [96929.5, 10000.0], [96931.0, 9230.0], [96931.5, 4050.0], [96936.0, 14690.0], [96936.5, 23200.0], [96937.5, 20.0], [96938.0, 5000.0], [96938.5, 26000.0], [96941.0, 4850.0], [96943.5, 16240.0], [96945.0, 490.0], [96945.5, 7770.0], [96947.5, 30.0], [96948.5, 26000.0], [96951.0, 10990.0], [96951.5, 10990.0], [96952.0, 18170.0], [96952.5, 45010.0], [96953.5, 7200.0]]}}}
{"jsonrpc": "2.0", "method": "subscription", "params": {"channel": "book.BTC-PERPETUAL.none.20.100ms", "data": {"timestamp": 1763116164713, "change_id": 126928266860, "instrument_name": "BTC-PERPETUAL", "bids": [[96927.0, 227380.0], [96926.5, 55900.0], [96926.0, 32400.0], [96921.5, 490.0], [96921.0, 25980.0], [96920.5, 66000.0], [96920.0, 4050.0], [96915.5, 14930.0], [96915.0, 72400.0], [96912.0, 45000.0], [96910.5, 26000.0], [96905.0, 66170.0], [96904.5, 76560.0], [96904.0, 63850.0], [96901.0, 69760.0], [96900.5, 26000.0], [96900.0, 34580.0], [96899.5, 14410.0], [96899.0, 15000.0], [96898.0, 14380.0]], "asks": [[96927.5, 8830.0], [96931.0, 9230.0], [96931.5, 4050.0], [96936.0, 14690.0], [96936.5, 23200.0], [96937.5, 20.0], [96938.5, 26000.0], [96941.0, 4850.0], [96943.0, 5000.0], [96943.5, 16240.0], [96945.0, 490.0], [96945.5, 7770.0], [96947.5, 30.0], [96948.5, 26000.0], [96951.0, 10990.0], [96951.5, 10990.0], [96952.0, 18170.0], [96952.5, 45010.0], [96953.5, 7200.0], [96958.0, 61590.0]]}}}
{"jsonrpc": "2.0", "method": "subscription", "params": {"channel": "book.BTC-PERPETUAL.none.20.100ms", "data": {"timestamp": 1763116165045, "change_id": 126928267433, "instrument_name": "BTC-PERPETUAL", "bids": [[96927.0, 253360.0], [96926.5, 56390.0], [96926.0, 25760.0], [96924.5, 40000.0], [96920.5, 26000.0], [96920.0, 4050.0], [96915.5, 14930.0], [96915.0, 72400.0], [96912.0, 45000.0], [96910.5, 26000.0], [96905.0, 66170.0], [96904.5, 76560.0], [96904.0, 63850.0], [96901.0, 69760.0], [96900.5, 26000.0], [96900.0, 66880.0], [96899.5, 14410.0], [96899.0, 15000.0], [96898.0, 14380.0], [96897.0, 113800.0]], "asks": [[96927.5, 8830.0], [96931.0, 9230.0], [96931.5, 4050.0], [96936.0, 14690.0], [96936.5, 23200.0], [96938.5, 26000.0], [96941.0, 4850.0], [96943.0, 5000.0], [96943.5, 16240.0], [96945.5, 7770.0], [96948.0, 490.0], [96948.5, 26000.0], [96952.0, 18170.0], [96952.5, 45010.0], [96953.0, 10990.0], [96953.5, 7200.0], [96957.0, 10990.0], [96957.5, 22650.0], [96958.5, 14300.0], [96960.0, 61590.0]]}}}
{"jsonrpc": "2.0", "method": "subscription", "params": {"channel": "book.BTC-PERPETUAL.none.20.100ms", "data": {"timestamp": 1763116165372, "change_id": 126928267817, "instrument_name": "BTC-PERPETUAL", "bids": [[96927.0, 197460.0], [96926.5, 55900.0], [96926.0, 25760.0], [96925.0, 20990.0], [96924.5, 40000.0], [96920.5, 30050.0], [96915.5, 14930.0], [96915.0, 72400.0], [96912.0, 45000.0], [96910.5, 26000.0], [96904.5, 76560.0], [96900.5, 26000.0], [96900.0, 34580.0], [96899.5, 14410.0], [96899.0, 15000.0], [96898.0, 14380.0], [96895.0, 100.0], [96894.0, 25530.0], [96893.0, 14410.0], [96891.0, 23630.0]], "asks": [[96927.5, 8830.0], [96931.0, 9230.0], [96931.5, 4050.0], [96936.0, 14690.0], [96936.5, 23200.0], [96938.5, 26000.0], [96941.0, 4850.0], [96943.0, 5000.0], [96943.5, 16240.0], [96945.5, 7770.0], [96948.0, 490.0], [96948.5, 26000.0], [96952.0, 18170.0], [96952.5, 45010.0], [96953.0, 10990.0], [96953.5, 7200.0], [96957.0, 10990.0], [96958.5, 14300.0], [96960.0, 61590.0], [96960.5, 11450.0]]}}}
{"jsonrpc": "2.0", "method": "subscription", "params": {"channel": "book.BTC-PERPETUAL.none.20.100ms", "data": {"timestamp": 1763116165707, "change_id": 126928268882, "instrument_name": "BTC-PERPETUAL", "bids": [[96936.5, 283620.0], [96933.5, 12990.0], [96933.0, 4050.0], [96932.0, 40000.0], [96927.5, 108130.0], [96927.0, 57130.0], [96926.5, 55900.0], [96925.0, 53720.0], [96924.5, 45000.0], [96924.0, 50000.0], [96920.5, 26000.0], [96919.5, 18380.0], [96916.0, 61560.0], [96915.0, 7760.0], [96910.5, 26000.0], [96910.0, 20730.0], [96909.5, 20980.0], [96909.0, 14410.0], [96908.5, 48460.0], [96907.5, 7170.0]], "asks": [[96937.0, 10000.0], [96942.5, 13280.0], [96945.5, 7770.0], [96948.5, 26000.0], [96952.5, 10.0], [96956.5, 6930.0], [96957.0, 23200.0], [96957.5, 500.0], [96960.0, 5000.0], [96960.5, 26650.0], [96961.0, 45000.0], [96963.0, 21980.0], [96963.5, 26000.0], [96966.5, 7950.0], [96967.0, 14300.0], [96967.5, 16360.0], [96968.5, 61590.0], [96973.5, 14310.0], [96974.5, 25990.0], [96978.5, 40300.0]]}}}
{"jsonrpc": "2.0", "method": "subscription", "params": {"channel": "book.BTC-PERPETUAL.none.20.100ms", "data": {"timestamp": 1763116166036, "change_id": 126928269776, "instrument_name": "BTC-PERPETUAL", "bids": [[96936.5, 331580.0], [96933.5, 13150.0], [96933.0, 4050.0], [96932.5, 490.0], [96932.0, 40000.0], [96928.0, 43060.0], [96927.5, 55900.0], [96927.0, 16360.0], [96926.5, 55900.0], [96925.0, 70750.0], [96924.5, 45000.0], [96924.0, 50000.0], [96920.5, 26000.0], [96920.0, 61560.0], [96915.0, 44030.0], [96913.5, 62640.0], [96910.5, 95770.0], [96910.0, 20730.0], [96909.5, 20980.0], [96909.0, 14410.0]], "asks": [[96937.0, 10000.0], [96942.0, 9230.0], [96942.5, 4050.0], [96945.5, 7770.0], [96948.5, 26000.0], [96952.5, 10.0], [96956.0, 500.0], [96956.5, 6930.0], [96957.0, 23200.0], [96960.0, 5000.0], [96960.5, 26650.0], [96961.0, 45000.0], [96963.0, 10990.0], [96963.5, 26000.0], [96966.0, 10990.0], [96966.5, 7950.0], [96967.0, 14300.0], [96967.5, 16360.0], [96971.0, 22660.0], [96973.0, 61590.0]]}}}
{"jsonrpc": "2.0", "method": "subscription", "params": {"channel": "book.BTC-PERPETUAL.none.20.100ms", "data": {"timestamp": 1763116166354, "change_id": 126928270338, "instrument_name": "BTC-PERPETUAL", "bids": [[96936.5, 331580.0], [96933.5, 28150.0], [96933.0, 4050.0], [96932.5, 55900.0], [96932.0, 40000.0], [96928.0, 19280.0], [96927.5, 56390.0], [96927.0, 8680.0], [96925.0, 36120.0], [96924.5, 45000.0], [96924.0, 50000.0], [96920.5, 26000.0], [96916.0, 18380.0], [96915.5, 61560.0], [96915.0, 7760.0], [96910.5, 26000.0], [96910.0, 20730.0], [96909.5, 20980.0], [96909.0, 14410.0], [96908.5, 162720.0]], "asks": [[96937.0, 10000.0], [96942.0, 9230.0], [96942.5, 4050.0], [96948.0, 15180.0], [96948.5, 26000.0], [96949.5, 23200.0], [96952.5, 10.0], [96956.5, 1490.0], [96960.0, 5000.0], [96960.5, 26650.0], [96961.0, 45000.0], [96961.5, 10990.0], [96962.0, 2810.0], [96963.0, 10990.0], [96963.5, 26000.0], [96966.5, 7950.0], [96967.0, 14300.0], [96967.5, 16360.0], [96971.0, 22660.0], [96972.5, 2930.0]]}}}
{"jsonrpc": "2.0", "method": "subscription", "params": {"channel": "book.BTC-PERPETUAL.none.20.100ms", "data": {"timestamp": 1763116166680, "change_id": 126928270711, "instrument_name": "BTC-PERPETUAL", "bids": [[96936.5, 331580.0], [96933.5, 28150.0], [96933.0, 4050.0], [96932.5, 55900.0], [96932.0, 40000.0], [96928.5, 490.0], [96928.0, 19280.0], [96927.5, 55900.0], [96927.0, 8680.0], [96925.0, 36120.0], [96924.5, 45000.0], [96924.0, 50000.0], [96920.5, 26000.0], [96916.0, 18380.0], [96915.5, 61560.0], [96915.0, 45890.0], [96913.5, 69770.0], [96910.5, 95770.0], [96910.0, 20730.0], [96909.5, 35980.0]], "asks": [[96937.0, 10000.0], [96942.0, 9230.0], [96942.5, 4050.0], [96948.0, 14690.0], [96948.5, 26000.0], [96949.0, 5490.0], [96949.5, 23200.0], [96952.5, 10.0], [96960.5, 26650.0], [96961.0, 45000.0], [96962.0, 2810.0], [96962.5, 10990.0], [96963.5, 26000.0], [96966.0, 10990.0], [96966.5, 7950.0], [96967.0, 14300.0], [96967.5, 16360.0], [96972.0, 61590.0], [96972.5, 2930.0], [96973.5, 14310.0]]}}}
{"jsonrpc": "2.0", "method": "subscription", "params": {"channel": "book.BTC-PERPETUAL.none.20.100ms", "data": {"timestamp": 1763116167028, "change_id": 126928271681, "instrument_name": "BTC-PERPETUAL", "bids": [[96936.5, 334340.0], [96934.0, 490.0], [96933.5, 88920.0], [96933.0, 4050.0], [96932.5, 55900.0], [96931.0, 50000.0], [96930.5, 26000.0], [96928.0, 19280.0], [96927.5, 55900.0], [96927.0, 8680.0], [96925.0, 37090.0], [96924.5, 45000.0], [96921.0, 61560.0], [96920.5, 26000.0], [96915.0, 26700.0], [96914.5, 15000.0], [96913.5, 48460.0], [96911.0, 20980.0], [96910.5, 26000.0], [96909.0, 14410.0]], "asks": [[96937.0, 10000.0], [96947.0, 9230.0], [96947.5, 4050.0], [96952.5, 10.0], [96953.0, 7760.0], [96953.5, 26000.0], [96960.5, 19910.0], [96961.0, 23200.0], [96962.0, 2810.0], [96963.5, 26000.0], [96965.0, 14400.0], [96966.0, 20220.0], [96966.5, 18940.0], [96969.0, 10990.0], [96969.5, 45000.0], [96972.5, 2930.0], [96973.0, 61590.0], [96973.5, 14310.0], [96977.5, 80860.0], [96978.0, 117540.0]]}}}
{"jsonrpc": "2.0", "method": "subscription", "params": {"channel": "book.BTC-PERPETUAL.none.20.100ms", "data": {"timestamp": 1763116167358, "change_id": 126928272495, "instrument_name": "BTC-PERPETUAL", "bids": [[96952.0, 6800.0], [96946.5, 249780.0], [96945.0, 101410.0], [96944.5, 20060.0], [96942.0, 26000.0], [96937.0, 18580.0], [96936.5, 62440.0], [96934.5, 92670.0], [96932.5, 45000.0], [96931.0, 50000.0], [96930.5, 26000.0], [96928.0, 19280.0], [96927.0, 8680.0], [96925.5, 61560.0], [96921.0, 1980.0], [96920.5, 26000.0], [96919.0, 14400.0], [96918.5, 27750.0], [96918.0, 69780.0], [96915.5, 20980.0]], "asks": [[96952.5, 9240.0], [96955.0, 10000.0], [96960.0, 490.0], [96962.0, 2810.0], [96964.0, 7760.0], [96964.5, 26000.0], [96965.5, 5000.0], [96966.5, 750.0], [96969.5, 45000.0], [96970.0, 15350.0], [96970.5, 23200.0], [96972.5, 2930.0], [96973.5, 14310.0], [96976.5, 38170.0], [96978.5, 40300.0], [96980.5, 15220.0], [96981.5, 19900.0], [96983.0, 100.0], [96984.0, 5000.0], [96985.0, 4270.0]]}}}
{"jsonrpc": "2.0", "method": "subscription", "params": {"channel": "book.BTC-PERPETUAL.none.20.100ms", "data": {"timestamp": 1763116167681, "change_id": 126928273900, "instrument_name": "BTC-PERPETUAL", "bids": [[96952.0, 274750.0], [96947.0, 56690.0], [96946.5, 55900.0], [96945.0, 22550.0], [96944.5, 4540.0], [96942.0, 26000.0], [96940.0, 45000.0], [96936.5, 910.0], [96934.5, 39090.0], [96933.5, 61560.0], [96933.0, 50000.0], [96930.5, 26000.0], [96929.0, 8850.0], [96927.0, 8680.0], [96925.5, 20980.0], [96925.0, 15220.0], [96924.5, 14400.0], [96923.5, 2220.0], [96923.0, 14350.0], [96920.5, 26000.0]], "asks": [[96952.5, 10110.0], [96959.0, 6950.0], [96959.5, 9230.0], [96963.0, 14690.0], [96963.5, 23200.0], [96964.5, 26000.0], [96966.0, 490.0], [96966.5, 750.0], [96969.5, 1490.0], [96970.0, 10150.0], [96972.5, 2930.0], [96973.5, 14310.0], [96976.0, 25000.0], [96976.5, 26790.0], [96977.5, 45000.0], [96978.0, 10990.0], [96978.5, 40300.0], [96981.0, 37460.0], [96981.5, 19900.0], [96983.0, 7200.0]]}}}
{"jsonrpc": "2.0", "method": "subscription", "params": {"channel": "book.BTC-PERPETUAL.none.20.100ms", "data": {"timestamp": 1763116168013, "change_id": 126928274564, "instrument_name": "BTC-PERPETUAL", "bids": [[96952.0, 274750.0], [96947.0, 56690.0], [96946.5, 55900.0], [96945.5, 490.0], [96945.0, 22550.0], [96944.5, 4050.0], [96942.0, 26000.0], [96940.0, 45000.0], [96934.5, 39090.0], [96933.5, 61560.0], [96933.0, 50000.0], [96930.5, 26000.0], [96929.0, 8850.0], [96927.0, 8680.0], [96925.5, 20980.0], [96925.0, 50890.0], [96924.5, 14400.0], [96923.0, 14350.0], [96920.5, 95780.0], [96919.5, 53130.0]], "asks": [[96952.5, 33310.0], [96959.0, 6950.0], [96959.5, 9230.0], [96963.0, 9250.0], [96964.5, 26000.0], [96965.0, 50.0], [96966.5, 750.0], [96968.5, 490.0], [96970.0, 5150.0], [96972.0, 5000.0], [96972.5, 2930.0], [96973.5, 14310.0], [96975.0, 2810.0], [96976.5, 26790.0], [96977.5, 45000.0], [96978.0, 10990.0], [96978.5, 40300.0], [96981.0, 37460.0], [96981.5, 19900.0], [96983.0, 7200.0]]}}}
{"jsonrpc": "2.0", "method": "subscription", "params": {"channel": "book.BTC-PERPETUAL.none.20.100ms", "data": {"timestamp": 1763116168338, "change_id": 126928275005, "instrument_name": "BTC-PERPETUAL", "bids": [[96952.0, 248770.0], [96947.5, 25980.0], [96947.0, 40000.0], [96945.0, 22550.0], [96944.5, 4050.0], [96942.5, 490.0], [96942.0, 26000.0], [96940.0, 45000.0], [96934.5, 39090.0], [96933.5, 61560.0], [96933.0, 50000.0], [96930.5, 26000.0], [96929.0, 8850.0], [96927.0, 8680.0], [96925.5, 20980.0], [96925.0, 50890.0], [96924.5, 14400.0], [96923.0, 14350.0], [96920.5, 95780.0], [96919.5, 53130.0]], "asks": [[96952.5, 33310.0], [96959.0, 6950.0], [96959.5, 9230.0], [96963.0, 9250.0], [96964.0, 490.0], [96964.5, 26000.0], [96965.0, 50.0], [96966.5, 750.0], [96969.0, 1490.0], [96969.5, 5000.0], [96970.0, 14280.0], [96972.5, 2930.0], [96973.5, 14310.0], [96975.0, 27810.0], [96976.5, 26790.0], [96977.5, 45000.0], [96978.0, 10990.0], [96978.5, 40300.0], [96981.0, 37460.0], [96981.5, 19900.0]]}}}
{"jsonrpc": "2.0", "method": "subscription", "params": {"channel": "book.BTC-PERPETUAL.none.20.100ms", "data": {"timestamp": 1763116168680, "change_id": 126928275533, "instrument_name": "BTC-PERPETUAL", "bids": [[96952.0, 274750.0], [96948.0, 17940.0], [96947.0, 40000.0], [96945.0, 23040.0], [96944.5, 4050.0], [96942.0, 26000.0], [96940.0, 45000.0], [96935.0, 61560.0], [96934.5, 39090.0], [96933.0, 50000.0], [96930.5, 26000.0], [96929.0, 8850.0], [96927.0, 8580.0], [96925.0, 50890.0], [96924.5, 14400.0], [96923.5, 20980.0], [96923.0, 14350.0], [96920.5, 95780.0], [96919.5, 53130.0], [96919.0, 14400.0]], "asks": [[96952.5, 130.0], [96959.5, 9230.0], [96961.0, 10000.0], [96964.5, 26000.0], [96965.0, 50.0], [96966.0, 490.0], [96966.5, 750.0], [96970.0, 3210.0], [96972.5, 2930.0], [96973.0, 5000.0], [96975.0, 2810.0], [96976.5, 26790.0], [96977.5, 45000.0], [96978.5, 40300.0], [96980.0, 9070.0], [96980.5, 34190.0], [96983.0, 7200.0], [96985.0, 11730.0], [96985.5, 14300.0], [96990.0, 25990.0]]}}}
{"jsonrpc": "2.0", "method": "subscription", "params": {"channel": "book.BTC-PERPETUAL.none.20.100ms", "data": {"timestamp": 1763116169010, "change_id": 126928276532, "instrument_name": "BTC-PERPETUAL", "bids": [[96952.0, 237170.0], [96949.0, 11940.0], [96947.0, 40000.0], [96946.5, 4040.0], [96945.5, 25980.0], [96945.0, 7760.0], [96942.0, 26000.0], [96940.5, 490.0], [96939.5, 14930.0], [96939.0, 50000.0], [96935.0, 21190.0], [96930.5, 71000.0], [96930.0, 29980.0], [96927.0, 8580.0], [96925.5, 61560.0], [96925.0, 50890.0], [96924.5, 14400.0], [96923.0, 14350.0], [96920.5, 95780.0], [96919.5, 96790.0]], "asks": [[96952.5, 29030.0], [96962.0, 490.0], [96964.0, 7780.0], [96964.5, 26000.0], [96965.0, 50.0], [96966.5, 750.0], [96969.0, 18430.0], [96969.5, 45000.0], [96970.0, 14100.0], [96972.5, 2930.0], [96973.0, 10990.0], [96973.5, 23200.0], [96974.5, 10990.0], [96975.0, 2810.0], [96976.5, 31050.0], [96977.0, 61590.0], [96978.0, 25000.0], [96978.5, 26000.0], [96980.0, 14210.0], [96980.5, 14400.0]]}}}
{"jsonrpc": "2.0", "method": "subscription", "params": {"channel": "book.BTC-PERPETUAL.none.20.100ms", "data": {"timestamp": 1763116169332, "change_id": 126928277194, "instrument_name": "BTC-PERPETUAL", "bids": [[96952.0, 197460.0], [96949.0, 35110.0], [96947.5, 55900.0], [96947.0, 40000.0], [96946.5, 4040.0], [96945.5, 25980.0], [96945.0, 7760.0], [96942.0, 26000.0], [96940.0, 490.0], [96939.5, 26450.0], [96939.0, 95000.0], [96935.0, 25140.0], [96930.5, 87560.0], [96930.0, 7040.0], [96927.0, 8580.0], [96925.0, 50890.0], [96924.5, 14400.0], [96923.0, 14350.0], [96921.5, 15000.0], [96920.5, 95780.0]], "asks": [[96952.5, 37290.0], [96953.0, 10000.0], [96963.0, 12170.0], [96963.5, 9720.0], [96964.5, 26000.0], [96965.0, 18710.0], [96966.5, 750.0], [96969.5, 45000.0], [96970.0, 1710.0], [96972.5, 2930.0], [96975.0, 2810.0], [96975.5, 10990.0], [96976.0, 10990.0], [96976.5, 31050.0], [96978.5, 26000.0], [96979.5, 61590.0], [96980.0, 14210.0], [96980.5, 14400.0], [96983.0, 7200.0], [96985.0, 37180.0]]}}}
{"jsonrpc": "2.0", "method": "subscription", "params": {"channel": "book.BTC-PERPETUAL.none.20.100ms", "data": {"timestamp": 1763116169667, "change_id": 126928277800, "instrument_name": "BTC-PERPETUAL", "bids": [[96952.0, 218850.0], [96950.0, 4040.0], [96949.5, 490.0], [96949.0, 28180.0], [96948.0, 6000.0], [96947.5, 95900.0], [96945.0, 25140.0], [96942.0, 26000.0], [96940.5, 61560.0], [96940.0, 28360.0], [96939.0, 95000.0], [96935.0, 13030.0], [96931.0, 20980.0], [96930.5, 26000.0], [96930.0, 2560.0], [96927.0, 8580.0], [96925.0, 20820.0], [96924.5, 14400.0], [96923.0, 14350.0], [96921.5, 15000.0]], "asks": [[96952.5, 10050.0], [96965.0, 50.0], [96966.0, 9230.0], [96966.5, 750.0], [96974.5, 490.0], [96975.0, 2810.0], [96976.5, 7760.0], [96978.5, 26000.0], [96980.0, 28160.0], [96980.5, 59400.0], [96983.0, 7200.0], [96985.0, 18540.0], [96985.5, 14300.0], [96989.5, 10990.0], [96990.5, 28880.0], [96992.5, 20.0], [96993.0, 61590.0], [96993.5, 26000.0], [96994.5, 14280.0], [96995.0, 26830.0]]}}}
{"jsonrpc": "2.0", "method": "subscription", "params": {"channel": "book.BTC-PERPETUAL.none.20.100ms", "data": {"timestamp": 1763116169983, "change_id": 126928278495, "instrument_name": "BTC-PERPETUAL", "bids": [[96952.0, 219270.0], [96950.0, 4040.0], [96949.0, 28180.0], [96948.5, 490.0], [96948.0, 6000.0], [96947.5, 95900.0], [96945.0, 25140.0], [96942.0, 26000.0], [96940.5, 61560.0], [96940.0, 28360.0], [96939.0, 95000.0], [96935.0, 32570.0], [96932.5, 2220.0], [96931.5, 15000.0], [96931.0, 20980.0], [96930.5, 26000.0], [96930.0, 73540.0], [96927.0, 78360.0], [96925.0, 20820.0], [96924.5, 14400.0]], "asks": [[96952.5, 10050.0], [96958.5, 4040.0], [96965.0, 50.0], [96965.5, 2980.0], [96966.0, 9230.0], [96966.5, 750.0], [96972.0, 8400.0], [96972.5, 23200.0], [96976.5, 7760.0], [96978.5, 26000.0], [96980.0, 28160.0], [96980.5, 59400.0], [96983.0, 7200.0], [96985.0, 46950.0], [96985.5, 14300.0], [96987.5, 25000.0], [96990.0, 61590.0], [96990.5, 12030.0], [96992.5, 20.0], [96993.5, 26000.0]]}}}
{"jsonrpc": "2.0", "method": "subscription", "params": {"channel": "book.BTC-PERPETUAL.none.20.100ms", "data": {"timestamp": 1763116170331, "change_id": 126928279150, "instrument_name": "BTC-PERPETUAL", "bids": [[96952.0, 249190.0], [96951.0, 22840.0], [96950.5, 25980.0], [96950.0, 4040.0], [96948.0, 6000.0], [96947.5, 40000.0], [96945.5, 490.0], [96945.0, 7760.0], [96942.0, 26000.0], [96940.0, 28360.0], [96939.0, 95000.0], [96935.0, 32570.0], [96933.0, 61560.0], [96931.5, 15000.0], [96930.5, 26000.0], [96930.0, 73540.0], [96927.0, 78360.0], [96925.5, 20980.0], [96925.0, 20820.0], [96924.5, 14400.0]], "asks": [[96952.5, 15760.0], [96953.5, 4040.0], [96958.0, 9230.0], [96964.5, 7780.0], [96965.0, 26050.0], [96966.5, 750.0], [96971.5, 490.0], [96972.0, 7910.0], [96972.5, 23200.0], [96976.5, 7760.0], [96978.5, 26000.0], [96979.5, 10990.0], [96980.0, 50170.0], [96980.5, 59400.0], [96982.5, 38800.0], [96983.0, 7200.0], [96984.5, 61590.0], [96985.0, 11480.0], [96985.5, 14300.0], [96989.5, 25990.0]]}}}
{"jsonrpc": "2.0", "method": "subscription", "params": {"channel": "book.BTC-PERPETUAL.none.20.100ms", "data": {"timestamp": 1763116170658, "change_id": 126928279660, "instrument_name": "BTC-PERPETUAL", "bids": [[96952.0, 190930.0], [96951.0, 1210.0], [96949.0, 4040.0], [96945.0, 16310.0], [96942.5, 25980.0], [96942.0, 26000.0], [96940.0, 15070.0], [96939.5, 490.0], [96937.0, 50000.0], [96935.0, 32570.0], [96930.5, 26000.0], [96930.0, 88540.0], [96927.0, 78360.0], [96925.5, 61560.0], [96925.0, 20820.0], [96924.5, 14400.0], [96923.0, 14350.0], [96921.5, 15000.0], [96920.5, 26000.0], [96919.5, 123120.0]], "asks": [[96952.5, 91090.0], [96953.0, 10000.0], [96953.5, 4040.0], [96964.0, 490.0], [96964.5, 13710.0], [96965.0, 49250.0], [96966.5, 750.0], [96971.5, 25720.0], [96972.0, 45000.0], [96976.0, 72580.0], [96976.5, 7760.0], [96978.5, 51000.0], [96980.5, 14400.0], [96982.5, 2810.0], [96983.0, 7200.0], [96984.0, 25990.0], [96985.0, 4270.0], [96985.5, 14300.0], [96990.5, 12030.0], [96992.5, 20.0]]}}}
{"jsonrpc": "2.0", "method": "subscription", "params": {"channel": "book.BTC-PERPETUAL.none.20.100ms", "data": {"timestamp": 1763116170982, "change_id": 126928280197, "instrument_name": "BTC-PERPETUAL", "bids": [[96952.0, 195350.0], [96951.0, 19760.0], [96949.0, 4040.0], [96945.5, 25980.0], [96945.0, 47760.0], [96942.5, 490.0], [96942.0, 26000.0], [96940.0, 15070.0], [96937.0, 50000.0], [96935.0, 32570.0], [96930.5, 26000.0], [96930.0, 88540.0], [96927.5, 61560.0], [96927.0, 78360.0], [96925.0, 20820.0], [96924.5, 14400.0], [96923.0, 14350.0], [96922.5, 48460.0], [96921.5, 15000.0], [96920.5, 26000.0]], "asks": [[96952.5, 64450.0], [96953.0, 10000.0], [96964.0, 14230.0], [96964.5, 14200.0], [96965.0, 49250.0], [96966.5, 750.0], [96971.5, 14730.0], [96972.0, 45000.0], [96976.0, 10990.0], [96976.5, 54640.0], [96977.0, 10990.0], [96978.5, 26000.0], [96980.0, 61590.0], [96980.5, 14400.0], [96982.5, 2810.0], [96983.0, 7200.0], [96985.0, 30260.0], [96985.5, 14300.0], [96990.5, 12030.0], [96992.5, 20.0]]}}}
{"jsonrpc": "2.0", "method": "subscription", "params": {"channel": "book.BTC-PERPETUAL.none.20.100ms", "data": {"timestamp": 1763116171323, "change_id": 126928280867, "instrument_name": "BTC-PERPETUAL", "bids": [[96952.0, 268270.0], [96951.5, 55900.0], [96951.0, 19880.0], [96949.5, 25980.0], [96949.0, 4040.0], [96947.5, 40000.0], [96945.5, 490.0], [96945.0, 7760.0], [96942.0, 26000.0], [96940.0, 26430.0], [96938.5, 45000.0], [96937.0, 50000.0], [96935.0, 32570.0], [96931.0, 61560.0], [96930.5, 26000.0], [96930.0, 17560.0], [96927.0, 8580.0], [96925.0, 41800.0], [96924.5, 14400.0], [96923.0, 14350.0]], "asks": [[96952.5, 68490.0], [96963.5, 9230.0], [96964.5, 18710.0], [96965.0, 49250.0], [96966.0, 490.0], [96966.5, 750.0], [96975.5, 14320.0], [96977.5, 10990.0], [96978.0, 10990.0], [96978.5, 26000.0], [96980.5, 59400.0], [96982.5, 2810.0], [96983.0, 7200.0], [96983.5, 61590.0], [96985.0, 4270.0], [96985.5, 14300.0], [96987.0, 25990.0], [96989.0, 25000.0], [96990.5, 12030.0], [96992.5, 20.0]]}}}
{"jsonrpc": "2.0", "method": "subscription", "params": {"channel": "book.BTC-PERPETUAL.none.20.100ms", "data": {"timestamp": 1763116171651, "change_id": 126928281452, "instrument_name": "BTC-PERPETUAL", "bids": [[96952.0, 294690.0], [96951.5, 56390.0], [96951.0, 27050.0], [96950.0, 6000.0], [96949.0, 4040.0], [96947.5, 40000.0], [96946.0, 50000.0], [96945.0, 26640.0], [96944.0, 5000.0], [96942.0, 26000.0], [96940.5, 61560.0], [96940.0, 13430.0], [96938.5, 45000.0], [96935.0, 16940.0], [96930.5, 46980.0], [96930.0, 17560.0], [96927.0, 8580.0], [96925.0, 20820.0], [96924.5, 14400.0], [96923.0, 14350.0]], "asks": [[96952.5, 10050.0], [96956.5, 4040.0], [96964.0, 9230.0], [96964.5, 7780.0], [96965.0, 23250.0], [96966.5, 750.0], [96975.0, 490.0], [96975.5, 7760.0], [96978.5, 26000.0], [96980.0, 33770.0], [96980.5, 59400.0], [96982.5, 2810.0], [96983.0, 7200.0], [96984.5, 10990.0], [96985.0, 4270.0], [96985.5, 14300.0], [96987.5, 10990.0], [96990.0, 61590.0], [96990.5, 12030.0], [96992.5, 20.0]]}}}
{"jsonrpc": "2.0", "method": "subscription", "params": {"channel": "book.BTC-PERPETUAL.none.20.100ms", "data": {"timestamp": 1763116171985, "change_id": 126928282184, "instrument_name": "BTC-PERPETUAL", "bids": [[96952.0, 370180.0], [96951.5, 55900.0], [96951.0, 27050.0], [96950.0, 6000.0], [96949.0, 4040.0], [96947.5, 40000.0], [96946.0, 50000.0], [96945.0, 25140.0], [96942.5, 61560.0], [96942.0, 26000.0], [96940.0, 13430.0], [96938.5, 45000.0], [96935.5, 20980.0], [96935.0, 12900.0], [96931.0, 2220.0], [96930.5, 26000.0], [96930.0, 17560.0], [96927.0, 8580.0], [96925.0, 20820.0], [96924.5, 14400.0]], "asks": [[96952.5, 50.0], [96960.5, 4040.0], [96961.5, 5000.0], [96965.0, 50.0], [96966.5, 750.0], [96967.5, 10000.0], [96974.0, 2900.0], [96974.5, 9230.0], [96975.5, 7760.0], [96978.5, 26000.0], [96980.0, 6450.0], [96981.5, 23200.0], [96982.5, 500.0], [96983.0, 7200.0], [96985.0, 4270.0], [96985.5, 14300.0], [96989.0, 55990.0], [96989.5, 10990.0], [96990.5, 28880.0], [96992.5, 20.0]]}}}
{"jsonrpc": "2.0", "method": "subscription", "params": {"channel": "book.BTC-PERPETUAL.none.20.100ms", "data": {"timestamp": 1763116172289, "change_id": 126928282724, "instrument_name": "BTC-PERPETUAL", "bids": [[96952.0, 314340.0], [96951.5, 55900.0], [96951.0, 44420.0], [96950.0, 6000.0], [96949.0, 4040.0], [96947.5, 40000.0], [96946.0, 50000.0], [96945.5, 61560.0], [96945.0, 7760.0], [96942.0, 26000.0], [96940.0, 25010.0], [96938.5, 45000.0], [96935.5, 20980.0], [96935.0, 12900.0], [96931.0, 2220.0], [96930.5, 26000.0], [96930.0, 17560.0], [96927.0, 8580.0], [96925.0, 20820.0], [96924.5, 14400.0]], "asks": [[96952.5, 5050.0], [96963.0, 4040.0], [96964.5, 10000.0], [96965.0, 50.0], [96966.5, 750.0], [96974.0, 2900.0], [96974.5, 9230.0], [96975.5, 7760.0], [96978.0, 490.0], [96978.5, 26000.0], [96980.0, 6450.0], [96981.5, 23200.0], [96985.0, 15700.0], [96987.0, 7190.0], [96988.5, 14380.0], [96989.0, 45000.0], [96990.0, 10990.0], [96990.5, 28880.0], [96991.0, 25000.0], [96992.5, 11010.0]]}}}
{"jsonrpc": "2.0", "method": "subscription", "params": {"channel": "book.BTC-PERPETUAL.none.20.100ms", "data": {"timestamp": 1763116172637, "change_id": 126928283273, "instrument_name": "BTC-PERPETUAL", "bids": [[96952.0, 244340.0], [96951.5, 55900.0], [96951.0, 29860.0], [96950.0, 6000.0], [96949.0, 4040.0], [96947.5, 40000.0], [96946.0, 50000.0], [96945.0, 7760.0], [96942.0, 26000.0], [96941.5, 340.0], [96940.0, 30090.0], [96939.0, 61560.0], [96938.5, 45000.0], [96935.0, 12900.0], [96931.5, 20980.0], [96931.0, 2220.0], [96930.5, 26000.0], [96930.0, 17560.0], [96927.0, 8580.0], [96925.0, 20820.0]], "asks": [[96952.5, 5050.0], [96959.0, 4040.0], [96965.0, 50.0], [96965.5, 2980.0], [96966.0, 9230.0], [96966.5, 750.0], [96973.0, 7070.0], [96973.5, 23200.0], [96975.0, 490.0], [96975.5, 7760.0], [96978.5, 26000.0], [96981.0, 14270.0], [96981.5, 45000.0], [96985.0, 15700.0], [96987.0, 7190.0], [96987.5, 25000.0], [96988.0, 21980.0], [96988.5, 14380.0], [96989.5, 61590.0], [96990.5, 12030.0]]}}}
{"jsonrpc": "2.0", "method": "subscription", "params": {"channel": "book.BTC-PERPETUAL.none.20.100ms", "data": {"timestamp": 1763116172969, "change_id": 126928283767, "instrument_name": "BTC-PERPETUAL", "bids": [[96952.0, 241150.0], [96951.5, 55900.0], [96951.0, 29860.0], [96950.0, 6000.0], [96949.0, 4040.0], [96947.5, 40000.0], [96946.0, 50000.0], [96945.5, 5000.0], [96945.0, 7760.0], [96942.0, 26000.0], [96941.5, 340.0], [96940.0, 30090.0], [96939.0, 61560.0], [96938.5, 56300.0], [96935.0, 12900.0], [96931.0, 2220.0], [96930.5, 26000.0], [96930.0, 59670.0], [96928.0, 121170.0], [96927.5, 20980.0]], "asks": [[96952.5, 5050.0], [96964.5, 2770.0], [96965.0, 9280.0], [96966.5, 750.0], [96973.0, 7070.0], [96973.5, 23200.0], [96975.0, 490.0], [96975.5, 7760.0], [96978.5, 26000.0], [96981.0, 21320.0], [96981.5, 59370.0], [96983.0, 7180.0], [96985.0, 12890.0], [96986.0, 10990.0], [96988.0, 10990.0], [96988.5, 14380.0], [96989.5, 61590.0], [96990.5, 12030.0], [96992.5, 20.0], [96993.0, 25000.0]]}}}
{"jsonrpc": "2.0", "method": "subscription", "params": {"channel": "book.BTC-PERPETUAL.none.20.100ms", "data": {"timestamp": 1763116173294, "change_id": 126928284182, "instrument_name": "BTC-PERPETUAL", "bids": [[96952.0, 302050.0], [96951.5, 55900.0], [96951.0, 42730.0], [96950.0, 6000.0], [96949.0, 4040.0], [96948.0, 55900.0], [96947.5, 40000.0], [96946.0, 50000.0], [96945.0, 7760.0], [96942.0, 26000.0], [96941.5, 340.0], [96940.0, 30090.0], [96939.0, 61560.0], [96938.5, 56300.0], [96935.0, 12900.0], [96931.0, 2220.0], [96930.5, 26000.0], [96930.0, 59670.0], [96928.0, 121170.0], [96927.5, 20980.0]], "asks": [[96952.5, 5050.0], [96956.0, 10000.0], [96956.5, 4040.0], [96964.5, 2770.0], [96965.0, 9280.0], [96966.5, 750.0], [96973.0, 7070.0], [96973.5, 23200.0], [96975.5, 7760.0], [96978.5, 26000.0], [96980.5, 490.0], [96981.0, 21320.0], [96981.5, 59370.0], [96983.0, 7180.0], [96984.5, 10990.0], [96985.0, 15700.0], [96988.0, 10990.0], [96988.5, 14380.0], [96989.5, 61590.0], [96990.5, 12030.0]]}}}
{"jsonrpc": "2.0", "method": "subscription", "params": {"channel": "book.BTC-PERPETUAL.none.20.100ms", "data": {"timestamp": 1763116173623, "change_id": 126928284581, "instrument_name": "BTC-PERPETUAL", "bids": [[96952.0, 302030.0], [96951.5, 55900.0], [96951.0, 42730.0], [96950.0, 6000.0], [96949.0, 4040.0], [96948.0, 55900.0], [96947.5, 40000.0], [96946.0, 50000.0], [96945.0, 7760.0], [96942.0, 26000.0], [96941.5, 340.0], [96940.0, 30090.0], [96939.0, 61560.0], [96938.5, 56300.0], [96935.0, 12900.0], [96930.5, 26000.0], [96930.0, 59670.0], [96928.0, 121170.0], [96927.5, 20980.0], [96927.0, 8580.0]], "asks": [[96952.5, 5050.0], [96956.0, 10000.0], [96956.5, 4040.0], [96964.5, 2770.0], [96965.0, 9280.0], [96966.5, 750.0], [96973.0, 7070.0], [96973.5, 23200.0], [96975.0, 490.0], [96975.5, 7760.0], [96978.5, 26000.0], [96981.0, 21320.0], [96981.5, 59370.0], [96983.0, 7180.0], [96984.5, 10990.0], [96985.0, 15700.0], [96988.0, 10990.0], [96988.5, 14380.0], [96989.5, 61590.0], [96990.5, 12030.0]]}}}
{"jsonrpc": "2.0", "method": "subscription", "params": {"channel": "book.BTC-PERPETUAL.none.20.100ms", "data": {"timestamp": 1763116173970, "change_id": 126928285049, "instrument_name": "BTC-PERPETUAL", "bids": [[96952.0, 297030.0], [96951.5, 55900.0], [96951.0, 42730.0], [96950.0, 6000.0], [96949.0, 4040.0], [96948.0, 55900.0], [96947.5, 40000.0], [96946.0, 50000.0], [96945.0, 7760.0], [96942.0, 26000.0], [96941.5, 340.0], [96940.0, 30090.0], [96939.5, 5000.0], [96938.5, 56300.0], [96935.5, 61560.0], [96935.0, 12900.0], [96930.5, 26000.0], [96930.0, 59670.0], [96928.0, 121170.0], [96927.5, 20980.0]], "asks": [[96952.5, 5050.0], [96956.5, 4040.0], [96964.5, 2770.0], [96965.0, 9280.0], [96965.5, 7150.0], [96966.0, 23200.0], [96966.5, 750.0], [96975.0, 490.0], [96975.5, 7760.0], [96978.5, 26000.0], [96981.0, 21320.0], [96981.5, 59370.0], [96982.0, 25000.0], [96983.0, 7180.0], [96983.5, 10990.0], [96985.0, 15700.0], [96988.0, 10990.0], [96988.5, 14380.0], [96989.5, 61590.0], [96990.5, 12030.0]]}}}
{"jsonrpc": "2.0", "method": "subscription", "params": {"channel": "book.BTC-PERPETUAL.none.20.100ms", "data": {"timestamp": 1763116174277, "change_id": 126928285436, "instrument_name": "BTC-PERPETUAL", "bids": [[96952.0, 245630.0], [96951.5, 55900.0], [96951.0, 42730.0], [96950.0, 6000.0], [96949.0, 4040.0], [96948.0, 55900.0], [96947.5, 40000.0], [96946.0, 50000.0], [96945.0, 7760.0], [96942.0, 26000.0], [96941.5, 340.0], [96940.0, 30090.0], [96939.5, 5000.0], [96938.5, 56300.0], [96935.5, 61560.0], [96935.0, 12900.0], [96930.5, 26000.0], [96930.0, 59670.0], [96928.0, 121170.0], [96927.5, 20980.0]], "asks": [[96952.5, 5050.0], [96956.0, 17600.0], [96956.5, 4040.0], [96964.5, 2770.0], [96965.0, 9280.0], [96965.5, 7150.0], [96966.0, 23200.0], [96966.5, 750.0], [96975.0, 490.0], [96975.5, 14230.0], [96978.0, 25000.0], [96978.5, 26000.0], [96981.0, 21320.0], [96981.5, 59370.0], [96983.0, 7180.0], [96984.5, 10990.0], [96985.0, 15700.0], [96988.0, 10990.0], [96988.5, 14380.0], [96989.5, 61590.0]]}}}
{"jsonrpc": "2.0", "method": "subscription", "params": {"channel": "book.BTC-PERPETUAL.none.20.100ms", "data": {"timestamp": 1763116174634, "change_id": 126928286066, "instrument_name": "BTC-PERPETUAL", "bids": [[96952.0, 255220.0], [96951.5, 55900.0], [96951.0, 42730.0], [96950.0, 6000.0], [96949.0, 4040.0], [96948.0, 55900.0], [96947.5, 40000.0], [96946.0, 50000.0], [96945.0, 25250.0], [96942.0, 87560.0], [96941.5, 340.0], [96940.0, 21350.0], [96938.5, 56300.0], [96935.0, 13030.0], [96931.0, 20980.0], [96930.5, 26000.0], [96930.0, 44670.0], [96928.0, 121170.0], [96927.0, 8580.0], [96925.0, 20820.0]], "asks": [[96952.5, 5050.0], [96962.5, 4040.0], [96965.0, 50.0], [96966.0, 9230.0], [96966.5, 750.0], [96975.0, 490.0], [96975.5, 13690.0], [96978.5, 49200.0], [96984.0, 2330.0], [96984.5, 5000.0], [96985.0, 26130.0], [96988.0, 10990.0], [96988.5, 14380.0], [96989.0, 10990.0], [96990.0, 45000.0], [96990.5, 12030.0], [96992.5, 20.0], [96993.0, 61590.0], [96993.5, 26000.0], [96994.5, 14280.0]]}}}
{"jsonrpc": "2.0", "method": "subscription", "params": {"channel": "book.BTC-PERPETUAL.none.20.100ms", "data": {"timestamp": 1763116174934, "change_id": 126928286567, "instrument_name": "BTC-PERPETUAL", "bids": [[96952.0, 320680.0], [96951.5, 55900.0], [96951.0, 42730.0], [96950.0, 6000.0], [96949.0, 4040.0], [96948.0, 55900.0], [96947.5, 40000.0], [96946.0, 50000.0], [96945.0, 25250.0], [96942.0, 87560.0], [96941.5, 340.0], [96940.0, 21350.0], [96938.5, 56300.0], [96935.5, 2220.0], [96935.0, 13030.0], [96931.0, 20980.0], [96930.5, 26000.0], [96930.0, 44670.0], [96928.0, 121170.0], [96927.0, 8580.0]], "asks": [[96952.5, 5050.0], [96962.5, 4040.0], [96965.0, 50.0], [96966.0, 9230.0], [96966.5, 750.0], [96975.5, 13690.0], [96978.0, 490.0], [96978.5, 49200.0], [96984.0, 1490.0], [96985.0, 28320.0], [96986.0, 10990.0], [96986.5, 7180.0], [96988.0, 10990.0], [96988.5, 14380.0], [96990.0, 45000.0], [96990.5, 12030.0], [96992.5, 20.0], [96993.0, 61590.0], [96993.5, 26000.0], [96994.5, 14280.0]]}}}
{"jsonrpc": "2.0", "method": "subscription", "params": {"channel": "book.BTC-PERPETUAL.none.20.100ms", "data": {"timestamp": 1763116175260, "change_id": 126928286979, "instrument_name": "BTC-PERPETUAL", "bids": [[96952.0, 371930.0], [96951.5, 55900.0], [96951.0, 42730.0], [96950.0, 6000.0], [96949.0, 4040.0], [96948.0, 55900.0], [96947.5, 40000.0], [96946.0, 50000.0], [96945.0, 25250.0], [96942.0, 87560.0], [96941.5, 340.0], [96940.0, 21350.0], [96938.5, 56300.0], [96936.5, 15000.0], [96935.5, 2220.0], [96935.0, 13030.0], [96931.0, 20980.0], [96930.5, 26000.0], [96930.0, 44670.0], [96928.0, 121170.0]], "asks": [[96952.5, 5050.0], [96962.5, 4040.0], [96965.0, 50.0], [96966.0, 9230.0], [96966.5, 750.0], [96971.0, 6930.0], [96971.5, 23200.0], [96975.5, 7760.0], [96978.0, 490.0], [96978.5, 26000.0], [96984.0, 1490.0], [96984.5, 5000.0], [96985.0, 23320.0], [96986.0, 10990.0], [96986.5, 7180.0], [96987.5, 2810.0], [96988.0, 10990.0], [96988.5, 14380.0], [96990.0, 45000.0], [96990.5, 12030.0]]}}}
{"jsonrpc": "2.0", "method": "subscription", "params": {"channel": "book.BTC-PERPETUAL.none.20.100ms", "data": {"timestamp": 1763116175590, "change_id": 126928287343, "instrument_name": "BTC-PERPETUAL", "bids": [[96952.0, 371930.0], [96951.5, 55900.0], [96951.0, 42730.0], [96950.0, 6000.0], [96949.0, 7260.0], [96948.0, 55900.0], [96947.5, 40000.0], [96946.0, 50000.0], [96945.0, 25250.0], [96942.0, 87560.0], [96941.5, 340.0], [96940.0, 21350.0], [96938.5, 56300.0], [96936.5, 15000.0], [96935.0, 13030.0], [96931.0, 20980.0], [96930.5, 26000.0], [96930.0, 44670.0], [96928.0, 121170.0], [96927.0, 8180.0]], "asks": [[96952.5, 4650.0], [96962.5, 4040.0], [96965.0, 50.0], [96966.0, 9230.0], [96966.5, 750.0], [96971.0, 6930.0], [96971.5, 23200.0], [96975.5, 7760.0], [96978.0, 490.0], [96978.5, 26000.0], [96984.0, 1490.0], [96984.5, 5000.0], [96985.0, 23320.0], [96986.5, 7180.0], [96987.0, 10990.0], [96987.5, 2810.0], [96988.0, 10990.0], [96988.5, 14380.0], [96990.0, 45000.0], [96990.5, 12030.0]]}}}
{"jsonrpc": "2.0", "method": "subscription", "params": {"channel": "book.BTC-PERPETUAL.none.20.100ms", "data": {"timestamp": 1763116175951, "change_id": 126928288610, "instrument_name": "BTC-PERPETUAL", "bids": [[96964.5, 301990.0], [96963.5, 8810.0], [96963.0, 4040.0], [96961.5, 25980.0], [96958.0, 11940.0], [96957.5, 490.0], [96957.0, 40000.0], [96953.0, 71140.0], [96952.5, 100800.0], [96952.0, 89050.0], [96949.0, 3220.0], [96948.5, 14940.0], [96947.5, 50000.0], [96945.0, 25250.0], [96942.5, 61560.0], [96942.0, 26000.0], [96941.5, 340.0], [96940.0, 26910.0], [96938.5, 11300.0], [96937.0, 62830.0]], "asks": [[96965.0, 9090.0], [96966.5, 750.0], [96969.0, 10000.0], [96970.5, 9230.0], [96975.5, 7760.0], [96978.5, 26000.0], [96984.5, 490.0], [96985.0, 23320.0], [96986.5, 7180.0], [96987.5, 2810.0], [96988.0, 5000.0], [96988.5, 14380.0], [96989.5, 10990.0], [96990.0, 55990.0], [96990.5, 31510.0], [96992.5, 20.0], [96993.5, 26000.0], [96994.5, 75870.0], [97000.5, 32230.0], [97001.0, 77240.0]]}}}
{"jsonrpc": "2.0", "method": "subscription", "params": {"channel": "book.BTC-PERPETUAL.none.20.100ms", "data": {"timestamp": 1763116176262, "change_id": 126928289246, "instrument_name": "BTC-PERPETUAL", "bids": [[96964.5, 301990.0], [96964.0, 17710.0], [96963.5, 81780.0], [96963.0, 4040.0], [96959.5, 12090.0], [96957.5, 490.0], [96957.0, 40000.0], [96953.0, 39340.0], [96952.5, 100800.0], [96952.0, 31000.0], [96949.0, 3220.0], [96948.5, 31390.0], [96947.5, 50000.0], [96945.5, 61560.0], [96945.0, 7760.0], [96942.0, 26000.0], [96941.5, 340.0], [96940.0, 26910.0], [96938.5, 11300.0], [96937.0, 62830.0]], "asks": [[96965.0, 9190.0], [96966.5, 750.0], [96974.5, 2760.0], [96975.0, 9230.0], [96975.5, 7760.0], [96978.0, 490.0], [96978.5, 26000.0], [96982.5, 7070.0], [96983.0, 23200.0], [96985.0, 28320.0], [96986.5, 7180.0], [96987.5, 2810.0], [96988.5, 14380.0], [96989.5, 10990.0], [96990.0, 45000.0], [96992.0, 10990.0], [96992.5, 15320.0], [96993.5, 26000.0], [96994.5, 14280.0], [96998.5, 18380.0]]}}}
{"jsonrpc": "2.0", "method": "subscription", "params": {"channel": "book.BTC-PERPETUAL.none.20.100ms", "data": {"timestamp": 1763116176619, "change_id": 126928290025, "instrument_name": "BTC-PERPETUAL", "bids": [[96964.5, 301990.0], [96964.0, 17710.0], [96963.5, 81780.0], [96963.0, 4040.0], [96959.5, 12090.0], [96957.5, 50490.0], [96957.0, 45000.0], [96953.0, 39340.0], [96952.5, 100800.0], [96952.0, 26000.0], [96949.0, 3220.0], [96945.0, 25140.0], [96942.5, 61560.0], [96942.0, 26000.0], [96940.0, 26910.0], [96937.0, 83810.0], [96936.5, 15000.0], [96935.5, 14320.0], [96935.0, 23720.0], [96931.5, 15000.0]], "asks": [[96965.0, 9190.0], [96966.5, 750.0], [96969.5, 9230.0], [96981.5, 14690.0], [96982.0, 26490.0], [96983.0, 23200.0], [96984.5, 5000.0], [96985.0, 23320.0], [96986.5, 7180.0], [96987.5, 2810.0], [96988.5, 14380.0], [96990.0, 45000.0], [96992.0, 21980.0], [96992.5, 15320.0], [96993.5, 26000.0], [96994.5, 14280.0], [96999.5, 18380.0], [97000.0, 61590.0], [97000.5, 32230.0], [97001.0, 77240.0]]}}}
{"jsonrpc": "2.0", "method": "subscription", "params": {"channel": "book.BTC-PERPETUAL.none.20.100ms", "data": {"timestamp": 1763116176934, "change_id": 126928290865, "instrument_name": "BTC-PERPETUAL", "bids": [[96964.5, 332970.0], [96964.0, 17710.0], [96963.5, 55800.0], [96963.0, 4040.0], [96960.0, 490.0], [96959.5, 26960.0], [96957.0, 40000.0], [96955.5, 50000.0], [96953.0, 39340.0], [96952.5, 100800.0], [96952.0, 26000.0], [96949.0, 3220.0], [96948.5, 18380.0], [96948.0, 61560.0], [96945.0, 13030.0], [96942.0, 26000.0], [96940.5, 20980.0], [96940.0, 26910.0], [96937.0, 62830.0], [96936.5, 15000.0]], "asks": [[96965.0, 5150.0], [96966.5, 750.0], [96968.5, 4040.0], [96971.5, 10000.0], [96980.5, 490.0], [96981.0, 9230.0], [96981.5, 14690.0], [96982.0, 26000.0], [96983.0, 23200.0], [96984.5, 5000.0], [96985.0, 23320.0], [96986.5, 7180.0], [96987.5, 2810.0], [96988.5, 14380.0], [96990.0, 45000.0], [96992.5, 15320.0], [96993.5, 26000.0], [96994.5, 14280.0], [96999.5, 24160.0], [97000.0, 83570.0]]}}}
{"jsonrpc": "2.0", "method": "subscription", "params": {"channel": "book.BTC-PERPETUAL.none.20.100ms", "data": {"timestamp": 1763116177275, "change_id": 126928291301, "instrument_name": "BTC-PERPETUAL", "bids": [[96964.5, 327970.0], [96964.0, 17710.0], [96963.5, 55800.0], [96963.0, 4040.0], [96959.5, 26960.0], [96957.5, 490.0], [96957.0, 45000.0], [96955.5, 50000.0], [96953.0, 39340.0], [96952.5, 162360.0], [96952.0, 26000.0], [96949.0, 3220.0], [96945.0, 26520.0], [96942.0, 26000.0], [96941.5, 47460.0], [96940.5, 20980.0], [96940.0, 44900.0], [96938.5, 69790.0], [96937.0, 62830.0], [96936.5, 15000.0]], "asks": [[96965.0, 5150.0], [96966.5, 750.0], [96967.5, 10000.0], [96968.5, 4040.0], [96980.0, 490.0], [96980.5, 9230.0], [96981.5, 14690.0], [96982.0, 26000.0], [96983.0, 23200.0], [96984.5, 5000.0], [96985.0, 23320.0], [96986.5, 7180.0], [96987.5, 2810.0], [96988.5, 14380.0], [96990.0, 45000.0], [96992.5, 15320.0], [96993.5, 26000.0], [96994.5, 14280.0], [96999.5, 6560.0], [97000.0, 21980.0]]}}}
{"jsonrpc": "2.0", "method": "subscription", "params": {"channel": "book.BTC-PERPETUAL.none.20.100ms", "data": {"timestamp": 1763116177569, "change_id": 126928291816, "instrument_name": "BTC-PERPETUAL", "bids": [[96964.5, 295990.0], [96964.0, 17710.0], [96963.5, 55800.0], [96963.0, 4040.0], [96960.0, 25990.0], [96959.5, 12090.0], [96959.0, 6000.0], [96957.0, 45000.0], [96954.0, 490.0], [96953.0, 39340.0], [96952.5, 100800.0], [96952.0, 26000.0], [96950.5, 50000.0], [96949.0, 3220.0], [96945.0, 25140.0], [96942.5, 61560.0], [96942.0, 26000.0], [96940.0, 31300.0], [96937.5, 20980.0], [96937.0, 14360.0]], "asks": [[96965.0, 14900.0], [96965.5, 10000.0], [96966.5, 750.0], [96968.0, 9230.0], [96975.0, 7070.0], [96975.5, 23200.0], [96980.0, 490.0], [96981.5, 26500.0], [96982.0, 71000.0], [96985.0, 7570.0], [96986.5, 7180.0], [96987.5, 2810.0], [96988.5, 14380.0], [96989.5, 10990.0], [96992.0, 10990.0], [96992.5, 28470.0], [96993.5, 26000.0], [96994.0, 61590.0], [96994.5, 14280.0], [97000.5, 35390.0]]}}}
{"jsonrpc": "2.0", "method": "subscription", "params": {"channel": "book.BTC-PERPETUAL.none.20.100ms", "data": {"timestamp": 1763116177917, "change_id": 126928292360, "instrument_name": "BTC-PERPETUAL", "bids": [[96964.5, 295990.0], [96964.0, 17710.0], [96963.5, 55800.0], [96963.0, 4040.0], [96960.0, 25990.0], [96959.5, 12090.0], [96957.5, 490.0], [96957.0, 45000.0], [96953.0, 89340.0], [96952.5, 100800.0], [96952.0, 26000.0], [96949.0, 3220.0], [96945.0, 31500.0], [96942.5, 61560.0], [96942.0, 26000.0], [96940.0, 31300.0], [96937.0, 35340.0], [96936.5, 15000.0], [96935.5, 62790.0], [96935.0, 58810.0]], "asks": [[96965.0, 11590.0], [96965.5, 10000.0], [96966.5, 750.0], [96974.0, 2760.0], [96974.5, 9230.0], [96975.0, 7070.0], [96975.5, 23200.0], [96981.0, 490.0], [96981.5, 26500.0], [96982.0, 71000.0], [96985.0, 7570.0], [96986.5, 7180.0], [96987.5, 2810.0], [96988.5, 14380.0], [96991.5, 10990.0], [96992.0, 10990.0], [96992.5, 28470.0], [96993.5, 26000.0], [96994.0, 61590.0], [96994.5, 14280.0]]}}}
{"jsonrpc": "2.0", "method": "subscription", "params": {"channel": "book.BTC-PERPETUAL.none.20.100ms", "data": {"timestamp": 1763116178262, "change_id": 126928292863, "instrument_name": "BTC-PERPETUAL", "bids": [[96964.5, 295990.0], [96964.0, 73510.0], [96963.5, 81790.0], [96963.0, 4040.0], [96959.5, 12090.0], [96957.5, 490.0], [96957.0, 45000.0], [96953.0, 89340.0], [96952.5, 100800.0], [96952.0, 26000.0], [96949.0, 3220.0], [96945.0, 25140.0], [96942.5, 61560.0], [96942.0, 26000.0], [96940.0, 31300.0], [96937.0, 35340.0], [96936.5, 15000.0], [96935.5, 62790.0], [96935.0, 23720.0], [96931.5, 15000.0]], "asks": [[96965.0, 14900.0], [96965.5, 10000.0], [96966.5, 750.0], [96972.0, 2760.0], [96972.5, 9230.0], [96975.0, 7070.0], [96975.5, 23200.0], [96981.0, 490.0], [96981.5, 26500.0], [96982.0, 71000.0], [96985.0, 7570.0], [96986.5, 7180.0], [96987.5, 2810.0], [96988.5, 14380.0], [96991.5, 10990.0], [96992.0, 10990.0], [96992.5, 28470.0], [96993.5, 26000.0], [96994.5, 75870.0], [96997.0, 7460.0]]}}}
{"jsonrpc": "2.0", "method": "subscription", "params": {"channel": "book.BTC-PERPETUAL.none.20.100ms", "data": {"timestamp": 1763116178591, "change_id": 126928293241, "instrument_name": "BTC-PERPETUAL", "bids": [[96964.5, 321980.0], [96964.0, 73510.0], [96963.5, 55800.0], [96963.0, 4040.0], [96959.5, 12090.0], [96957.5, 490.0], [96957.0, 45000.0], [96953.0, 89340.0], [96952.5, 100800.0], [96952.0, 26000.0], [96949.0, 3220.0], [96946.0, 18380.0], [96945.5, 61560.0], [96945.0, 7760.0], [96942.0, 26000.0], [96940.0, 50600.0], [96939.0, 69790.0], [96937.0, 35340.0], [96936.5, 15000.0], [96935.5, 62790.0]], "asks": [[96965.0, 9090.0], [96966.5, 750.0], [96971.0, 2760.0], [96971.5, 9230.0], [96975.0, 7070.0], [96975.5, 23200.0], [96981.0, 490.0], [96981.5, 9250.0], [96982.0, 26000.0], [96985.0, 7570.0], [96986.5, 7180.0], [96987.5, 2810.0], [96988.5, 14380.0], [96991.5, 47200.0], [96992.0, 45000.0], [96992.5, 20.0], [96993.0, 10990.0], [96993.5, 26000.0], [96994.5, 14280.0], [96996.0, 18380.0]]}}}
{"jsonrpc": "2.0", "method": "subscription", "params": {"channel": "book.BTC-PERPETUAL.none.20.100ms", "data": {"timestamp": 1763116178924, "change_id": 126928293689, "instrument_name": "BTC-PERPETUAL", "bids": [[96964.5, 242170.0], [96964.0, 55800.0], [96963.5, 6000.0], [96960.5, 7760.0], [96960.0, 25990.0], [96959.5, 12090.0], [96957.0, 45000.0], [96953.5, 490.0], [96953.0, 39340.0], [96952.5, 100800.0], [96952.0, 26000.0], [96950.0, 15890.0], [96949.5, 50000.0], [96949.0, 3220.0], [96945.0, 25140.0], [96942.0, 26000.0], [96940.5, 61560.0], [96937.0, 14360.0], [96936.5, 15000.0], [96936.0, 4040.0]], "asks": [[96965.0, 18320.0], [96966.5, 750.0], [96975.0, 7070.0], [96975.5, 23200.0], [96981.0, 490.0], [96981.5, 9250.0], [96982.0, 26000.0], [96985.0, 11080.0], [96986.0, 5000.0], [96986.5, 7180.0], [96987.5, 2810.0], [96988.0, 10990.0], [96988.5, 14380.0], [96990.5, 25000.0], [96991.0, 10990.0], [96991.5, 25460.0], [96992.0, 45000.0], [96992.5, 20.0], [96993.0, 61590.0], [96993.5, 26000.0]]}}}
{"jsonrpc": "2.0", "method": "subscription", "params": {"channel": "book.BTC-PERPETUAL.none.20.100ms", "data": {"timestamp": 1763116179262, "change_id": 126928294179, "instrument_name": "BTC-PERPETUAL", "bids": [[96964.5, 186370.0], [96964.0, 65120.0], [96963.5, 6000.0], [96961.5, 3680.0], [96960.0, 25990.0], [96959.5, 12090.0], [96957.0, 45000.0], [96953.5, 490.0], [96953.0, 39340.0], [96952.5, 45000.0], [96952.0, 26000.0], [96951.0, 50000.0], [96949.0, 3220.0], [96945.0, 37370.0], [96942.5, 61560.0], [96942.0, 26000.0], [96941.5, 46490.0], [96938.5, 69790.0], [96937.0, 62830.0], [96936.5, 15000.0]], "asks": [[96965.0, 18320.0], [96966.0, 26800.0], [96966.5, 750.0], [96975.0, 7070.0], [96975.5, 23200.0], [96981.0, 490.0], [96981.5, 14250.0], [96982.0, 26000.0], [96985.0, 16600.0], [96986.5, 7180.0], [96987.5, 2810.0], [96988.0, 10990.0], [96988.5, 14380.0], [96990.0, 25000.0], [96991.0, 10990.0], [96991.5, 25460.0], [96992.0, 45000.0], [96992.5, 20.0], [96993.0, 61590.0], [96993.5, 26000.0]]}}}
{"jsonrpc": "2.0", "method": "subscription", "params": {"channel": "book.BTC-PERPETUAL.none.20.100ms", "data": {"timestamp": 1763116179592, "change_id": 126928294534, "instrument_name": "BTC-PERPETUAL", "bids": [[96964.5, 186370.0], [96964.0, 65120.0], [96963.5, 6000.0], [96961.5, 3680.0], [96960.0, 25990.0], [96959.5, 12090.0], [96957.5, 490.0], [96957.0, 45000.0], [96953.0, 39340.0], [96952.5, 45000.0], [96952.0, 26000.0], [96951.0, 50000.0], [96949.0, 3220.0], [96945.0, 37250.0], [96942.5, 61560.0], [96942.0, 26000.0], [96941.5, 46490.0], [96938.5, 69790.0], [96937.0, 62830.0], [96936.5, 15000.0]], "asks": [[96965.0, 18320.0], [96966.5, 750.0], [96975.0, 7070.0], [96975.5, 23200.0], [96981.0, 490.0], [96981.5, 14250.0], [96982.0, 26000.0], [96985.0, 7270.0], [96986.5, 7180.0], [96987.5, 2810.0], [96988.5, 14380.0], [96990.5, 10990.0], [96991.0, 10990.0], [96991.5, 25460.0], [96992.0, 45000.0], [96992.5, 20.0], [96993.0, 61590.0], [96993.5, 26000.0], [96994.5, 14280.0], [96997.5, 25000.0]]}}}
{"jsonrpc": "2.0", "method": "subscription", "params": {"channel": "book.BTC-PERPETUAL.none.20.100ms", "data": {"timestamp": 1763116179919, "change_id": 126928294906, "instrument_name": "BTC-PERPETUAL", "bids": [[96964.5, 186370.0], [96964.0, 65120.0], [96963.5, 6000.0], [96961.5, 3680.0], [96960.0, 25990.0], [96959.5, 12090.0], [96957.5, 490.0], [96957.0, 45000.0], [96955.0, 36120.0], [96952.5, 95000.0], [96952.0, 26000.0], [96949.0, 3220.0], [96946.0, 18380.0], [96945.5, 61560.0], [96945.0, 21640.0], [96942.0, 26000.0], [96941.5, 46490.0], [96939.0, 55810.0], [96938.5, 69790.0], [96937.0, 62830.0]], "asks": [[96965.0, 9090.0], [96965.5, 10000.0], [96966.0, 9230.0], [96966.5, 750.0], [96975.0, 7070.0], [96975.5, 23200.0], [96981.0, 490.0], [96981.5, 14250.0], [96982.0, 26000.0], [96985.0, 7270.0], [96986.5, 7180.0], [96987.5, 2810.0], [96988.5, 14380.0], [96990.5, 10990.0], [96991.0, 10990.0], [96991.5, 25460.0], [96992.0, 45000.0], [96992.5, 20.0], [96993.5, 26000.0], [96994.5, 14280.0]]}}}
{"jsonrpc": "2.0", "method": "subscription", "params": {"channel": "book.BTC-PERPETUAL.none.20.100ms", "data": {"timestamp": 1763116180253, "change_id": 126928295360, "instrument_name": "BTC-PERPETUAL", "bids": [[96964.5, 242170.0], [96964.0, 74340.0], [96963.5, 6000.0], [96962.5, 30900.0], [96962.0, 25990.0], [96961.5, 3680.0], [96959.5, 12090.0], [96957.5, 490.0], [96957.0, 45000.0], [96955.0, 36120.0], [96952.5, 95000.0], [96952.0, 26000.0], [96949.0, 3220.0], [96945.0, 37250.0], [96942.5, 61560.0], [96942.0, 26000.0], [96941.5, 46490.0], [96939.0, 55810.0], [96938.5, 69790.0], [96937.0, 62830.0]], "asks": [[96965.0, 9090.0], [96966.0, 9230.0], [96966.5, 750.0], [96967.0, 10000.0], [96975.0, 7070.0], [96975.5, 23200.0], [96981.0, 490.0], [96981.5, 14250.0], [96982.0, 26000.0], [96985.0, 7270.0], [96986.5, 7180.0], [96987.5, 2810.0], [96988.5, 14380.0], [96990.5, 10990.0], [96991.0, 10990.0], [96991.5, 25460.0], [96992.0, 45000.0], [96992.5, 20.0], [96993.5, 26000.0], [96994.5, 14280.0]]}}}
{"jsonrpc": "2.0", "method": "subscription", "params": {"channel": "book.BTC-PERPETUAL.none.20.100ms", "data": {"timestamp": 1763116180579, "change_id": 126928295795, "instrument_name": "BTC-PERPETUAL", "bids": [[96964.5, 242170.0], [96964.0, 10280.0], [96961.5, 3680.0], [96960.0, 25990.0], [96959.5, 12090.0], [96958.5, 6000.0], [96957.0, 45000.0], [96955.5, 490.0], [96955.0, 33410.0], [96952.5, 45000.0], [96952.0, 26000.0], [96950.0, 50000.0], [96949.0, 3220.0], [96945.0, 25140.0], [96942.5, 61560.0], [96942.0, 26000.0], [96937.0, 14360.0], [96936.5, 15000.0], [96936.0, 4040.0], [96935.5, 62790.0]], "asks": [[96965.0, 28320.0], [96966.5, 750.0], [96975.0, 7070.0], [96975.5, 23200.0], [96981.0, 490.0], [96981.5, 25010.0], [96982.0, 26000.0], [96984.5, 45000.0], [96985.0, 13810.0], [96986.5, 7180.0], [96987.5, 2810.0], [96988.0, 10990.0], [96988.5, 39380.0], [96991.0, 10990.0], [96992.5, 20.0], [96993.0, 61590.0], [96993.5, 26000.0], [96994.5, 14280.0], [97000.0, 25990.0], [97000.5, 20240.0]]}}}
{"jsonrpc": "2.0", "method": "subscription", "params": {"channel": "book.BTC-PERPETUAL.none.20.100ms", "data": {"timestamp": 1763116180918, "change_id": 126928296233, "instrument_name": "BTC-PERPETUAL", "bids": [[96964.5, 186370.0], [96964.0, 1100.0], [96961.5, 3680.0], [96959.5, 20090.0], [96958.5, 6000.0], [96957.5, 25990.0], [96957.0, 40000.0], [96955.5, 490.0], [96955.0, 33410.0], [96952.5, 45000.0], [96952.0, 26000.0], [96950.0, 52450.0], [96949.5, 5000.0], [96949.0, 3220.0], [96945.0, 7760.0], [96942.0, 26000.0], [96938.0, 69790.0], [96937.5, 61560.0], [96937.0, 14360.0], [96936.5, 15000.0]], "asks": [[96965.0, 51520.0], [96966.5, 750.0], [96981.0, 490.0], [96981.5, 25010.0], [96982.0, 26000.0], [96984.0, 25000.0], [96984.5, 45000.0], [96985.0, 13810.0], [96986.5, 7180.0], [96987.0, 10990.0], [96987.5, 2810.0], [96988.0, 10990.0], [96988.5, 14380.0], [96992.5, 38190.0], [96993.0, 61590.0], [96993.5, 26000.0], [96994.0, 25990.0], [96994.5, 14280.0], [97000.5, 20240.0], [97001.0, 51250.0]]}}}
{"jsonrpc": "2.0", "method": "subscription", "params": {"channel": "book.BTC-PERPETUAL.none.20.100ms", "data": {"timestamp": 1763116181226, "change_id": 126928296768, "instrument_name": "BTC-PERPETUAL", "bids": [[96964.5, 242170.0], [96964.0, 17610.0], [96961.5, 3680.0], [96960.0, 55800.0], [96959.5, 20090.0], [96958.5, 6000.0], [96957.0, 40000.0], [96955.5, 26480.0], [96955.0, 33410.0], [96952.5, 45000.0], [96952.0, 26000.0], [96950.0, 52450.0], [96949.5, 5000.0], [96949.0, 3220.0], [96945.0, 7760.0], [96942.0, 26000.0], [96937.5, 61560.0], [96937.0, 14360.0], [96936.5, 15000.0], [96936.0, 4040.0]], "asks": [[96965.0, 50560.0], [96966.5, 750.0], [96981.0, 490.0], [96981.5, 34380.0], [96982.0, 26000.0], [96984.0, 10990.0], [96984.5, 45000.0], [96985.0, 55450.0], [96986.5, 7180.0], [96987.5, 2810.0], [96988.0, 72580.0], [96988.5, 14380.0], [96992.5, 20.0], [96993.5, 26000.0], [96994.0, 25990.0], [96994.5, 14280.0], [97000.5, 20240.0], [97001.0, 51250.0], [97001.5, 14290.0], [97004.0, 100.0]]}}}
{"jsonrpc": "2.0", "method": "subscription", "params": {"channel": "book.BTC-PERPETUAL.none.20.100ms", "data": {"timestamp": 1763116181574, "change_id": 126928297124, "instrument_name": "BTC-PERPETUAL", "bids": [[96964.5, 242170.0], [96964.0, 17610.0], [96961.5, 3680.0], [96960.0, 55800.0], [96959.5, 20090.0], [96958.5, 6000.0], [96957.0, 40000.0], [96956.0, 490.0], [96955.5, 25990.0], [96955.0, 33410.0], [96952.5, 45000.0], [96952.0, 76000.0], [96950.0, 2450.0], [96949.5, 5000.0], [96949.0, 3220.0], [96945.0, 7760.0], [96942.0, 26000.0], [96938.0, 69790.0], [96937.5, 61560.0], [96937.0, 14360.0]], "asks": [[96965.0, 50560.0], [96966.5, 750.0], [96981.0, 490.0], [96981.5, 26190.0], [96982.0, 26000.0], [96984.5, 55990.0], [96985.0, 19530.0], [96985.5, 25000.0], [96986.5, 7180.0], [96987.5, 2810.0], [96988.0, 10990.0], [96988.5, 14380.0], [96992.5, 20.0], [96993.0, 61590.0], [96993.5, 26000.0], [96994.0, 25990.0], [96994.5, 14280.0], [97000.5, 20240.0], [97001.0, 51250.0], [97001.5, 14290.0]]}}}
{"jsonrpc": "2.0", "method": "subscription", "params": {"channel": "book.BTC-PERPETUAL.none.20.100ms", "data": {"timestamp": 1763116181905, "change_id": 126928297476, "instrument_name": "BTC-PERPETUAL", "bids": [[96964.5, 242170.0], [96964.0, 17610.0], [96961.5, 3680.0], [96960.0, 55800.0], [96959.5, 20090.0], [96958.5, 6000.0], [96957.0, 40000.0], [96956.0, 490.0], [96955.5, 25990.0], [96955.0, 33410.0], [96952.5, 45000.0], [96952.0, 76000.0], [96950.0, 2450.0], [96949.5, 5000.0], [96949.0, 3220.0], [96945.0, 7760.0], [96942.0, 26000.0], [96938.0, 69790.0], [96937.5, 61560.0], [96937.0, 14360.0]], "asks": [[96965.0, 50560.0], [96966.5, 750.0], [96981.0, 490.0], [96981.5, 26190.0], [96982.0, 26000.0], [96984.5, 55990.0], [96985.0, 34100.0], [96985.5, 25000.0], [96986.5, 7180.0], [96987.5, 2810.0], [96988.0, 72580.0], [96988.5, 14380.0], [96992.5, 20.0], [96993.5, 26000.0], [96994.0, 25990.0], [96994.5, 14280.0], [97000.5, 20240.0], [97001.0, 51250.0], [97001.5, 14290.0], [97004.0, 100.0]]}}}
{"jsonrpc": "2.0", "method": "subscription", "params": {"channel": "book.BTC-PERPETUAL.none.20.100ms", "data": {"timestamp": 1763116182227, "change_id": 126928297985, "instrument_name": "BTC-PERPETUAL", "bids": [[96964.5, 242170.0], [96964.0, 16470.0], [96962.0, 51500.0], [96961.5, 3680.0], [96959.5, 20090.0], [96958.5, 6000.0], [96957.0, 40000.0], [96956.0, 490.0], [96955.5, 25990.0], [96955.0, 33410.0], [96952.5, 45000.0], [96952.0, 76000.0], [96950.0, 2450.0], [96949.5, 5000.0], [96949.0, 3220.0], [96945.0, 7760.0], [96942.0, 26000.0], [96938.5, 53450.0], [96938.0, 69790.0], [96937.5, 61560.0]], "asks": [[96965.0, 83060.0], [96966.5, 750.0], [96981.0, 490.0], [96981.5, 26190.0], [96982.0, 26000.0], [96984.5, 80990.0], [96986.5, 7180.0], [96987.5, 10380.0], [96988.0, 10990.0], [96988.5, 14380.0], [96992.5, 20.0], [96993.0, 61590.0], [96993.5, 26000.0], [96994.0, 25990.0], [96994.5, 14280.0], [97000.5, 20240.0], [97001.0, 51250.0], [97001.5, 14290.0], [97004.0, 100.0], [97005.0, 52070.0]]}}}
{"jsonrpc": "2.0", "method": "subscription", "params": {"channel": "book.BTC-PERPETUAL.none.20.100ms", "data": {"timestamp": 1763116182571, "change_id": 126928298327, "instrument_name": "BTC-PERPETUAL", "bids": [[96964.5, 242170.0], [96964.0, 16470.0], [96962.0, 51500.0], [96961.5, 3680.0], [96959.5, 20090.0], [96958.5, 6000.0], [96957.0, 40000.0], [96956.0, 490.0], [96955.5, 25990.0], [96955.0, 33410.0], [96952.5, 45000.0], [96952.0, 76000.0], [96950.0, 22450.0], [96949.5, 5000.0], [96949.0, 3220.0], [96945.0, 7760.0], [96942.0, 26000.0], [96938.5, 53450.0], [96938.0, 69790.0], [96937.5, 61560.0]], "asks": [[96965.0, 83060.0], [96966.5, 750.0], [96981.0, 490.0], [96981.5, 26190.0], [96982.0, 26000.0], [96984.0, 10990.0], [96984.5, 45000.0], [96985.5, 55450.0], [96986.5, 7180.0], [96987.5, 2810.0], [96988.0, 72580.0], [96988.5, 14380.0], [96992.5, 20.0], [96993.5, 26000.0], [96994.0, 25990.0], [96994.5, 14280.0], [97000.5, 20240.0], [97001.0, 51250.0], [97001.5, 14290.0], [97004.0, 100.0]]}}}
{"jsonrpc": "2.0", "method": "subscription", "params": {"channel": "book.BTC-PERPETUAL.none.20.100ms", "data": {"timestamp": 1763116182901, "change_id": 126928299278, "instrument_name": "BTC-PERPETUAL", "bids": [[96964.5, 310.0], [96958.0, 4820.0], [96957.5, 5930.0], [96955.5, 10990.0], [96955.0, 15520.0], [96952.0, 26000.0], [96950.5, 10990.0], [96950.0, 25780.0], [96949.5, 4040.0], [96949.0, 3220.0], [96948.0, 11600.0], [96945.0, 7760.0], [96942.5, 490.0], [96942.0, 26000.0], [96938.5, 49480.0], [96937.0, 14360.0], [96935.5, 14320.0], [96935.0, 73720.0], [96932.5, 5000.0], [96931.5, 15000.0]], "asks": [[96965.0, 159050.0], [96966.0, 490.0], [96966.5, 750.0], [96972.0, 26000.0], [96975.5, 11580.0], [96976.5, 72580.0], [96977.0, 45000.0], [96980.0, 25990.0], [96982.0, 26000.0], [96982.5, 25000.0], [96985.5, 7270.0], [96986.5, 7180.0], [96987.5, 2810.0], [96988.5, 14380.0], [96992.5, 20.0], [96993.5, 26000.0], [96994.5, 14280.0], [97000.5, 20240.0], [97001.0, 51250.0], [97001.5, 14290.0]]}}}
{"jsonrpc": "2.0", "method": "subscription", "params": {"channel": "book.BTC-PERPETUAL.none.20.100ms", "data": {"timestamp": 1763116183230, "change_id": 126928300716, "instrument_name": "BTC-PERPETUAL", "bids": [[96955.5, 10.0], [96950.5, 5970.0], [96950.0, 20000.0], [96949.5, 6680.0], [96949.0, 3220.0], [96945.5, 10990.0], [96945.0, 11260.0], [96942.5, 10990.0], [96942.0, 26000.0], [96940.5, 4040.0], [96940.0, 16020.0], [96936.0, 490.0], [96935.5, 14320.0], [96935.0, 37370.0], [96933.0, 25990.0], [96930.5, 71000.0], [96930.0, 6560.0], [96928.0, 15000.0], [96927.0, 8080.0], [96924.5, 34400.0]], "asks": [[96956.0, 226940.0], [96958.5, 18150.0], [96959.0, 60800.0], [96959.5, 490.0], [96961.0, 10180.0], [96962.0, 26000.0], [96964.0, 6770.0], [96964.5, 10990.0], [96966.5, 750.0], [96968.5, 31820.0], [96969.0, 72580.0], [96969.5, 45000.0], [96970.5, 25000.0], [96971.0, 15520.0], [96972.0, 26000.0], [96974.0, 25990.0], [96977.5, 1210.0], [96978.0, 4040.0], [96980.5, 2750.0], [96982.0, 26000.0]]}}}
{"jsonrpc": "2.0", "method": "subscription", "params": {"channel": "book.BTC-PERPETUAL.none.20.100ms", "data": {"timestamp": 1763116183563, "change_id": 126928301291, "instrument_name": "BTC-PERPETUAL", "bids": [[96955.5, 10.0], [96950.5, 5970.0], [96950.0, 20000.0], [96949.5, 4240.0], [96949.0, 3220.0], [96945.5, 10990.0], [96945.0, 11260.0], [96942.5, 10990.0], [96942.0, 26000.0], [96940.5, 4040.0], [96940.0, 16020.0], [96936.0, 490.0], [96935.5, 14320.0], [96935.0, 23720.0], [96931.0, 25990.0], [96930.5, 71000.0], [96930.0, 6560.0], [96928.0, 15000.0], [96927.5, 20.0], [96927.0, 8080.0]], "asks": [[96956.0, 206940.0], [96958.5, 18150.0], [96959.0, 60800.0], [96960.5, 490.0], [96961.0, 29960.0], [96962.0, 26000.0], [96965.0, 78730.0], [96965.5, 25240.0], [96966.0, 10990.0], [96966.5, 750.0], [96968.0, 2820.0], [96968.5, 25000.0], [96969.5, 45000.0], [96970.5, 14530.0], [96971.5, 25990.0], [96972.0, 26000.0], [96976.5, 1210.0], [96978.0, 4040.0], [96980.5, 2750.0], [96982.0, 26000.0]]}}}
{"jsonrpc": "2.0", "method": "subscription", "params": {"channel": "book.BTC-PERPETUAL.none.20.100ms", "data": {"timestamp": 1763116183894, "change_id": 126928302196, "instrument_name": "BTC-PERPETUAL", "bids": [[96955.5, 10.0], [96950.0, 20000.0], [96949.0, 3220.0], [96942.5, 10000.0], [96937.0, 3280.0], [96936.5, 10990.0], [96935.0, 7760.0], [96931.5, 10990.0], [96930.5, 26000.0], [96930.0, 2420.0], [96929.0, 4040.0], [96927.5, 20.0], [96927.0, 7580.0], [96925.0, 22500.0], [96924.0, 14320.0], [96921.5, 45000.0], [96920.0, 25990.0], [96919.5, 23340.0], [96919.0, 14400.0], [96918.0, 15000.0]], "asks": [[96956.0, 337240.0], [96958.0, 10990.0], [96958.5, 18150.0], [96959.0, 60800.0], [96960.0, 17390.0], [96960.5, 25990.0], [96962.0, 26000.0], [96965.5, 17780.0], [96966.5, 750.0], [96968.0, 2820.0], [96969.5, 45000.0], [96970.5, 7760.0], [96972.0, 26000.0], [96976.5, 7320.0], [96978.0, 4040.0], [96980.0, 21000.0], [96980.5, 2750.0], [96982.0, 26000.0], [96985.5, 7270.0], [96986.5, 57180.0]]}}}
{"jsonrpc": "2.0", "method": "subscription", "params": {"channel": "book.BTC-PERPETUAL.none.20.100ms", "data": {"timestamp": 1763116184215, "change_id": 126928303676, "instrument_name": "BTC-PERPETUAL", "bids": [[96950.0, 20010.0], [96949.0, 3220.0], [96947.5, 30.0], [96932.0, 3280.0], [96931.5, 10990.0], [96928.0, 13310.0], [96927.5, 11010.0], [96927.0, 7580.0], [96925.5, 26000.0], [96924.5, 490.0], [96923.5, 3320.0], [96923.0, 4040.0], [96921.0, 7170.0], [96919.5, 28540.0], [96919.0, 14400.0], [96918.5, 25990.0], [96917.5, 11600.0], [96915.5, 26090.0], [96915.0, 18470.0], [96914.5, 14360.0]], "asks": [[96950.5, 280070.0], [96951.0, 7460.0], [96951.5, 25000.0], [96955.0, 56750.0], [96955.5, 55800.0], [96956.0, 108340.0], [96958.0, 25990.0], [96960.0, 6350.0], [96962.0, 26000.0], [96965.5, 17780.0], [96966.5, 750.0], [96968.0, 15700.0], [96969.5, 45000.0], [96970.5, 7760.0], [96972.0, 26000.0], [96976.5, 7320.0], [96978.0, 4040.0], [96978.5, 14360.0], [96979.0, 119890.0], [96980.0, 28180.0]]}}}
{"jsonrpc": "2.0", "method": "subscription", "params": {"channel": "book.BTC-PERPETUAL.none.20.100ms", "data": {"timestamp": 1763116184551, "change_id": 126928305107, "instrument_name": "BTC-PERPETUAL", "bids": [[96936.0, 40.0], [96933.5, 10000.0], [96929.0, 13310.0], [96928.5, 10990.0], [96927.5, 20.0], [96927.0, 7580.0], [96925.5, 26000.0], [96924.5, 3280.0], [96924.0, 10990.0], [96920.0, 17680.0], [96918.5, 4040.0], [96917.0, 11600.0], [96916.0, 26480.0], [96915.5, 26090.0], [96915.0, 18470.0], [96914.5, 14360.0], [96913.5, 45000.0], [96909.5, 35180.0], [96909.0, 14410.0], [96907.5, 50040.0]], "asks": [[96936.5, 194060.0], [96947.5, 50590.0], [96948.0, 54380.0], [96948.5, 55990.0], [96949.0, 55800.0], [96949.5, 55800.0], [96950.0, 89850.0], [96950.5, 88080.0], [96954.5, 25990.0], [96955.0, 17500.0], [96955.5, 55800.0], [96956.0, 2820.0], [96960.0, 12060.0], [96961.0, 2750.0], [96962.0, 26000.0], [96964.5, 14360.0], [96965.5, 4910.0], [96966.0, 7180.0], [96966.5, 750.0], [96968.0, 15700.0]]}}}
{"jsonrpc": "2.0", "method": "subscription", "params": {"channel": "book.BTC-PERPETUAL.none.20.100ms", "data": {"timestamp": 1763116184887, "change_id": 126928305779, "instrument_name": "BTC-PERPETUAL", "bids": [[96936.0, 21730.0], [96934.5, 3280.0], [96929.0, 13310.0], [96927.5, 11010.0], [96927.0, 7580.0], [96925.5, 26000.0], [96920.0, 17680.0], [96918.5, 4040.0], [96917.5, 26480.0], [96917.0, 11600.0], [96915.5, 26000.0], [96915.0, 18470.0], [96914.5, 14360.0], [96913.5, 45000.0], [96909.5, 35180.0], [96909.0, 14410.0], [96907.5, 40.0], [96906.0, 14320.0], [96905.0, 50000.0], [96903.5, 15000.0]], "asks": [[96936.5, 214060.0], [96946.5, 490.0], [96947.0, 25470.0], [96947.5, 5000.0], [96948.0, 49380.0], [96948.5, 45000.0], [96949.0, 55800.0], [96949.5, 55800.0], [96950.0, 127620.0], [96950.5, 26000.0], [96954.0, 10990.0], [96959.0, 7760.0], [96959.5, 25990.0], [96960.0, 18790.0], [96961.0, 2750.0], [96962.0, 26000.0], [96963.0, 25000.0], [96964.5, 14360.0], [96965.0, 7050.0], [96966.0, 7180.0]]}}}
{"jsonrpc": "2.0", "method": "subscription", "params": {"channel": "book.BTC-PERPETUAL.none.20.100ms", "data": {"timestamp": 1763116185214, "change_id": 126928307562, "instrument_name": "BTC-PERPETUAL", "bids": [[96936.0, 21770.0], [96935.5, 3280.0], [96930.0, 10990.0], [96929.5, 10990.0], [96929.0, 13310.0], [96927.5, 20.0], [96927.0, 7580.0], [96925.5, 26000.0], [96924.5, 11600.0], [96922.0, 8810.0], [96921.5, 4040.0], [96920.5, 25990.0], [96920.0, 7760.0], [96917.5, 490.0], [96915.5, 26000.0], [96915.0, 18470.0], [96914.5, 14360.0], [96913.5, 45000.0], [96910.0, 26320.0], [96909.0, 14410.0]], "asks": [[96936.5, 199060.0], [96947.5, 13760.0], [96948.0, 74380.0], [96948.5, 45000.0], [96949.0, 66790.0], [96949.5, 55800.0], [96950.0, 63560.0], [96950.5, 26000.0], [96953.0, 10990.0], [96957.5, 26140.0], [96958.0, 61590.0], [96959.5, 25990.0], [96960.0, 12050.0], [96962.0, 26000.0], [96964.5, 14360.0], [96965.0, 7050.0], [96966.0, 7180.0], [96966.5, 750.0], [96968.0, 15700.0], [96970.5, 7760.0]]}}}
{"jsonrpc": "2.0", "method": "subscription", "params": {"channel": "book.BTC-PERPETUAL.none.20.100ms", "data": {"timestamp": 1763116185545, "change_id": 126928308062, "instrument_name": "BTC-PERPETUAL", "bids": [[96936.0, 5420.0], [96930.5, 3280.0], [96930.0, 10990.0], [96929.0, 13310.0], [96927.5, 11010.0], [96927.0, 7580.0], [96925.5, 26000.0], [96925.0, 6460.0], [96924.5, 11600.0], [96921.5, 4040.0], [96920.0, 20670.0], [96916.0, 26480.0], [96915.5, 26000.0], [96915.0, 18470.0], [96914.5, 14360.0], [96913.5, 45000.0], [96910.0, 26320.0], [96909.0, 14410.0], [96908.0, 5000.0], [96907.5, 40.0]], "asks": [[96936.5, 199060.0], [96945.5, 37780.0], [96947.0, 490.0], [96948.0, 60370.0], [96948.5, 45000.0], [96949.0, 55800.0], [96949.5, 55800.0], [96950.0, 74550.0], [96950.5, 26000.0], [96952.0, 2820.0], [96956.0, 29420.0], [96956.5, 61590.0], [96957.0, 25990.0], [96960.0, 12050.0], [96962.0, 26000.0], [96964.5, 14360.0], [96965.0, 7050.0], [96966.0, 7180.0], [96966.5, 750.0], [96968.0, 15700.0]]}}}
{"jsonrpc": "2.0", "method": "subscription", "params": {"channel": "book.BTC-PERPETUAL.none.20.100ms", "data": {"timestamp": 1763116185877, "change_id": 126928308607, "instrument_name": "BTC-PERPETUAL", "bids": [[96936.0, 5420.0], [96933.0, 10000.0], [96930.5, 3280.0], [96930.0, 10990.0], [96929.0, 13310.0], [96927.5, 20.0], [96927.0, 7580.0], [96926.0, 10990.0], [96925.5, 26000.0], [96925.0, 6460.0], [96924.5, 11600.0], [96921.5, 4040.0], [96920.0, 20670.0], [96916.5, 490.0], [96916.0, 25990.0], [96915.5, 26000.0], [96915.0, 18470.0], [96914.5, 14360.0], [96913.5, 45000.0], [96910.0, 26320.0]], "asks": [[96936.5, 199060.0], [96946.0, 490.0], [96947.0, 10990.0], [96947.5, 12670.0], [96948.0, 86220.0], [96948.5, 45000.0], [96949.0, 55800.0], [96949.5, 66790.0], [96950.0, 125150.0], [96950.5, 26000.0], [96952.0, 2820.0], [96956.0, 14230.0], [96957.0, 25990.0], [96959.0, 25000.0], [96960.0, 12050.0], [96962.0, 26000.0], [96964.5, 14360.0], [96965.0, 7050.0], [96966.0, 7180.0], [96966.5, 750.0]]}}}
{"jsonrpc": "2.0", "method": "subscription", "params": {"channel": "book.BTC-PERPETUAL.none.20.100ms", "data": {"timestamp": 1763116186199, "change_id": 126928309274, "instrument_name": "BTC-PERPETUAL", "bids": [[96936.0, 5410.0], [96930.5, 3280.0], [96930.0, 10990.0], [96929.0, 13310.0], [96927.5, 20.0], [96927.0, 7580.0], [96926.0, 10990.0], [96925.5, 26000.0], [96925.0, 4810.0], [96924.5, 17600.0], [96921.5, 4040.0], [96920.0, 14670.0], [96916.5, 490.0], [96916.0, 25990.0], [96915.5, 26000.0], [96915.0, 18470.0], [96914.5, 14360.0], [96913.5, 45000.0], [96910.0, 26320.0], [96909.0, 64410.0]], "asks": [[96936.5, 254760.0], [96945.0, 490.0], [96946.0, 10990.0], [96946.5, 25000.0], [96947.5, 8050.0], [96948.0, 86220.0], [96948.5, 45000.0], [96949.5, 55800.0], [96950.0, 128280.0], [96950.5, 26000.0], [96951.5, 10990.0], [96952.0, 2820.0], [96956.0, 7760.0], [96957.0, 25990.0], [96960.0, 12050.0], [96962.0, 26000.0], [96964.5, 14360.0], [96965.0, 7050.0], [96966.0, 7180.0], [96966.5, 750.0]]}}}
{"jsonrpc": "2.0", "method": "subscription", "params": {"channel": "book.BTC-PERPETUAL.none.20.100ms", "data": {"timestamp": 1763116186537, "change_id": 126928309733, "instrument_name": "BTC-PERPETUAL", "bids": [[96936.0, 35480.0], [96930.5, 3280.0], [96930.0, 10990.0], [96929.5, 10990.0], [96929.0, 13310.0], [96927.5, 20.0], [96927.0, 7580.0], [96925.5, 26000.0], [96925.0, 13600.0], [96924.5, 11600.0], [96921.5, 4040.0], [96920.5, 25990.0], [96920.0, 7760.0], [96916.0, 490.0], [96915.5, 26000.0], [96915.0, 18470.0], [96914.5, 14360.0], [96913.5, 45000.0], [96910.0, 26320.0], [96909.0, 64410.0]], "asks": [[96936.5, 254760.0], [96947.0, 490.0], [96947.5, 8180.0], [96948.0, 49380.0], [96948.5, 45000.0], [96949.5, 55800.0], [96950.0, 81760.0], [96950.5, 26000.0], [96952.0, 2820.0], [96952.5, 25000.0], [96955.0, 36890.0], [96955.5, 72580.0], [96959.5, 25990.0], [96960.0, 12050.0], [96962.0, 26000.0], [96964.5, 14360.0], [96965.0, 7050.0], [96966.0, 7180.0], [96966.5, 750.0], [96968.0, 15700.0]]}}}
{"jsonrpc": "2.0", "method": "subscription", "params": {"channel": "book.BTC-PERPETUAL.none.20.100ms", "data": {"timestamp": 1763116186858, "change_id": 126928310156, "instrument_name": "BTC-PERPETUAL", "bids": [[96936.0, 41710.0], [96930.5, 3280.0], [96930.0, 10990.0], [96929.5, 10990.0], [96929.0, 13310.0], [96927.5, 20.0], [96927.0, 7580.0], [96925.5, 26000.0], [96925.0, 8350.0], [96922.0, 490.0], [96921.5, 4040.0], [96920.5, 25990.0], [96920.0, 7760.0], [96915.5, 26000.0], [96915.0, 18470.0], [96914.5, 14360.0], [96913.5, 45000.0], [96910.0, 38520.0], [96909.0, 64410.0], [96907.5, 40.0]], "asks": [[96936.5, 254760.0], [96947.0, 490.0], [96948.0, 49380.0], [96948.5, 45000.0], [96949.5, 63910.0], [96950.0, 91620.0], [96950.5, 26000.0], [96951.5, 10990.0], [96952.0, 27820.0], [96955.0, 64870.0], [96955.5, 10990.0], [96960.0, 18260.0], [96961.5, 25990.0], [96962.0, 26000.0], [96964.5, 14360.0], [96965.0, 7050.0], [96966.0, 7180.0], [96966.5, 750.0], [96968.0, 15700.0], [96970.5, 49410.0]]}}}
{"jsonrpc": "2.0", "method": "subscription", "params": {"channel": "book.BTC-PERPETUAL.none.20.100ms", "data": {"timestamp": 1763116187197, "change_id": 126928310638, "instrument_name": "BTC-PERPETUAL", "bids": [[96936.0, 83910.0], [96930.5, 3280.0], [96930.0, 10990.0], [96929.5, 10990.0], [96929.0, 13310.0], [96927.5, 20.0], [96927.0, 7580.0], [96925.5, 26000.0], [96925.0, 8350.0], [96921.5, 4040.0], [96921.0, 490.0], [96920.5, 25990.0], [96920.0, 7760.0], [96915.5, 26000.0], [96915.0, 18470.0], [96914.5, 14360.0], [96913.5, 45000.0], [96910.0, 38520.0], [96909.0, 64410.0], [96907.5, 40.0]], "asks": [[96936.5, 199060.0], [96947.5, 490.0], [96948.0, 49380.0], [96948.5, 45000.0], [96949.5, 63910.0], [96950.0, 91620.0], [96950.5, 26000.0], [96951.5, 10990.0], [96952.0, 27820.0], [96955.0, 64870.0], [96955.5, 10990.0], [96960.0, 18260.0], [96961.5, 25990.0], [96962.0, 26000.0], [96964.5, 14360.0], [96965.0, 7050.0], [96966.0, 7180.0], [96966.5, 750.0], [96968.0, 15700.0], [96970.5, 49410.0]]}}}
{"jsonrpc": "2.0", "method": "subscription", "params": {"channel": "book.BTC-PERPETUAL.none.20.100ms", "data": {"timestamp": 1763116187529, "change_id": 126928311135, "instrument_name": "BTC-PERPETUAL", "bids": [[96936.0, 40.0], [96930.5, 3280.0], [96930.0, 10990.0], [96929.0, 13310.0], [96928.0, 11600.0], [96927.5, 20.0], [96927.0, 7580.0], [96926.0, 10990.0], [96925.5, 26000.0], [96925.0, 1350.0], [96921.5, 4040.0], [96920.0, 14530.0], [96916.0, 26480.0], [96915.5, 26000.0], [96915.0, 18470.0], [96914.5, 14360.0], [96913.5, 45000.0], [96910.0, 23510.0], [96909.0, 14410.0], [96907.5, 40.0]], "asks": [[96936.5, 199060.0], [96947.0, 10990.0], [96947.5, 9480.0], [96948.0, 49380.0], [96948.5, 45000.0], [96949.0, 72580.0], [96949.5, 55800.0], [96950.0, 77670.0], [96950.5, 26000.0], [96952.0, 27820.0], [96954.0, 25990.0], [96960.0, 12050.0], [96962.0, 26000.0], [96964.5, 14360.0], [96965.0, 7050.0], [96966.0, 7180.0], [96966.5, 750.0], [96968.0, 15700.0], [96970.5, 49410.0], [96972.0, 28750.0]]}}}
{"jsonrpc": "2.0", "method": "subscription", "params": {"channel": "book.BTC-PERPETUAL.none.20.100ms", "data": {"timestamp": 1763116187833, "change_id": 126928311605, "instrument_name": "BTC-PERPETUAL", "bids": [[96936.0, 16540.0], [96930.5, 3280.0], [96930.0, 10990.0], [96929.0, 13310.0], [96928.5, 10990.0], [96928.0, 11600.0], [96927.5, 20.0], [96927.0, 7580.0], [96925.5, 26000.0], [96925.0, 8790.0], [96921.5, 4040.0], [96921.0, 490.0], [96920.5, 25990.0], [96920.0, 7760.0], [96915.5, 26000.0], [96915.0, 18470.0], [96914.5, 14360.0], [96913.5, 45000.0], [96909.0, 14410.0], [96908.0, 50000.0]], "asks": [[96936.5, 199060.0], [96945.0, 490.0], [96948.0, 60370.0], [96948.5, 45000.0], [96949.0, 7790.0], [96949.5, 55800.0], [96950.0, 81500.0], [96950.5, 26000.0], [96951.5, 72580.0], [96952.0, 2820.0], [96956.5, 15220.0], [96957.0, 25990.0], [96958.0, 25000.0], [96960.0, 12050.0], [96962.0, 26000.0], [96964.5, 14360.0], [96965.0, 7050.0], [96966.0, 7180.0], [96966.5, 750.0], [96968.0, 15700.0]]}}}
