{"jsonrpc": "2.0", "id": 1, "result": ["book.BTC-PERPETUAL.none.20.100ms"], "usIn": 1757931662776825, "usOut": 1757931662777043, "usDiff": 218, "testnet": false}
{"jsonrpc": "2.0", "method": "subscription", "params": {"channel": "book.BTC-PERPETUAL.none.20.100ms", "data": {"timestamp": 1757931662770, "change_id": 117469717032, "instrument_name": "BTC-PERPETUAL", "bids": [[114997.0, 531510.0], [114996.5, 13700.0], [114996.0, 8140.0], [114994.5, 234600.0], [114992.5, 20.0], [114992.0, 20.0], [114991.5, 20.0], [114991.0, 20.0], [114990.5, 20.0], [114990.0, 50.0], [114989.5, 20.0], [114986.5, 9240.0], [114986.0, 27180.0], [114985.5, 24010.0], [114984.5, 66600.0], [114983.5, 11000.0], [114983.0, 49510.0], [114982.0, 45000.0], [114980.0, 11000.0], [114979.5, 7850.0]], "asks": [[114997.5, 114530.0], [114999.0, 120.0], [114999.5, 234510.0], [115001.5, 3280.0], [115003.0, 20280.0], [115003.5, 66600.0], [115004.5, 25000.0], [115005.0, 48670.0], [115006.0, 1000.0], [115007.5, 22000.0], [115008.0, 100030.0], [115008.5, 6000.0], [115010.0, 200.0], [115011.0, 29140.0], [115011.5, 45000.0], [115015.0, 1000.0], [115015.5, 20.0], [115016.0, 63100.0], [115016.5, 1020.0], [115017.0, 20.0]]}}}
{"jsonrpc": "2.0", "method": "subscription", "params": {"channel": "book.BTC-PERPETUAL.none.20.100ms", "data": {"timestamp": 1757931662824, "change_id": 117469717184, "instrument_name": "BTC-PERPETUAL", "bids": [[114997.0, 531510.0], [114996.5, 13700.0], [114996.0, 8140.0], [114994.5, 234600.0], [114992.5, 20.0], [114992.0, 20.0], [114991.5, 20.0], [114991.0, 20.0], [114990.5, 20.0], [114990.0, 50.0], [114989.5, 20.0], [114986.5, 9240.0], [114986.0, 27180.0], [114985.5, 24010.0], [114984.5, 66600.0], [114983.5, 11000.0], [114983.0, 49510.0], [114982.0, 45000.0], [114980.0, 11000.0], [114979.5, 7850.0]], "asks": [[114997.5, 114530.0], [114999.0, 120.0], [114999.5, 234510.0], [115001.5, 3280.0], [115003.0, 20280.0], [115003.5, 66600.0], [115004.5, 25000.0], [115005.0, 48670.0], [115006.0, 1000.0], [115007.5, 22000.0], [115008.0, 100030.0], [115008.5, 6000.0], [115010.0, 200.0], [115011.0, 29140.0], [115011.5, 45000.0], [115015.0, 1000.0], [115015.5, 20.0], [115016.0, 63100.0], [115016.5, 1020.0], [115017.0, 20.0]]}}}
{"jsonrpc": "2.0", "method": "subscription", "params": {"channel": "book.BTC-PERPETUAL.none.20.100ms", "data": {"timestamp": 1757931663161, "change_id": 117469717781, "instrument_name": "BTC-PERPETUAL", "bids": [[114997.0, 531510.0], [114996.5, 13700.0], [114996.0, 8140.0], [114994.5, 234600.0], [114992.5, 20.0], [114992.0, 20.0], [114991.5, 20.0], [114990.5, 20.0], [114990.0, 50.0], [114989.5, 20.0], [114986.5, 9240.0], [114986.0, 27180.0], [114985.5, 24010.0], [114984.5, 66600.0], [114983.0, 23510.0], [114982.5, 11000.0], [114982.0, 45000.0], [114980.5, 26000.0], [114980.0, 11000.0], [114979.5, 7850.0]], "asks": [[114997.5, 114530.0], [114999.0, 120.0], [114999.5, 234510.0], [115001.5, 3280.0], [115003.0, 20280.0], [115003.5, 66600.0], [115004.5, 25000.0], [115005.0, 48670.0], [115006.0, 1000.0], [115007.0, 11000.0], [115007.5, 11000.0], [115008.0, 100030.0], [115008.5, 6000.0], [115010.0, 200.0], [115011.0, 29140.0], [115011.5, 45000.0], [115015.0, 1000.0], [115015.5, 20.0], [115016.0, 63100.0], [115016.5, 1020.0]]}}}
{"jsonrpc": "2.0", "method": "subscription", "params": {"channel": "book.BTC-PERPETUAL.none.20.100ms", "data": {"timestamp": 1757931663493, "change_id": 117469717920, "instrument_name": "BTC-PERPETUAL", "bids": [[114997.0, 531510.0], [114996.5, 13700.0], [114996.0, 8140.0], [114994.5, 234600.0], [114993.0, 20.0], [114992.5, 20.0], [114992.0, 20.0], [114991.5, 20.0], [114991.0, 20.0], [114990.5, 20.0], [114990.0, 50.0], [114986.5, 9240.0], [114986.0, 27180.0], [114985.5, 24010.0], [114984.5, 66600.0], [114983.5, 11000.0], [114983.0, 49510.0], [114982.0, 45000.0], [114980.0, 11000.0], [114979.5, 7850.0]], "asks": [[114997.5, 118120.0], [114999.0, 120.0], [114999.5, 234510.0], [115003.0, 20280.0], [115003.5, 66600.0], [115004.5, 25000.0], [115005.0, 48670.0], [115006.0, 1000.0], [115007.5, 11000.0], [115008.0, 111030.0], [115008.5, 6000.0], [115009.0, 90.0], [115010.0, 200.0], [115011.0, 29140.0], [115011.5, 45000.0], [115015.0, 1000.0], [115016.0, 63100.0], [115016.5, 1020.0], [115017.0, 20.0], [115017.5, 20.0]]}}}
{"jsonrpc": "2.0", "method": "subscription", "params": {"channel": "book.BTC-PERPETUAL.none.20.100ms", "data": {"timestamp": 1757931663778, "change_id": 117469718206, "instrument_name": "BTC-PERPETUAL", "bids": [[114997.0, 531510.0], [114996.5, 13700.0], [114996.0, 8140.0], [114994.5, 234600.0], [114993.0, 20.0], [114992.5, 20.0], [114992.0, 20.0], [114991.5, 20.0], [114991.0, 20.0], [114990.5, 20.0], [114990.0, 50.0], [114986.5, 9240.0], [114986.0, 27180.0], [114985.5, 24010.0], [114984.5, 66600.0], [114983.5, 11000.0], [114983.0, 49510.0], [114982.0, 45000.0], [114980.0, 11000.0], [114979.5, 7850.0]], "asks": [[114997.5, 118120.0], [114999.0, 120.0], [114999.5, 234510.0], [115001.5, 3070.0], [115003.0, 20280.0], [115003.5, 66600.0], [115004.5, 25000.0], [115005.0, 48670.0], [115006.0, 1000.0], [115007.5, 11000.0], [115008.0, 111030.0], [115008.5, 6000.0], [115009.0, 90.0], [115010.0, 200.0], [115011.0, 29140.0], [115011.5, 45000.0], [115015.0, 1000.0], [115016.0, 63100.0], [115016.5, 1020.0], [115017.0, 20.0]]}}}
{"jsonrpc": "2.0", "method": "subscription", "params": {"channel": "book.BTC-PERPETUAL.none.20.100ms", "data": {"timestamp": 1757931664132, "change_id": 117469718829, "instrument_name": "BTC-PERPETUAL", "bids": [[114997.0, 531510.0], [114996.5, 13700.0], [114996.0, 8140.0], [114995.0, 70430.0], [114994.5, 234600.0], [114993.0, 20.0], [114992.5, 20.0], [114992.0, 20.0], [114991.5, 20.0], [114991.0, 20.0], [114990.5, 20.0], [114990.0, 50.0], [114986.5, 9240.0], [114986.0, 27180.0], [114985.5, 24010.0], [114984.5, 66600.0], [114983.5, 11000.0], [114983.0, 49510.0], [114982.0, 45000.0], [114980.0, 11000.0]], "asks": [[114997.5, 118120.0], [114999.0, 120.0], [114999.5, 234510.0], [115001.5, 3070.0], [115003.0, 20280.0], [115003.5, 66600.0], [115004.5, 25000.0], [115005.0, 48670.0], [115006.0, 1000.0], [115007.5, 11000.0], [115008.0, 100030.0], [115008.5, 6000.0], [115009.0, 90.0], [115010.0, 200.0], [115010.5, 11000.0], [115011.0, 29140.0], [115011.5, 45000.0], [115015.0, 1000.0], [115016.0, 63100.0], [115016.5, 1020.0]]}}}
{"jsonrpc": "2.0", "method": "subscription", "params": {"channel": "book.BTC-PERPETUAL.none.20.100ms", "data": {"timestamp": 1757931664476, "change_id": 117469718982, "instrument_name": "BTC-PERPETUAL", "bids": [[114997.0, 531510.0], [114996.5, 13700.0], [114996.0, 8140.0], [114995.0, 70430.0], [114994.5, 234600.0], [114993.0, 20.0], [114992.5, 20.0], [114992.0, 20.0], [114991.5, 20.0], [114991.0, 20.0], [114990.5, 20.0], [114990.0, 30.0], [114986.5, 9240.0], [114986.0, 27180.0], [114985.5, 24010.0], [114984.5, 66600.0], [114983.5, 11000.0], [114983.0, 49510.0], [114982.0, 45000.0], [114980.0, 11000.0]], "asks": [[114997.5, 88120.0], [114999.0, 120.0], [114999.5, 234510.0], [115001.5, 3070.0], [115003.0, 20280.0], [115003.5, 66600.0], [115004.5, 25000.0], [115005.0, 48670.0], [115006.0, 1000.0], [115007.5, 11000.0], [115008.0, 111030.0], [115008.5, 6000.0], [115009.0, 90.0], [115010.0, 200.0], [115011.0, 29140.0], [115011.5, 45000.0], [115015.0, 1000.0], [115016.0, 63100.0], [115016.5, 1020.0], [115017.0, 20.0]]}}}
{"jsonrpc": "2.0", "method": "subscription", "params": {"channel": "book.BTC-PERPETUAL.none.20.100ms", "data": {"timestamp": 1757931664806, "change_id": 117469719273, "instrument_name": "BTC-PERPETUAL", "bids": [[114997.0, 531510.0], [114996.5, 13700.0], [114996.0, 8140.0], [114995.0, 70430.0], [114994.5, 234600.0], [114993.0, 20.0], [114992.5, 20.0], [114992.0, 20.0], [114991.5, 20.0], [114991.0, 20.0], [114990.5, 20.0], [114990.0, 50.0], [114986.5, 9240.0], [114986.0, 27180.0], [114985.5, 24010.0], [114985.0, 11000.0], [114984.5, 66600.0], [114983.5, 26000.0], [114983.0, 23510.0], [114982.0, 45000.0]], "asks": [[114997.5, 89610.0], [114999.0, 120.0], [114999.5, 234510.0], [115003.0, 20280.0], [115003.5, 66600.0], [115004.5, 25000.0], [115005.0, 35500.0], [115006.0, 1000.0], [115008.0, 122030.0], [115008.5, 6000.0], [115009.0, 90.0], [115010.0, 200.0], [115011.0, 29140.0], [115011.5, 45000.0], [115015.0, 1000.0], [115016.0, 63080.0], [115016.5, 1020.0], [115017.0, 20.0], [115017.5, 20.0], [115018.0, 20.0]]}}}
{"jsonrpc": "2.0", "method": "subscription", "params": {"channel": "book.BTC-PERPETUAL.none.20.100ms", "data": {"timestamp": 1757931665123, "change_id": 117469719799, "instrument_name": "BTC-PERPETUAL", "bids": [[114997.0, 531510.0], [114996.5, 13700.0], [114996.0, 8140.0], [114995.0, 70430.0], [114994.5, 234600.0], [114993.0, 20.0], [114992.5, 20.0], [114992.0, 20.0], [114991.5, 20.0], [114991.0, 20.0], [114990.5, 20.0], [114990.0, 50.0], [114986.5, 9240.0], [114986.0, 27180.0], [114985.5, 24010.0], [114984.5, 66600.0], [114983.5, 37000.0], [114983.0, 23510.0], [114982.0, 45000.0], [114980.0, 11000.0]], "asks": [[114997.5, 89610.0], [114999.0, 120.0], [114999.5, 234510.0], [115003.0, 20280.0], [115003.5, 66600.0], [115004.5, 25000.0], [115005.0, 35500.0], [115006.0, 1000.0], [115008.0, 122030.0], [115008.5, 6000.0], [115009.0, 90.0], [115010.0, 200.0], [115011.0, 29140.0], [115011.5, 45000.0], [115015.0, 1000.0], [115016.0, 63080.0], [115016.5, 1020.0], [115017.0, 20.0], [115017.5, 20.0], [115018.0, 20.0]]}}}
{"jsonrpc": "2.0", "method": "subscription", "params": {"channel": "book.BTC-PERPETUAL.none.20.100ms", "data": {"timestamp": 1757931665421, "change_id": 117469720037, "instrument_name": "BTC-PERPETUAL", "bids": [[114997.0, 531510.0], [114996.5, 13700.0], [114996.0, 8140.0], [114995.0, 70430.0], [114994.5, 234600.0], [114993.0, 20.0], [114992.5, 20.0], [114992.0, 20.0], [114991.5, 20.0], [114991.0, 20.0], [114990.5, 20.0], [114990.0, 50.0], [114986.5, 9240.0], [114986.0, 27180.0], [114985.5, 24010.0], [114984.5, 66600.0], [114983.5, 37000.0], [114983.0, 23510.0], [114982.0, 45000.0], [114980.0, 11000.0]], "asks": [[114997.5, 89610.0], [114999.0, 120.0], [114999.5, 234510.0], [115003.0, 20280.0], [115003.5, 66600.0], [115004.5, 25000.0], [115005.0, 35500.0], [115006.0, 1000.0], [115008.0, 122030.0], [115008.5, 6000.0], [115009.0, 90.0], [115010.0, 200.0], [115011.0, 29140.0], [115011.5, 45000.0], [115015.0, 1000.0], [115016.0, 63080.0], [115016.5, 1020.0], [115017.0, 20.0], [115017.5, 20.0], [115018.0, 20.0]]}}}
{"jsonrpc": "2.0", "method": "subscription", "params": {"channel": "book.BTC-PERPETUAL.none.20.100ms", "data": {"timestamp": 1757931665790, "change_id": 117469720333, "instrument_name": "BTC-PERPETUAL", "bids": [[114997.0, 531510.0], [114996.5, 13700.0], [114996.0, 8140.0], [114995.0, 70430.0], [114994.5, 234600.0], [114992.0, 20.0], [114991.5, 20.0], [114991.0, 20.0], [114990.5, 20.0], [114990.0, 50.0], [114989.5, 20.0], [114986.5, 9240.0], [114986.0, 27180.0], [114985.5, 24010.0], [114984.5, 66600.0], [114983.0, 34510.0], [114982.5, 11000.0], [114982.0, 45000.0], [114980.5, 26000.0], [114979.5, 7850.0]], "asks": [[114997.5, 89610.0], [114999.0, 120.0], [114999.5, 234510.0], [115003.0, 20280.0], [115003.5, 66600.0], [115004.5, 25000.0], [115005.0, 35500.0], [115006.0, 1000.0], [115007.5, 11000.0], [115008.0, 111030.0], [115008.5, 6000.0], [115009.0, 90.0], [115010.0, 200.0], [115011.0, 29140.0], [115011.5, 45000.0], [115015.5, 20.0], [115016.0, 62100.0], [115016.5, 20.0], [115017.0, 20.0], [115017.5, 20.0]]}}}
{"jsonrpc": "2.0", "method": "subscription", "params": {"channel": "book.BTC-PERPETUAL.none.20.100ms", "data": {"timestamp": 1757931666031, "change_id": 117469720602, "instrument_name": "BTC-PERPETUAL", "bids": [[114997.0, 531510.0], [114996.5, 13700.0], [114996.0, 8140.0], [114995.0, 70430.0], [114994.5, 234600.0], [114993.5, 20.0], [114993.0, 20.0], [114992.5, 20.0], [114992.0, 20.0], [114991.5, 20.0], [114991.0, 20.0], [114990.5, 20.0], [114990.0, 50.0], [114987.5, 41060.0], [114987.0, 66600.0], [114986.5, 9240.0], [114985.5, 24010.0], [114983.0, 60510.0], [114982.0, 45000.0], [114980.0, 11000.0]], "asks": [[114997.5, 89610.0], [114999.0, 120.0], [114999.5, 234510.0], [115003.0, 20280.0], [115003.5, 66600.0], [115004.5, 25000.0], [115005.0, 35500.0], [115006.0, 1000.0], [115007.5, 11000.0], [115008.0, 111030.0], [115008.5, 6000.0], [115009.0, 90.0], [115010.0, 200.0], [115011.0, 29140.0], [115011.5, 45000.0], [115016.0, 62100.0], [115016.5, 20.0], [115017.0, 20.0], [115017.5, 20.0], [115018.0, 20.0]]}}}
{"jsonrpc": "2.0", "method": "subscription", "params": {"channel": "book.BTC-PERPETUAL.none.20.100ms", "data": {"timestamp": 1757931666308, "change_id": 117469720986, "instrument_name": "BTC-PERPETUAL", "bids": [[114997.0, 561510.0], [114996.5, 13700.0], [114996.0, 8140.0], [114995.0, 70430.0], [114994.5, 234600.0], [114993.0, 20.0], [114992.5, 20.0], [114992.0, 20.0], [114991.5, 20.0], [114991.0, 20.0], [114990.5, 20.0], [114990.0, 50.0], [114989.5, 20.0], [114987.5, 41060.0], [114987.0, 66600.0], [114986.5, 9240.0], [114985.5, 24010.0], [114983.0, 60510.0], [114982.0, 45000.0], [114980.0, 11000.0]], "asks": [[114997.5, 89610.0], [114999.0, 120.0], [114999.5, 234510.0], [115003.0, 20280.0], [115003.5, 66600.0], [115004.5, 25000.0], [115005.0, 35500.0], [115006.0, 1000.0], [115007.5, 11000.0], [115008.0, 111030.0], [115008.5, 6000.0], [115009.0, 90.0], [115010.0, 200.0], [115011.0, 29140.0], [115011.5, 45000.0], [115015.5, 20.0], [115016.0, 62100.0], [115016.5, 20.0], [115017.0, 20.0], [115017.5, 20.0]]}}}
{"jsonrpc": "2.0", "method": "subscription", "params": {"channel": "book.BTC-PERPETUAL.none.20.100ms", "data": {"timestamp": 1757931666736, "change_id": 117469721307, "instrument_name": "BTC-PERPETUAL", "bids": [[114997.0, 561510.0], [114996.5, 13700.0], [114996.0, 8140.0], [114995.0, 70430.0], [114994.5, 234600.0], [114993.0, 20.0], [114992.5, 20.0], [114992.0, 20.0], [114991.5, 20.0], [114991.0, 20.0], [114990.5, 20.0], [114990.0, 50.0], [114987.5, 41060.0], [114987.0, 66600.0], [114986.5, 9240.0], [114985.5, 24010.0], [114983.0, 60510.0], [114982.0, 45000.0], [114980.0, 11000.0], [114979.5, 7850.0]], "asks": [[114997.5, 88200.0], [114999.0, 120.0], [114999.5, 234510.0], [115003.0, 20280.0], [115003.5, 66600.0], [115004.5, 25000.0], [115005.0, 35500.0], [115006.0, 1000.0], [115007.5, 11000.0], [115008.0, 111030.0], [115008.5, 6000.0], [115009.0, 90.0], [115010.0, 200.0], [115011.0, 29140.0], [115011.5, 45000.0], [115016.0, 62100.0], [115016.5, 20.0], [115017.0, 20.0], [115017.5, 20.0], [115018.0, 20.0]]}}}
{"jsonrpc": "2.0", "method": "subscription", "params": {"channel": "book.BTC-PERPETUAL.none.20.100ms", "data": {"timestamp": 1757931667128, "change_id": 117469722066, "instrument_name": "BTC-PERPETUAL", "bids": [[114997.0, 561510.0], [114996.5, 13720.0], [114996.0, 8160.0], [114995.5, 20.0], [114995.0, 70450.0], [114994.5, 234620.0], [114994.0, 20.0], [114993.5, 20.0], [114993.0, 20.0], [114990.0, 30.0], [114987.5, 78060.0], [114987.0, 111600.0], [114986.5, 9240.0], [114985.5, 24010.0], [114983.0, 10010.0], [114982.5, 11000.0], [114979.5, 7850.0], [114979.0, 14500.0], [114977.5, 53010.0], [114977.0, 2880.0]], "asks": [[114997.5, 88200.0], [114999.0, 120.0], [115003.0, 19980.0], [115003.5, 66600.0], [115005.0, 35500.0], [115006.0, 1000.0], [115008.0, 100030.0], [115009.0, 90.0], [115010.0, 25000.0], [115010.5, 22000.0], [115011.0, 14100.0], [115015.5, 6000.0], [115016.0, 71970.0], [115018.0, 45000.0], [115018.5, 33270.0], [115021.5, 30980.0], [115022.5, 40600.0], [115023.0, 2880.0], [115024.0, 200.0], [115024.5, 33260.0]]}}}
{"jsonrpc": "2.0", "method": "subscription", "params": {"channel": "book.BTC-PERPETUAL.none.20.100ms", "data": {"timestamp": 1757931667446, "change_id": 117469722560, "instrument_name": "BTC-PERPETUAL", "bids": [[114997.0, 565820.0], [114996.5, 13700.0], [114996.0, 8160.0], [114995.5, 9260.0], [114995.0, 70450.0], [114994.5, 234620.0], [114994.0, 20.0], [114993.5, 20.0], [114993.0, 20.0], [114990.0, 30.0], [114987.5, 78060.0], [114987.0, 111600.0], [114986.0, 11000.0], [114985.5, 24010.0], [114983.0, 6710.0], [114979.5, 7850.0], [114979.0, 14500.0], [114977.5, 39320.0], [114977.0, 2880.0], [114975.0, 82600.0]], "asks": [[114997.5, 85490.0], [114999.0, 120.0], [114999.5, 234470.0], [115003.5, 66600.0], [115004.5, 25000.0], [115007.0, 2880.0], [115007.5, 30340.0], [115008.0, 100030.0], [115009.0, 1090.0], [115011.0, 21640.0], [115015.0, 22000.0], [115015.5, 6000.0], [115016.0, 71970.0], [115018.0, 45000.0], [115018.5, 33270.0], [115020.0, 20.0], [115020.5, 20.0], [115021.0, 20.0], [115021.5, 23100.0], [115022.0, 20.0]]}}}
{"jsonrpc": "2.0", "method": "subscription", "params": {"channel": "book.BTC-PERPETUAL.none.20.100ms", "data": {"timestamp": 1757931667732, "change_id": 117469722819, "instrument_name": "BTC-PERPETUAL", "bids": [[114997.0, 569700.0], [114996.5, 13700.0], [114996.0, 8140.0], [114995.5, 9260.0], [114995.0, 70450.0], [114994.5, 234620.0], [114994.0, 20.0], [114993.5, 20.0], [114993.0, 20.0], [114992.5, 20.0], [114992.0, 20.0], [114990.0, 30.0], [114987.5, 78060.0], [114987.0, 111600.0], [114986.0, 11000.0], [114985.5, 24010.0], [114983.0, 36220.0], [114982.0, 101180.0], [114979.5, 7850.0], [114979.0, 14500.0]], "asks": [[114997.5, 115490.0], [114999.0, 120.0], [114999.5, 234470.0], [115003.5, 66600.0], [115004.5, 25000.0], [115007.0, 2880.0], [115007.5, 30340.0], [115008.0, 100030.0], [115009.0, 90.0], [115011.0, 21640.0], [115015.0, 22000.0], [115015.5, 6000.0], [115016.0, 71970.0], [115018.0, 45000.0], [115018.5, 34270.0], [115019.0, 20.0], [115019.5, 20.0], [115020.0, 20.0], [115020.5, 20.0], [115021.0, 20.0]]}}}
{"jsonrpc": "2.0", "method": "subscription", "params": {"channel": "book.BTC-PERPETUAL.none.20.100ms", "data": {"timestamp": 1757931668040, "change_id": 117469723368, "instrument_name": "BTC-PERPETUAL", "bids": [[114997.0, 569700.0], [114996.5, 13700.0], [114996.0, 8140.0], [114995.5, 9260.0], [114995.0, 70450.0], [114994.5, 234620.0], [114994.0, 20.0], [114993.5, 20.0], [114993.0, 20.0], [114992.5, 20.0], [114992.0, 20.0], [114990.0, 30.0], [114987.5, 78060.0], [114987.0, 111600.0], [114986.0, 11000.0], [114985.5, 24010.0], [114983.0, 36220.0], [114982.0, 101180.0], [114979.5, 7850.0], [114979.0, 14500.0]], "asks": [[114997.5, 115490.0], [114999.0, 120.0], [114999.5, 234470.0], [115003.5, 66600.0], [115004.5, 25000.0], [115007.0, 2880.0], [115007.5, 30340.0], [115008.0, 100030.0], [115009.0, 90.0], [115011.0, 21640.0], [115015.0, 22000.0], [115015.5, 6000.0], [115016.0, 71970.0], [115018.0, 45000.0], [115018.5, 34290.0], [115019.0, 20.0], [115019.5, 20.0], [115020.0, 20.0], [115020.5, 20.0], [115021.0, 20.0]]}}}
{"jsonrpc": "2.0", "method": "subscription", "params": {"channel": "book.BTC-PERPETUAL.none.20.100ms", "data": {"timestamp": 1757931668432, "change_id": 117469723541, "instrument_name": "BTC-PERPETUAL", "bids": [[114997.0, 569700.0], [114996.5, 13700.0], [114996.0, 8140.0], [114995.5, 9240.0], [114995.0, 70430.0], [114994.5, 234620.0], [114994.0, 20.0], [114993.5, 20.0], [114993.0, 20.0], [114992.5, 20.0], [114992.0, 20.0], [114990.0, 30.0], [114987.5, 78060.0], [114987.0, 111600.0], [114986.0, 11000.0], [114985.5, 24010.0], [114983.0, 36220.0], [114982.0, 101180.0], [114979.5, 7850.0], [114979.0, 14500.0]], "asks": [[114997.5, 115490.0], [114999.0, 120.0], [114999.5, 234470.0], [115003.5, 66600.0], [115004.5, 25000.0], [115007.0, 2880.0], [115007.5, 30340.0], [115008.0, 100030.0], [115009.0, 90.0], [115011.0, 21640.0], [115015.0, 22000.0], [115015.5, 6000.0], [115016.0, 71970.0], [115017.5, 20.0], [115018.0, 45020.0], [115018.5, 34290.0], [115019.0, 20.0], [115019.5, 20.0], [115020.0, 20.0], [115020.5, 20.0]]}}}
{"jsonrpc": "2.0", "method": "subscription", "params": {"channel": "book.BTC-PERPETUAL.none.20.100ms", "data": {"timestamp": 1757931668780, "change_id": 117469723946, "instrument_name": "BTC-PERPETUAL", "bids": [[114997.0, 811460.0], [114996.5, 16190.0], [114996.0, 8160.0], [114995.5, 20.0], [114995.0, 20.0], [114994.5, 20.0], [114994.0, 20.0], [114993.5, 20.0], [114990.0, 30.0], [114988.0, 11000.0], [114987.5, 78060.0], [114987.0, 111600.0], [114985.5, 24010.0], [114983.0, 36220.0], [114982.5, 40000.0], [114982.0, 101180.0], [114979.5, 7850.0], [114979.0, 14500.0], [114977.5, 39320.0], [114977.0, 2880.0]], "asks": [[114997.5, 115340.0], [114999.0, 120.0], [115007.0, 2880.0], [115007.5, 30340.0], [115008.0, 100030.0], [115009.0, 90.0], [115010.0, 25000.0], [115011.0, 40680.0], [115015.0, 22000.0], [115015.5, 6000.0], [115016.0, 138570.0], [115018.0, 45000.0], [115018.5, 34270.0], [115021.5, 23100.0], [115022.0, 20.0], [115022.5, 40620.0], [115023.0, 2900.0], [115023.5, 20.0], [115024.0, 220.0], [115024.5, 33280.0]]}}}
{"jsonrpc": "2.0", "method": "subscription", "params": {"channel": "book.BTC-PERPETUAL.none.20.100ms", "data": {"timestamp": 1757931669112, "change_id": 117469724453, "instrument_name": "BTC-PERPETUAL", "bids": [[114997.0, 811460.0], [114996.5, 16190.0], [114996.0, 8160.0], [114995.5, 20.0], [114995.0, 20.0], [114994.5, 20.0], [114994.0, 20.0], [114993.5, 20.0], [114990.0, 30.0], [114988.0, 11000.0], [114987.5, 78060.0], [114987.0, 111600.0], [114985.5, 24010.0], [114983.0, 36220.0], [114982.5, 40000.0], [114982.0, 101180.0], [114979.5, 7850.0], [114979.0, 14500.0], [114977.5, 39320.0], [114977.0, 2880.0]], "asks": [[114997.5, 115350.0], [114999.0, 120.0], [115006.0, 234460.0], [115007.0, 2880.0], [115007.5, 30340.0], [115008.0, 100030.0], [115009.0, 25090.0], [115011.0, 40680.0], [115015.0, 22000.0], [115015.5, 6000.0], [115016.0, 138570.0], [115018.0, 45000.0], [115018.5, 34270.0], [115021.5, 23100.0], [115022.0, 20.0], [115022.5, 40620.0], [115023.0, 2900.0], [115023.5, 20.0], [115024.0, 220.0], [115024.5, 33280.0]]}}}
{"jsonrpc": "2.0", "method": "subscription", "params": {"channel": "book.BTC-PERPETUAL.none.20.100ms", "data": {"timestamp": 1757931669427, "change_id": 117469724591, "instrument_name": "BTC-PERPETUAL", "bids": [[114997.0, 804090.0], [114996.5, 25430.0], [114996.0, 8160.0], [114995.5, 20.0], [114995.0, 20.0], [114994.5, 20.0], [114994.0, 20.0], [114993.5, 20.0], [114990.0, 30.0], [114988.0, 11000.0], [114987.5, 78060.0], [114987.0, 111600.0], [114985.5, 24010.0], [114983.0, 36220.0], [114982.5, 40000.0], [114982.0, 101180.0], [114979.5, 7850.0], [114979.0, 14500.0], [114977.5, 39320.0], [114977.0, 2880.0]], "asks": [[114997.5, 115430.0], [114999.0, 120.0], [115006.0, 234460.0], [115007.0, 2880.0], [115007.5, 30340.0], [115008.0, 100030.0], [115009.0, 25090.0], [115011.0, 40680.0], [115015.0, 22000.0], [115015.5, 6000.0], [115016.0, 138570.0], [115018.0, 45000.0], [115018.5, 34270.0], [115021.5, 23100.0], [115022.0, 20.0], [115022.5, 40620.0], [115023.0, 2900.0], [115023.5, 20.0], [115024.0, 220.0], [115024.5, 33280.0]]}}}
{"jsonrpc": "2.0", "method": "subscription", "params": {"channel": "book.BTC-PERPETUAL.none.20.100ms", "data": {"timestamp": 1757931669728, "change_id": 117469724765, "instrument_name": "BTC-PERPETUAL", "bids": [[114997.0, 804090.0], [114996.5, 25450.0], [114996.0, 8160.0], [114995.5, 20.0], [114995.0, 20.0], [114994.5, 20.0], [114994.0, 20.0], [114993.5, 20.0], [114990.0, 30.0], [114988.0, 11000.0], [114987.5, 78060.0], [114987.0, 111600.0], [114985.5, 24010.0], [114983.0, 36220.0], [114982.5, 40000.0], [114982.0, 101180.0], [114979.5, 7850.0], [114979.0, 14500.0], [114977.5, 39320.0], [114977.0, 2880.0]], "asks": [[114997.5, 115430.0], [114999.0, 120.0], [115006.0, 234460.0], [115007.0, 2880.0], [115007.5, 30340.0], [115008.0, 100030.0], [115009.0, 25090.0], [115011.0, 40680.0], [115015.0, 22000.0], [115015.5, 6000.0], [115016.0, 138570.0], [115018.0, 45000.0], [115018.5, 34270.0], [115020.0, 20.0], [115020.5, 20.0], [115021.0, 20.0], [115021.5, 23100.0], [115022.0, 20.0], [115022.5, 40620.0], [115023.0, 2900.0]]}}}
{"jsonrpc": "2.0", "method": "subscription", "params": {"channel": "book.BTC-PERPETUAL.none.20.100ms", "data": {"timestamp": 1757931670031, "change_id": 117469725111, "instrument_name": "BTC-PERPETUAL", "bids": [[114997.0, 813330.0], [114996.5, 16210.0], [114996.0, 8160.0], [114995.5, 20.0], [114995.0, 20.0], [114994.5, 20.0], [114994.0, 20.0], [114993.5, 20.0], [114990.0, 30.0], [114988.0, 11000.0], [114987.5, 78060.0], [114987.0, 111600.0], [114985.5, 24010.0], [114983.0, 63010.0], [114982.5, 40000.0], [114982.0, 101180.0], [114980.0, 21000.0], [114979.5, 7850.0], [114979.0, 14500.0], [114978.0, 61600.0]], "asks": [[114997.5, 115430.0], [114999.0, 120.0], [115006.0, 234460.0], [115007.0, 2880.0], [115007.5, 30340.0], [115008.0, 100030.0], [115009.0, 25090.0], [115011.0, 40680.0], [115015.0, 22000.0], [115015.5, 6000.0], [115016.0, 138570.0], [115018.0, 45000.0], [115018.5, 34270.0], [115020.0, 20.0], [115020.5, 20.0], [115021.0, 20.0], [115021.5, 23100.0], [115022.0, 20.0], [115022.5, 40620.0], [115023.0, 2900.0]]}}}
{"jsonrpc": "2.0", "method": "subscription", "params": {"channel": "book.BTC-PERPETUAL.none.20.100ms", "data": {"timestamp": 1757931670377, "change_id": 117469725457, "instrument_name": "BTC-PERPETUAL", "bids": [[114997.0, 813330.0], [114996.5, 16210.0], [114996.0, 8160.0], [114995.5, 20.0], [114995.0, 20.0], [114994.5, 20.0], [114994.0, 20.0], [114993.5, 20.0], [114990.0, 30.0], [114988.0, 11000.0], [114987.5, 78060.0], [114987.0, 111600.0], [114985.5, 24010.0], [114983.0, 63010.0], [114982.5, 40000.0], [114982.0, 101180.0], [114980.0, 21000.0], [114979.5, 7850.0], [114979.0, 14500.0], [114978.0, 61600.0]], "asks": [[114997.5, 115430.0], [114999.0, 120.0], [115006.0, 234460.0], [115007.0, 2880.0], [115007.5, 30340.0], [115008.0, 100030.0], [115009.0, 25090.0], [115011.0, 40680.0], [115015.0, 22000.0], [115015.5, 6000.0], [115016.0, 138570.0], [115018.0, 45000.0], [115018.5, 34270.0], [115020.0, 20.0], [115020.5, 20.0], [115021.0, 20.0], [115021.5, 23100.0], [115022.0, 20.0], [115022.5, 40620.0], [115023.0, 2900.0]]}}}
{"jsonrpc": "2.0", "method": "subscription", "params": {"channel": "book.BTC-PERPETUAL.none.20.100ms", "data": {"timestamp": 1757931670749, "change_id": 117469725618, "instrument_name": "BTC-PERPETUAL", "bids": [[114997.0, 813330.0], [114996.5, 16210.0], [114996.0, 8160.0], [114995.5, 20.0], [114995.0, 20.0], [114994.5, 20.0], [114994.0, 20.0], [114993.5, 20.0], [114990.0, 30.0], [114988.0, 11000.0], [114987.5, 78060.0], [114987.0, 111600.0], [114985.5, 24010.0], [114983.0, 63010.0], [114982.5, 40000.0], [114982.0, 101180.0], [114980.0, 21000.0], [114979.5, 7850.0], [114979.0, 14500.0], [114978.0, 61600.0]], "asks": [[114997.5, 115430.0], [114999.0, 120.0], [115006.0, 234460.0], [115007.0, 2880.0], [115007.5, 30340.0], [115008.0, 100030.0], [115009.0, 25090.0], [115011.0, 40680.0], [115015.0, 22000.0], [115015.5, 6000.0], [115016.0, 138570.0], [115018.0, 45000.0], [115018.5, 34270.0], [115019.5, 20.0], [115020.0, 20.0], [115020.5, 20.0], [115021.0, 20.0], [115021.5, 23100.0], [115022.0, 20.0], [115022.5, 40620.0]]}}}
{"jsonrpc": "2.0", "method": "subscription", "params": {"channel": "book.BTC-PERPETUAL.none.20.100ms", "data": {"timestamp": 1757931671060, "change_id": 117469726186, "instrument_name": "BTC-PERPETUAL", "bids": [[114997.0, 813330.0], [114996.5, 16210.0], [114996.0, 8160.0], [114995.5, 20.0], [114995.0, 20.0], [114994.5, 20.0], [114994.0, 20.0], [114993.5, 20.0], [114990.0, 30.0], [114988.0, 11000.0], [114987.5, 78060.0], [114987.0, 111600.0], [114985.5, 24010.0], [114983.0, 63010.0], [114982.5, 40000.0], [114982.0, 101180.0], [114980.0, 21000.0], [114979.5, 7850.0], [114979.0, 14500.0], [114978.0, 61600.0]], "asks": [[114997.5, 115430.0], [114999.0, 120.0], [115006.0, 234460.0], [115007.0, 2880.0], [115007.5, 54520.0], [115008.0, 169290.0], [115009.0, 25090.0], [115011.0, 23400.0], [115015.0, 22000.0], [115015.5, 6000.0], [115016.0, 71970.0], [115018.0, 45000.0], [115018.5, 34270.0], [115019.5, 20.0], [115020.0, 20.0], [115020.5, 20.0], [115021.0, 20.0], [115021.5, 23100.0], [115022.0, 20.0], [115022.5, 40620.0]]}}}
{"jsonrpc": "2.0", "method": "subscription", "params": {"channel": "book.BTC-PERPETUAL.none.20.100ms", "data": {"timestamp": 1757931671398, "change_id": 117469726318, "instrument_name": "BTC-PERPETUAL", "bids": [[114997.0, 813330.0], [114996.5, 16210.0], [114996.0, 8160.0], [114995.5, 20.0], [114995.0, 20.0], [114994.5, 20.0], [114994.0, 20.0], [114993.5, 20.0], [114990.0, 30.0], [114988.0, 11000.0], [114987.5, 78060.0], [114987.0, 111600.0], [114985.5, 24010.0], [114983.0, 63010.0], [114982.5, 40000.0], [114982.0, 101180.0], [114980.0, 21000.0], [114979.5, 7850.0], [114979.0, 14500.0], [114978.0, 61600.0]], "asks": [[114997.5, 115430.0], [114999.0, 120.0], [115006.0, 234460.0], [115007.0, 2880.0], [115007.5, 54520.0], [115008.0, 169290.0], [115009.0, 25090.0], [115011.0, 23400.0], [115015.0, 22000.0], [115015.5, 6000.0], [115016.0, 71970.0], [115018.0, 45000.0], [115018.5, 34270.0], [115019.5, 20.0], [115020.0, 20.0], [115020.5, 20.0], [115021.0, 20.0], [115021.5, 23100.0], [115022.0, 20.0], [115022.5, 40620.0]]}}}
{"jsonrpc": "2.0", "method": "subscription", "params": {"channel": "book.BTC-PERPETUAL.none.20.100ms", "data": {"timestamp": 1757931671688, "change_id": 117469726463, "instrument_name": "BTC-PERPETUAL", "bids": [[114997.0, 813330.0], [114996.5, 16190.0], [114996.0, 8160.0], [114995.5, 20.0], [114995.0, 20.0], [114994.5, 20.0], [114994.0, 20.0], [114993.5, 20.0], [114993.0, 20.0], [114990.0, 30.0], [114988.0, 11000.0], [114987.5, 78060.0], [114987.0, 111600.0], [114985.5, 24010.0], [114983.0, 63010.0], [114982.5, 40000.0], [114982.0, 101180.0], [114980.0, 21000.0], [114979.5, 7850.0], [114979.0, 14500.0]], "asks": [[114997.5, 115430.0], [114999.0, 120.0], [115006.0, 234460.0], [115007.0, 2880.0], [115007.5, 54520.0], [115008.0, 169290.0], [115009.0, 25090.0], [115011.0, 23400.0], [115015.0, 22000.0], [115015.5, 6000.0], [115016.0, 71970.0], [115018.0, 45000.0], [115018.5, 34270.0], [115019.5, 20.0], [115020.0, 20.0], [115020.5, 20.0], [115021.0, 20.0], [115021.5, 23100.0], [115022.0, 20.0], [115022.5, 40620.0]]}}}
{"jsonrpc": "2.0", "method": "subscription", "params": {"channel": "book.BTC-PERPETUAL.none.20.100ms", "data": {"timestamp": 1757931672044, "change_id": 117469726964, "instrument_name": "BTC-PERPETUAL", "bids": [[114997.0, 813330.0], [114996.5, 16190.0], [114996.0, 8140.0], [114995.5, 20.0], [114995.0, 20.0], [114994.5, 20.0], [114994.0, 20.0], [114993.5, 20.0], [114993.0, 20.0], [114992.5, 20.0], [114990.0, 30.0], [114988.0, 11000.0], [114987.5, 78060.0], [114987.0, 111600.0], [114985.5, 24010.0], [114983.0, 63010.0], [114982.5, 40000.0], [114982.0, 101180.0], [114980.0, 21000.0], [114979.5, 7850.0]], "asks": [[114997.5, 115430.0], [114999.0, 120.0], [115006.0, 234460.0], [115007.0, 2880.0], [115007.5, 54520.0], [115008.0, 169290.0], [115009.0, 25090.0], [115011.0, 23400.0], [115015.0, 22000.0], [115015.5, 6000.0], [115016.0, 71970.0], [115018.0, 45000.0], [115018.5, 34270.0], [115019.0, 20.0], [115019.5, 20.0], [115020.0, 20.0], [115020.5, 20.0], [115021.0, 20.0], [115021.5, 23100.0], [115022.0, 20.0]]}}}
{"jsonrpc": "2.0", "method": "subscription", "params": {"channel": "book.BTC-PERPETUAL.none.20.100ms", "data": {"timestamp": 1757931672413, "change_id": 117469727204, "instrument_name": "BTC-PERPETUAL", "bids": [[114997.0, 813330.0], [114996.5, 16190.0], [114996.0, 8160.0], [114995.5, 20.0], [114995.0, 20.0], [114994.5, 20.0], [114994.0, 20.0], [114993.5, 20.0], [114993.0, 20.0], [114992.5, 20.0], [114990.0, 30.0], [114988.0, 11000.0], [114987.5, 78060.0], [114987.0, 111600.0], [114985.5, 24010.0], [114983.0, 63010.0], [114982.5, 40000.0], [114982.0, 101180.0], [114980.0, 21000.0], [114979.5, 7850.0]], "asks": [[114997.5, 115430.0], [114999.0, 120.0], [115006.0, 234460.0], [115007.0, 2880.0], [115007.5, 54520.0], [115008.0, 169290.0], [115009.0, 25090.0], [115011.0, 23400.0], [115015.0, 22000.0], [115015.5, 6000.0], [115016.0, 71970.0], [115018.0, 45000.0], [115018.5, 34270.0], [115019.5, 20.0], [115020.0, 20.0], [115020.5, 20.0], [115021.0, 20.0], [115021.5, 23100.0], [115022.0, 20.0], [115022.5, 40620.0]]}}}
{"jsonrpc": "2.0", "method": "subscription", "params": {"channel": "book.BTC-PERPETUAL.none.20.100ms", "data": {"timestamp": 1757931672692, "change_id": 117469727376, "instrument_name": "BTC-PERPETUAL", "bids": [[114997.0, 813330.0], [114996.5, 16190.0], [114996.0, 8140.0], [114995.0, 20.0], [114994.5, 20.0], [114994.0, 20.0], [114993.5, 20.0], [114993.0, 20.0], [114992.5, 20.0], [114990.0, 30.0], [114988.0, 11000.0], [114987.5, 78060.0], [114987.0, 111600.0], [114985.5, 24010.0], [114983.0, 63010.0], [114982.5, 40000.0], [114982.0, 101180.0], [114980.0, 21000.0], [114979.5, 7850.0], [114979.0, 14500.0]], "asks": [[114997.5, 115430.0], [114999.0, 120.0], [115006.0, 234460.0], [115007.0, 2880.0], [115007.5, 54520.0], [115008.0, 169290.0], [115009.0, 25090.0], [115011.0, 23400.0], [115015.0, 22000.0], [115015.5, 6000.0], [115016.0, 71970.0], [115018.0, 45000.0], [115018.5, 34290.0], [115019.0, 20.0], [115019.5, 20.0], [115020.0, 20.0], [115020.5, 20.0], [115021.0, 20.0], [115021.5, 23100.0], [115022.0, 20.0]]}}}
{"jsonrpc": "2.0", "method": "subscription", "params": {"channel": "book.BTC-PERPETUAL.none.20.100ms", "data": {"timestamp": 1757931673038, "change_id": 117469727691, "instrument_name": "BTC-PERPETUAL", "bids": [[114997.0, 813330.0], [114996.5, 16190.0], [114996.0, 8160.0], [114995.5, 20.0], [114995.0, 20.0], [114994.5, 20.0], [114994.0, 20.0], [114993.5, 20.0], [114993.0, 20.0], [114992.5, 20.0], [114990.0, 30.0], [114988.0, 11000.0], [114987.5, 78060.0], [114987.0, 111600.0], [114985.5, 24010.0], [114983.0, 63010.0], [114982.5, 40000.0], [114982.0, 101180.0], [114980.0, 21000.0], [114979.5, 7850.0]], "asks": [[114997.5, 115430.0], [114999.0, 120.0], [115006.0, 234460.0], [115007.0, 2880.0], [115007.5, 54520.0], [115008.0, 169290.0], [115009.0, 25090.0], [115011.0, 23400.0], [115015.0, 22000.0], [115015.5, 6000.0], [115016.0, 71970.0], [115018.0, 45000.0], [115018.5, 34270.0], [115019.0, 20.0], [115019.5, 20.0], [115020.0, 20.0], [115020.5, 20.0], [115021.0, 20.0], [115021.5, 23100.0], [115022.0, 20.0]]}}}
{"jsonrpc": "2.0", "method": "subscription", "params": {"channel": "book.BTC-PERPETUAL.none.20.100ms", "data": {"timestamp": 1757931673396, "change_id": 117469728052, "instrument_name": "BTC-PERPETUAL", "bids": [[114997.0, 813330.0], [114996.5, 16190.0], [114996.0, 8160.0], [114995.5, 20.0], [114995.0, 20.0], [114994.5, 20.0], [114994.0, 20.0], [114993.5, 20.0], [114993.0, 20.0], [114992.5, 20.0], [114990.0, 30.0], [114988.0, 11000.0], [114987.5, 78060.0], [114987.0, 111600.0], [114985.5, 24010.0], [114983.0, 63010.0], [114982.5, 40000.0], [114982.0, 101180.0], [114980.0, 21000.0], [114979.5, 7850.0]], "asks": [[114997.5, 115430.0], [114999.0, 120.0], [115006.0, 234460.0], [115007.0, 2880.0], [115007.5, 54520.0], [115008.0, 169290.0], [115009.0, 25090.0], [115011.0, 23400.0], [115015.0, 22000.0], [115015.5, 6000.0], [115016.0, 71970.0], [115018.0, 45000.0], [115018.5, 34270.0], [115019.0, 20.0], [115019.5, 20.0], [115020.0, 20.0], [115020.5, 20.0], [115021.0, 20.0], [115021.5, 23100.0], [115022.0, 20.0]]}}}
{"jsonrpc": "2.0", "method": "subscription", "params": {"channel": "book.BTC-PERPETUAL.none.20.100ms", "data": {"timestamp": 1757931673711, "change_id": 117469728201, "instrument_name": "BTC-PERPETUAL", "bids": [[114997.0, 810050.0], [114996.5, 16190.0], [114996.0, 8160.0], [114995.5, 20.0], [114995.0, 20.0], [114994.5, 20.0], [114994.0, 20.0], [114993.5, 20.0], [114993.0, 20.0], [114992.5, 20.0], [114990.0, 30.0], [114988.0, 11000.0], [114987.5, 78060.0], [114987.0, 111600.0], [114985.5, 24010.0], [114983.0, 63010.0], [114982.5, 40000.0], [114982.0, 101180.0], [114980.0, 21000.0], [114979.5, 7850.0]], "asks": [[114997.5, 115430.0], [114999.0, 120.0], [115006.0, 234460.0], [115006.5, 25000.0], [115007.0, 2880.0], [115007.5, 54520.0], [115008.0, 169290.0], [115009.0, 90.0], [115011.0, 23400.0], [115015.0, 22000.0], [115015.5, 6000.0], [115016.0, 71970.0], [115018.0, 45000.0], [115018.5, 34270.0], [115019.0, 20.0], [115019.5, 20.0], [115020.0, 20.0], [115020.5, 20.0], [115021.0, 20.0], [115021.5, 23100.0]]}}}
{"jsonrpc": "2.0", "method": "subscription", "params": {"channel": "book.BTC-PERPETUAL.none.20.100ms", "data": {"timestamp": 1757931673995, "change_id": 117469728530, "instrument_name": "BTC-PERPETUAL", "bids": [[114997.0, 810050.0], [114996.5, 16210.0], [114996.0, 8160.0], [114995.5, 20.0], [114995.0, 20.0], [114994.5, 20.0], [114994.0, 20.0], [114993.5, 20.0], [114990.0, 30.0], [114988.0, 11000.0], [114987.5, 78060.0], [114987.0, 111600.0], [114985.5, 24010.0], [114983.0, 63010.0], [114982.5, 40000.0], [114982.0, 101180.0], [114980.0, 21000.0], [114979.5, 7850.0], [114979.0, 14500.0], [114978.0, 61600.0]], "asks": [[114997.5, 115030.0], [114999.0, 120.0], [115006.0, 234460.0], [115006.5, 25000.0], [115007.0, 2880.0], [115007.5, 54520.0], [115008.0, 169290.0], [115009.0, 90.0], [115011.0, 23400.0], [115015.0, 22000.0], [115015.5, 6000.0], [115016.0, 71970.0], [115018.0, 45000.0], [115018.5, 34270.0], [115019.5, 20.0], [115020.0, 20.0], [115020.5, 20.0], [115021.0, 20.0], [115021.5, 23100.0], [115022.0, 20.0]]}}}
{"jsonrpc": "2.0", "method": "subscription", "params": {"channel": "book.BTC-PERPETUAL.none.20.100ms", "data": {"timestamp": 1757931674330, "change_id": 117469728821, "instrument_name": "BTC-PERPETUAL", "bids": [[114997.0, 810050.0], [114996.5, 16210.0], [114996.0, 8160.0], [114995.5, 20.0], [114995.0, 20.0], [114994.5, 20.0], [114994.0, 20.0], [114993.5, 20.0], [114990.0, 30.0], [114988.0, 11000.0], [114987.5, 78060.0], [114987.0, 111600.0], [114985.5, 24010.0], [114983.0, 63010.0], [114982.5, 40000.0], [114982.0, 101180.0], [114980.0, 21000.0], [114979.5, 7850.0], [114979.0, 14500.0], [114978.0, 61600.0]], "asks": [[114997.5, 115030.0], [114999.0, 120.0], [115006.0, 234460.0], [115006.5, 25000.0], [115007.0, 2880.0], [115007.5, 54520.0], [115008.0, 169290.0], [115009.0, 90.0], [115011.0, 23400.0], [115015.0, 22000.0], [115015.5, 6000.0], [115016.0, 71970.0], [115018.0, 45000.0], [115018.5, 34270.0], [115019.5, 20.0], [115020.0, 20.0], [115020.5, 20.0], [115021.0, 20.0], [115021.5, 23100.0], [115022.0, 20.0]]}}}
{"jsonrpc": "2.0", "method": "subscription", "params": {"channel": "book.BTC-PERPETUAL.none.20.100ms", "data": {"timestamp": 1757931674726, "change_id": 117469729041, "instrument_name": "BTC-PERPETUAL", "bids": [[114997.0, 810050.0], [114996.5, 16210.0], [114996.0, 8160.0], [114995.5, 20.0], [114995.0, 20.0], [114994.5, 20.0], [114994.0, 20.0], [114993.5, 20.0], [114990.0, 30.0], [114988.0, 11000.0], [114987.5, 78060.0], [114987.0, 111600.0], [114985.5, 24010.0], [114983.0, 63010.0], [114982.5, 40000.0], [114982.0, 101180.0], [114980.0, 21000.0], [114979.5, 7850.0], [114979.0, 14500.0], [114978.0, 61600.0]], "asks": [[114997.5, 115030.0], [114999.0, 120.0], [115006.0, 234460.0], [115006.5, 25000.0], [115007.0, 2880.0], [115007.5, 54520.0], [115008.0, 169290.0], [115009.0, 90.0], [115011.0, 23400.0], [115015.0, 22000.0], [115015.5, 6000.0], [115016.0, 71970.0], [115018.0, 45000.0], [115018.5, 34270.0], [115019.5, 20.0], [115020.0, 20.0], [115020.5, 20.0], [115021.0, 20.0], [115021.5, 23100.0], [115022.0, 20.0]]}}}
{"jsonrpc": "2.0", "method": "subscription", "params": {"channel": "book.BTC-PERPETUAL.none.20.100ms", "data": {"timestamp": 1757931675050, "change_id": 117469729569, "instrument_name": "BTC-PERPETUAL", "bids": [[114997.0, 810050.0], [114996.5, 16190.0], [114996.0, 8160.0], [114995.5, 20.0], [114995.0, 20.0], [114994.5, 20.0], [114994.0, 20.0], [114993.5, 20.0], [114993.0, 20.0], [114990.0, 30.0], [114988.0, 11000.0], [114987.5, 78060.0], [114987.0, 111600.0], [114985.5, 24010.0], [114983.0, 63010.0], [114982.5, 40000.0], [114982.0, 101180.0], [114980.0, 21000.0], [114979.5, 7850.0], [114979.0, 14500.0]], "asks": [[114997.5, 115030.0], [114999.0, 120.0], [115005.5, 234420.0], [115006.5, 25000.0], [115007.0, 2880.0], [115007.5, 54520.0], [115008.0, 169290.0], [115009.0, 90.0], [115011.0, 23400.0], [115015.0, 22000.0], [115015.5, 6000.0], [115016.0, 71970.0], [115018.0, 45000.0], [115018.5, 34270.0], [115019.0, 20.0], [115019.5, 20.0], [115020.0, 20.0], [115020.5, 20.0], [115021.0, 20.0], [115021.5, 23100.0]]}}}
{"jsonrpc": "2.0", "method": "subscription", "params": {"channel": "book.BTC-PERPETUAL.none.20.100ms", "data": {"timestamp": 1757931675373, "change_id": 117469729723, "instrument_name": "BTC-PERPETUAL", "bids": [[114997.0, 810070.0], [114996.5, 16210.0], [114996.0, 8160.0], [114995.5, 20.0], [114995.0, 20.0], [114994.5, 20.0], [114994.0, 20.0], [114993.5, 20.0], [114990.0, 30.0], [114988.0, 11000.0], [114987.5, 78060.0], [114987.0, 111600.0], [114985.5, 24010.0], [114983.0, 63010.0], [114982.5, 40000.0], [114982.0, 101180.0], [114980.0, 21000.0], [114979.5, 7850.0], [114979.0, 14500.0], [114978.0, 61600.0]], "asks": [[114997.5, 115030.0], [114999.0, 120.0], [115005.5, 234420.0], [115006.5, 25000.0], [115007.0, 2880.0], [115007.5, 54520.0], [115008.0, 169290.0], [115009.0, 90.0], [115011.0, 23400.0], [115015.0, 11000.0], [115015.5, 6000.0], [115016.0, 71970.0], [115017.5, 11000.0], [115018.0, 45000.0], [115018.5, 34270.0], [115021.5, 23100.0], [115022.0, 20.0], [115022.5, 40620.0], [115023.0, 2900.0], [115024.0, 200.0]]}}}
{"jsonrpc": "2.0", "method": "subscription", "params": {"channel": "book.BTC-PERPETUAL.none.20.100ms", "data": {"timestamp": 1757931675687, "change_id": 117469729908, "instrument_name": "BTC-PERPETUAL", "bids": [[114997.0, 810070.0], [114996.5, 16210.0], [114996.0, 8160.0], [114995.5, 20.0], [114995.0, 20.0], [114994.5, 20.0], [114994.0, 20.0], [114993.5, 20.0], [114990.0, 30.0], [114988.0, 11000.0], [114987.5, 78060.0], [114987.0, 111600.0], [114985.5, 24010.0], [114983.0, 63010.0], [114982.5, 40000.0], [114982.0, 101180.0], [114980.0, 21000.0], [114979.5, 7850.0], [114979.0, 14500.0], [114978.0, 61600.0]], "asks": [[114997.5, 115030.0], [114999.0, 120.0], [115005.5, 234420.0], [115006.5, 25000.0], [115007.0, 2880.0], [115007.5, 54520.0], [115008.0, 169290.0], [115009.0, 90.0], [115011.0, 23400.0], [115015.0, 22000.0], [115015.5, 6000.0], [115016.0, 71970.0], [115018.0, 45000.0], [115018.5, 34270.0], [115021.5, 23100.0], [115022.0, 20.0], [115022.5, 40620.0], [115023.0, 2900.0], [115024.0, 200.0], [115024.5, 33260.0]]}}}
{"jsonrpc": "2.0", "method": "subscription", "params": {"channel": "book.BTC-PERPETUAL.none.20.100ms", "data": {"timestamp": 1757931676013, "change_id": 117469730256, "instrument_name": "BTC-PERPETUAL", "bids": [[114997.0, 810050.0], [114996.5, 16190.0], [114996.0, 8160.0], [114995.5, 20.0], [114995.0, 20.0], [114994.5, 20.0], [114994.0, 20.0], [114993.5, 20.0], [114990.0, 30.0], [114988.0, 11000.0], [114987.5, 78060.0], [114987.0, 111600.0], [114985.5, 24010.0], [114983.0, 63010.0], [114982.5, 40000.0], [114982.0, 101180.0], [114980.0, 21000.0], [114979.5, 7850.0], [114979.0, 14500.0], [114978.0, 61600.0]], "asks": [[114997.5, 115030.0], [114999.0, 120.0], [115005.5, 237300.0], [115006.5, 25000.0], [115007.5, 54520.0], [115008.0, 169290.0], [115009.0, 90.0], [115011.0, 23400.0], [115015.0, 22000.0], [115015.5, 6000.0], [115016.0, 71970.0], [115018.0, 45000.0], [115018.5, 34270.0], [115019.0, 20.0], [115019.5, 20.0], [115020.0, 20.0], [115020.5, 20.0], [115021.0, 20.0], [115021.5, 23100.0], [115022.0, 20.0]]}}}
{"jsonrpc": "2.0", "method": "subscription", "params": {"channel": "book.BTC-PERPETUAL.none.20.100ms", "data": {"timestamp": 1757931676370, "change_id": 117469730573, "instrument_name": "BTC-PERPETUAL", "bids": [[114997.0, 810050.0], [114996.5, 16190.0], [114996.0, 8160.0], [114995.5, 20.0], [114995.0, 20.0], [114994.5, 20.0], [114994.0, 20.0], [114993.5, 20.0], [114990.0, 30.0], [114988.0, 11000.0], [114987.5, 78060.0], [114987.0, 111600.0], [114985.5, 24010.0], [114983.0, 63010.0], [114982.5, 40000.0], [114982.0, 101180.0], [114980.0, 21000.0], [114979.5, 7850.0], [114979.0, 14500.0], [114978.0, 61600.0]], "asks": [[114997.5, 115030.0], [114999.0, 120.0], [115005.5, 237300.0], [115006.5, 25000.0], [115007.5, 54520.0], [115008.0, 169290.0], [115009.0, 90.0], [115011.0, 23400.0], [115015.0, 22000.0], [115015.5, 6000.0], [115016.0, 71970.0], [115018.0, 45000.0], [115018.5, 34270.0], [115019.0, 20.0], [115019.5, 20.0], [115020.0, 2020.0], [115020.5, 20.0], [115021.0, 20.0], [115021.5, 24100.0], [115022.0, 20.0]]}}}
{"jsonrpc": "2.0", "method": "subscription", "params": {"channel": "book.BTC-PERPETUAL.none.20.100ms", "data": {"timestamp": 1757931676672, "change_id": 117469730811, "instrument_name": "BTC-PERPETUAL", "bids": [[114997.0, 810050.0], [114996.5, 16210.0], [114996.0, 8160.0], [114995.5, 20.0], [114995.0, 20.0], [114994.5, 20.0], [114994.0, 20.0], [114993.5, 20.0], [114990.0, 30.0], [114988.0, 11000.0], [114987.5, 78060.0], [114987.0, 111600.0], [114985.5, 24010.0], [114983.0, 63010.0], [114982.5, 40000.0], [114982.0, 101180.0], [114980.0, 21000.0], [114979.5, 7850.0], [114979.0, 14500.0], [114978.0, 61600.0]], "asks": [[114997.5, 115030.0], [114999.0, 120.0], [115005.5, 234420.0], [115006.5, 25000.0], [115007.5, 54520.0], [115008.0, 169290.0], [115009.0, 90.0], [115011.0, 23400.0], [115015.0, 11000.0], [115015.5, 6000.0], [115016.0, 71970.0], [115017.5, 11000.0], [115018.0, 45000.0], [115018.5, 34270.0], [115019.5, 20.0], [115020.0, 2020.0], [115020.5, 20.0], [115021.0, 20.0], [115021.5, 24100.0], [115022.0, 20.0]]}}}
{"jsonrpc": "2.0", "method": "subscription", "params": {"channel": "book.BTC-PERPETUAL.none.20.100ms", "data": {"timestamp": 1757931677039, "change_id": 117469731334, "instrument_name": "BTC-PERPETUAL", "bids": [[114997.0, 810070.0], [114996.5, 16210.0], [114996.0, 8160.0], [114995.5, 20.0], [114995.0, 20.0], [114994.5, 20.0], [114994.0, 20.0], [114993.5, 20.0], [114990.0, 30.0], [114988.0, 11000.0], [114987.5, 78060.0], [114987.0, 111600.0], [114985.5, 24010.0], [114983.0, 63010.0], [114982.5, 40000.0], [114982.0, 101180.0], [114980.0, 21000.0], [114979.5, 7850.0], [114979.0, 14500.0], [114978.0, 61600.0]], "asks": [[114997.5, 115030.0], [114999.0, 120.0], [115006.5, 2880.0], [115008.0, 169290.0], [115009.0, 90.0], [115013.5, 25000.0], [115015.0, 31100.0], [115015.5, 6000.0], [115016.0, 71970.0], [115017.5, 11000.0], [115018.0, 45000.0], [115018.5, 34270.0], [115020.0, 2000.0], [115021.5, 24080.0], [115022.0, 20.0], [115022.5, 41600.0], [115023.0, 2880.0], [115024.0, 200.0], [115024.5, 33280.0], [115027.5, 133480.0]]}}}
{"jsonrpc": "2.0", "method": "subscription", "params": {"channel": "book.BTC-PERPETUAL.none.20.100ms", "data": {"timestamp": 1757931677354, "change_id": 117469731646, "instrument_name": "BTC-PERPETUAL", "bids": [[114997.0, 810070.0], [114996.5, 16210.0], [114996.0, 8160.0], [114995.5, 20.0], [114995.0, 20.0], [114994.5, 20.0], [114994.0, 20.0], [114993.5, 20.0], [114990.0, 30.0], [114988.0, 11000.0], [114987.5, 78060.0], [114987.0, 111600.0], [114985.5, 24010.0], [114983.0, 63010.0], [114982.5, 40000.0], [114982.0, 101180.0], [114980.0, 21000.0], [114979.5, 7850.0], [114979.0, 14500.0], [114978.0, 61600.0]], "asks": [[114997.5, 115030.0], [114999.0, 120.0], [115006.5, 27880.0], [115007.0, 234410.0], [115008.0, 169290.0], [115009.0, 90.0], [115015.0, 31100.0], [115015.5, 17000.0], [115016.0, 71970.0], [115018.0, 45000.0], [115018.5, 34270.0], [115020.0, 2000.0], [115021.5, 24080.0], [115022.0, 20.0], [115022.5, 41600.0], [115023.0, 2880.0], [115024.0, 200.0], [115024.5, 33280.0], [115027.0, 500.0], [115027.5, 133480.0]]}}}
{"jsonrpc": "2.0", "method": "subscription", "params": {"channel": "book.BTC-PERPETUAL.none.20.100ms", "data": {"timestamp": 1757931677691, "change_id": 117469731892, "instrument_name": "BTC-PERPETUAL", "bids": [[114997.0, 810070.0], [114996.5, 16210.0], [114996.0, 8160.0], [114995.5, 20.0], [114995.0, 20.0], [114994.5, 20.0], [114994.0, 20.0], [114993.5, 20.0], [114990.0, 30.0], [114988.0, 11000.0], [114987.5, 78060.0], [114987.0, 111600.0], [114985.5, 24010.0], [114983.0, 63010.0], [114982.5, 40000.0], [114982.0, 101180.0], [114980.0, 21000.0], [114979.5, 7850.0], [114979.0, 14500.0], [114978.0, 61600.0]], "asks": [[114997.5, 115030.0], [114999.0, 120.0], [115006.5, 27880.0], [115007.0, 234410.0], [115008.0, 169290.0], [115009.0, 90.0], [115015.0, 42100.0], [115015.5, 6000.0], [115016.0, 71970.0], [115018.0, 45000.0], [115018.5, 34270.0], [115020.0, 2000.0], [115021.5, 24080.0], [115022.0, 20.0], [115022.5, 41600.0], [115023.0, 2880.0], [115024.0, 200.0], [115024.5, 33280.0], [115027.0, 500.0], [115027.5, 133480.0]]}}}
{"jsonrpc": "2.0", "method": "subscription", "params": {"channel": "book.BTC-PERPETUAL.none.20.100ms", "data": {"timestamp": 1757931678013, "change_id": 117469732239, "instrument_name": "BTC-PERPETUAL", "bids": [[114997.0, 810050.0], [114996.5, 16210.0], [114996.0, 8160.0], [114995.5, 20.0], [114995.0, 20.0], [114994.5, 20.0], [114994.0, 20.0], [114993.5, 20.0], [114990.0, 30.0], [114988.0, 11000.0], [114987.5, 78060.0], [114987.0, 111600.0], [114985.5, 24010.0], [114983.0, 63010.0], [114982.5, 40000.0], [114982.0, 101180.0], [114980.0, 21000.0], [114979.5, 7850.0], [114979.0, 14500.0], [114978.0, 61600.0]], "asks": [[114997.5, 115030.0], [114999.0, 120.0], [115006.5, 27880.0], [115007.0, 234410.0], [115008.0, 169290.0], [115009.0, 90.0], [115015.0, 42100.0], [115015.5, 6000.0], [115016.0, 71970.0], [115018.0, 45000.0], [115018.5, 34270.0], [115019.5, 20.0], [115020.0, 2020.0], [115020.5, 20.0], [115021.0, 20.0], [115021.5, 24100.0], [115022.0, 20.0], [115022.5, 41620.0], [115023.0, 2900.0], [115024.0, 200.0]]}}}
{"jsonrpc": "2.0", "method": "subscription", "params": {"channel": "book.BTC-PERPETUAL.none.20.100ms", "data": {"timestamp": 1757931678346, "change_id": 117469732531, "instrument_name": "BTC-PERPETUAL", "bids": [[114997.0, 810070.0], [114996.5, 16210.0], [114996.0, 8160.0], [114995.5, 20.0], [114995.0, 20.0], [114994.5, 20.0], [114994.0, 20.0], [114993.5, 20.0], [114990.0, 30.0], [114988.0, 11000.0], [114987.5, 78060.0], [114987.0, 111600.0], [114985.5, 24010.0], [114983.0, 63010.0], [114982.5, 40000.0], [114982.0, 101180.0], [114980.0, 21000.0], [114979.5, 7850.0], [114979.0, 14500.0], [114978.0, 61600.0]], "asks": [[114997.5, 115030.0], [114999.0, 120.0], [115006.5, 27880.0], [115007.0, 234410.0], [115008.0, 169290.0], [115009.0, 90.0], [115015.0, 42100.0], [115015.5, 6000.0], [115016.0, 71970.0], [115018.0, 45000.0], [115018.5, 34270.0], [115020.0, 2020.0], [115020.5, 20.0], [115021.0, 20.0], [115021.5, 24100.0], [115022.0, 20.0], [115022.5, 41620.0], [115023.0, 2900.0], [115023.5, 20.0], [115024.0, 200.0]]}}}
{"jsonrpc": "2.0", "method": "subscription", "params": {"channel": "book.BTC-PERPETUAL.none.20.100ms", "data": {"timestamp": 1757931678696, "change_id": 117469732790, "instrument_name": "BTC-PERPETUAL", "bids": [[114997.0, 810070.0], [114996.5, 16210.0], [114996.0, 8160.0], [114995.5, 20.0], [114995.0, 20.0], [114994.5, 20.0], [114994.0, 20.0], [114993.5, 20.0], [114990.0, 30.0], [114988.0, 11000.0], [114987.5, 78060.0], [114987.0, 111600.0], [114985.5, 24010.0], [114983.0, 63010.0], [114982.5, 40000.0], [114982.0, 101180.0], [114980.0, 21000.0], [114979.5, 7850.0], [114979.0, 14500.0], [114978.0, 61600.0]], "asks": [[114997.5, 115030.0], [114999.0, 120.0], [115006.5, 27880.0], [115007.0, 234410.0], [115008.0, 169290.0], [115009.0, 90.0], [115015.0, 31100.0], [115015.5, 6000.0], [115016.0, 71970.0], [115017.5, 11000.0], [115018.0, 45000.0], [115018.5, 34270.0], [115020.0, 2000.0], [115021.5, 24100.0], [115022.0, 20.0], [115022.5, 41620.0], [115023.0, 2900.0], [115023.5, 20.0], [115024.0, 200.0], [115024.5, 33260.0]]}}}
{"jsonrpc": "2.0", "method": "subscription", "params": {"channel": "book.BTC-PERPETUAL.none.20.100ms", "data": {"timestamp": 1757931679004, "change_id": 117469733117, "instrument_name": "BTC-PERPETUAL", "bids": [[114997.0, 810070.0], [114996.5, 16210.0], [114996.0, 8160.0], [114995.5, 20.0], [114995.0, 20.0], [114994.5, 20.0], [114994.0, 20.0], [114993.5, 20.0], [114990.0, 30.0], [114988.0, 11000.0], [114987.5, 78060.0], [114987.0, 111600.0], [114985.5, 24010.0], [114983.0, 63010.0], [114982.5, 40000.0], [114982.0, 101180.0], [114980.0, 21000.0], [114979.5, 7850.0], [114979.0, 14500.0], [114978.0, 61600.0]], "asks": [[114997.5, 115030.0], [114999.0, 120.0], [115006.5, 27880.0], [115007.0, 234410.0], [115008.0, 169290.0], [115009.0, 90.0], [115015.0, 31100.0], [115015.5, 17000.0], [115016.0, 71970.0], [115018.0, 45000.0], [115018.5, 34270.0], [115020.0, 2000.0], [115021.0, 20.0], [115021.5, 24100.0], [115022.0, 20.0], [115022.5, 41620.0], [115023.0, 2900.0], [115023.5, 20.0], [115024.0, 220.0], [115024.5, 33280.0]]}}}
{"jsonrpc": "2.0", "method": "subscription", "params": {"channel": "book.BTC-PERPETUAL.none.20.100ms", "data": {"timestamp": 1757931679333, "change_id": 117469733422, "instrument_name": "BTC-PERPETUAL", "bids": [[114997.0, 809510.0], [114996.5, 16210.0], [114996.0, 8160.0], [114995.5, 20.0], [114995.0, 20.0], [114994.5, 20.0], [114994.0, 20.0], [114993.5, 20.0], [114990.0, 30.0], [114988.0, 11000.0], [114987.5, 78060.0], [114987.0, 111600.0], [114985.5, 24010.0], [114983.0, 63010.0], [114982.5, 40000.0], [114982.0, 101180.0], [114980.0, 21000.0], [114979.5, 7850.0], [114979.0, 14500.0], [114978.0, 61600.0]], "asks": [[114997.5, 114470.0], [114999.0, 120.0], [115006.5, 27880.0], [115007.0, 234410.0], [115008.0, 169290.0], [115009.0, 90.0], [115015.0, 31100.0], [115015.5, 6000.0], [115016.0, 71970.0], [115017.5, 11000.0], [115018.0, 45000.0], [115018.5, 34270.0], [115020.0, 2000.0], [115021.0, 20.0], [115021.5, 24100.0], [115022.0, 20.0], [115022.5, 41620.0], [115023.0, 2900.0], [115023.5, 20.0], [115024.0, 220.0]]}}}
{"jsonrpc": "2.0", "method": "subscription", "params": {"channel": "book.BTC-PERPETUAL.none.20.100ms", "data": {"timestamp": 1757931679672, "change_id": 117469733650, "instrument_name": "BTC-PERPETUAL", "bids": [[114997.0, 809510.0], [114996.5, 16210.0], [114996.0, 8160.0], [114995.5, 20.0], [114995.0, 20.0], [114994.5, 20.0], [114994.0, 20.0], [114993.5, 20.0], [114990.0, 30.0], [114988.0, 11000.0], [114987.5, 78060.0], [114987.0, 111600.0], [114985.5, 24010.0], [114983.0, 63010.0], [114982.5, 40000.0], [114982.0, 101180.0], [114980.0, 21000.0], [114979.5, 7850.0], [114979.0, 14500.0], [114978.0, 61600.0]], "asks": [[114997.5, 114470.0], [114999.0, 120.0], [115006.5, 27880.0], [115007.0, 234410.0], [115008.0, 169290.0], [115009.0, 90.0], [115015.0, 31100.0], [115015.5, 6000.0], [115016.0, 71970.0], [115017.5, 11000.0], [115018.0, 45000.0], [115018.5, 34270.0], [115020.0, 2000.0], [115021.0, 20.0], [115021.5, 24100.0], [115022.0, 20.0], [115022.5, 41620.0], [115023.0, 2900.0], [115023.5, 20.0], [115024.0, 220.0]]}}}
{"jsonrpc": "2.0", "method": "subscription", "params": {"channel": "book.BTC-PERPETUAL.none.20.100ms", "data": {"timestamp": 1757931679969, "change_id": 117469733989, "instrument_name": "BTC-PERPETUAL", "bids": [[114997.0, 809490.0], [114996.5, 16210.0], [114996.0, 8160.0], [114995.5, 20.0], [114995.0, 20.0], [114994.5, 20.0], [114994.0, 20.0], [114993.5, 20.0], [114990.0, 30.0], [114988.0, 11000.0], [114987.5, 78060.0], [114987.0, 111600.0], [114985.5, 24010.0], [114983.0, 63010.0], [114982.5, 40000.0], [114982.0, 101180.0], [114980.0, 21000.0], [114979.5, 7850.0], [114979.0, 14500.0], [114978.0, 61600.0]], "asks": [[114997.5, 114470.0], [114999.0, 120.0], [115006.5, 27880.0], [115007.0, 234410.0], [115008.0, 169290.0], [115009.0, 90.0], [115015.0, 31100.0], [115015.5, 17000.0], [115016.0, 71970.0], [115018.0, 45000.0], [115018.5, 34270.0], [115020.0, 2020.0], [115020.5, 20.0], [115021.0, 20.0], [115021.5, 24100.0], [115022.0, 20.0], [115022.5, 41620.0], [115023.0, 2900.0], [115023.5, 20.0], [115024.0, 200.0]]}}}
{"jsonrpc": "2.0", "method": "subscription", "params": {"channel": "book.BTC-PERPETUAL.none.20.100ms", "data": {"timestamp": 1757931680262, "change_id": 117469734297, "instrument_name": "BTC-PERPETUAL", "bids": [[114997.0, 809490.0], [114996.5, 16210.0], [114996.0, 8160.0], [114995.5, 20.0], [114995.0, 20.0], [114994.5, 20.0], [114994.0, 20.0], [114993.5, 20.0], [114990.0, 30.0], [114988.0, 11000.0], [114987.5, 78060.0], [114987.0, 111600.0], [114985.5, 24010.0], [114983.0, 63010.0], [114982.5, 40000.0], [114982.0, 101180.0], [114980.0, 21000.0], [114979.5, 7850.0], [114979.0, 14500.0], [114978.0, 61600.0]], "asks": [[114997.5, 114470.0], [114999.0, 120.0], [115006.5, 27880.0], [115007.0, 234410.0], [115008.0, 169290.0], [115009.0, 90.0], [115015.0, 42100.0], [115015.5, 6000.0], [115016.0, 71970.0], [115018.0, 45000.0], [115018.5, 34270.0], [115020.0, 2020.0], [115020.5, 20.0], [115021.0, 20.0], [115021.5, 24100.0], [115022.0, 20.0], [115022.5, 41620.0], [115023.0, 2900.0], [115023.5, 20.0], [115024.0, 200.0]]}}}
{"jsonrpc": "2.0", "method": "subscription", "params": {"channel": "book.BTC-PERPETUAL.none.20.100ms", "data": {"timestamp": 1757931680675, "change_id": 117469734517, "instrument_name": "BTC-PERPETUAL", "bids": [[114997.0, 809490.0], [114996.5, 16210.0], [114996.0, 8160.0], [114995.5, 20.0], [114995.0, 20.0], [114994.5, 20.0], [114994.0, 20.0], [114993.5, 20.0], [114990.0, 30.0], [114988.0, 11000.0], [114987.5, 78060.0], [114987.0, 111600.0], [114985.5, 24010.0], [114983.0, 63010.0], [114982.5, 40000.0], [114982.0, 101180.0], [114980.0, 21000.0], [114979.5, 7850.0], [114979.0, 14500.0], [114978.0, 61600.0]], "asks": [[114997.5, 114470.0], [114999.0, 120.0], [115006.5, 27880.0], [115007.0, 234410.0], [115008.0, 169290.0], [115009.0, 90.0], [115015.0, 31100.0], [115015.5, 6000.0], [115016.0, 71970.0], [115017.5, 11000.0], [115018.0, 45000.0], [115018.5, 34270.0], [115020.0, 2020.0], [115020.5, 20.0], [115021.0, 20.0], [115021.5, 24100.0], [115022.0, 20.0], [115022.5, 41620.0], [115023.0, 2900.0], [115024.0, 200.0]]}}}
{"jsonrpc": "2.0", "method": "subscription", "params": {"channel": "book.BTC-PERPETUAL.none.20.100ms", "data": {"timestamp": 1757931680928, "change_id": 117469734863, "instrument_name": "BTC-PERPETUAL", "bids": [[114997.0, 809490.0], [114996.5, 16210.0], [114996.0, 8160.0], [114995.5, 20.0], [114995.0, 20.0], [114994.5, 20.0], [114994.0, 20.0], [114993.5, 20.0], [114990.0, 30.0], [114988.0, 11000.0], [114987.5, 78060.0], [114987.0, 111600.0], [114985.5, 24010.0], [114983.0, 63010.0], [114982.5, 40000.0], [114982.0, 101180.0], [114980.0, 21000.0], [114979.5, 7850.0], [114979.0, 14500.0], [114978.0, 61600.0]], "asks": [[114997.5, 114470.0], [114999.0, 120.0], [115006.5, 27880.0], [115007.0, 234410.0], [115008.0, 169290.0], [115009.0, 90.0], [115015.0, 42100.0], [115015.5, 6000.0], [115016.0, 71970.0], [115018.0, 45000.0], [115018.5, 34270.0], [115020.0, 2020.0], [115020.5, 20.0], [115021.0, 20.0], [115021.5, 24100.0], [115022.0, 20.0], [115022.5, 41620.0], [115023.0, 2900.0], [115024.0, 200.0], [115024.5, 33260.0]]}}}
{"jsonrpc": "2.0", "method": "subscription", "params": {"channel": "book.BTC-PERPETUAL.none.20.100ms", "data": {"timestamp": 1757931681321, "change_id": 117469735230, "instrument_name": "BTC-PERPETUAL", "bids": [[114997.0, 809490.0], [114996.5, 16210.0], [114996.0, 8160.0], [114995.5, 20.0], [114995.0, 20.0], [114994.5, 20.0], [114994.0, 20.0], [114993.5, 20.0], [114990.0, 30.0], [114988.0, 11000.0], [114987.5, 78060.0], [114987.0, 111600.0], [114985.5, 24010.0], [114983.0, 63010.0], [114982.5, 40000.0], [114982.0, 101180.0], [114980.0, 21000.0], [114979.5, 7850.0], [114979.0, 14500.0], [114978.0, 61600.0]], "asks": [[114997.5, 114470.0], [114999.0, 120.0], [115006.5, 27880.0], [115007.0, 234410.0], [115008.0, 169290.0], [115009.0, 90.0], [115015.0, 31100.0], [115015.5, 6000.0], [115016.0, 71970.0], [115017.5, 11000.0], [115018.0, 45000.0], [115018.5, 34270.0], [115020.0, 2020.0], [115020.5, 20.0], [115021.0, 20.0], [115021.5, 24100.0], [115022.0, 20.0], [115022.5, 41620.0], [115023.0, 2900.0], [115024.0, 200.0]]}}}
{"jsonrpc": "2.0", "method": "subscription", "params": {"channel": "book.BTC-PERPETUAL.none.20.100ms", "data": {"timestamp": 1757931681671, "change_id": 117469735566, "instrument_name": "BTC-PERPETUAL", "bids": [[114997.0, 809510.0], [114996.5, 16210.0], [114996.0, 8160.0], [114995.5, 20.0], [114995.0, 20.0], [114994.5, 20.0], [114994.0, 20.0], [114993.5, 20.0], [114990.0, 30.0], [114988.0, 11000.0], [114987.5, 78060.0], [114987.0, 111600.0], [114985.5, 24010.0], [114983.0, 63010.0], [114982.5, 40000.0], [114982.0, 101180.0], [114980.0, 21000.0], [114979.5, 7850.0], [114979.0, 14500.0], [114978.0, 61600.0]], "asks": [[114997.5, 114470.0], [114999.0, 120.0], [115006.5, 27880.0], [115007.0, 234410.0], [115008.0, 169290.0], [115009.0, 90.0], [115015.0, 31100.0], [115015.5, 6000.0], [115016.0, 71970.0], [115017.5, 11000.0], [115018.0, 45000.0], [115018.5, 34270.0], [115020.0, 2020.0], [115020.5, 20.0], [115021.0, 20.0], [115021.5, 24100.0], [115022.0, 20.0], [115022.5, 41620.0], [115023.0, 2900.0], [115023.5, 20.0]]}}}
{"jsonrpc": "2.0", "method": "subscription", "params": {"channel": "book.BTC-PERPETUAL.none.20.100ms", "data": {"timestamp": 1757931681930, "change_id": 117469735885, "instrument_name": "BTC-PERPETUAL", "bids": [[114997.0, 809510.0], [114996.5, 16210.0], [114996.0, 8160.0], [114995.5, 20.0], [114995.0, 20.0], [114994.5, 20.0], [114994.0, 20.0], [114993.5, 20.0], [114990.0, 30.0], [114988.0, 11000.0], [114987.5, 78060.0], [114987.0, 111600.0], [114985.5, 24010.0], [114983.0, 63010.0], [114982.5, 40000.0], [114982.0, 101180.0], [114980.0, 21000.0], [114979.5, 7850.0], [114979.0, 14500.0], [114978.0, 61600.0]], "asks": [[114997.5, 114470.0], [114999.0, 120.0], [115006.5, 27880.0], [115007.0, 234410.0], [115008.0, 169290.0], [115009.0, 90.0], [115015.0, 42100.0], [115015.5, 6000.0], [115016.0, 71970.0], [115018.0, 45000.0], [115018.5, 34270.0], [115020.0, 2000.0], [115020.5, 20.0], [115021.0, 20.0], [115021.5, 24100.0], [115022.0, 20.0], [115022.5, 41620.0], [115023.0, 2900.0], [115023.5, 20.0], [115024.0, 200.0]]}}}
{"jsonrpc": "2.0", "method": "subscription", "params": {"channel": "book.BTC-PERPETUAL.none.20.100ms", "data": {"timestamp": 1757931682212, "change_id": 117469736178, "instrument_name": "BTC-PERPETUAL", "bids": [[114997.0, 809510.0], [114996.5, 16210.0], [114996.0, 8160.0], [114995.5, 20.0], [114995.0, 20.0], [114994.5, 20.0], [114994.0, 20.0], [114993.5, 20.0], [114990.0, 30.0], [114988.0, 11000.0], [114987.5, 78060.0], [114987.0, 111600.0], [114985.5, 24010.0], [114983.0, 63010.0], [114982.5, 40000.0], [114982.0, 101180.0], [114980.0, 21000.0], [114979.5, 7850.0], [114979.0, 14500.0], [114978.0, 61600.0]], "asks": [[114997.5, 114470.0], [114999.0, 120.0], [115006.5, 27880.0], [115007.0, 234410.0], [115008.0, 169290.0], [115009.0, 90.0], [115015.0, 42100.0], [115015.5, 6000.0], [115016.0, 71970.0], [115018.0, 45000.0], [115018.5, 34270.0], [115020.0, 2000.0], [115020.5, 20.0], [115021.0, 20.0], [115021.5, 24100.0], [115022.0, 20.0], [115022.5, 41620.0], [115023.0, 2900.0], [115023.5, 20.0], [115024.0, 220.0]]}}}
{"jsonrpc": "2.0", "method": "subscription", "params": {"channel": "book.BTC-PERPETUAL.none.20.100ms", "data": {"timestamp": 1757931682665, "change_id": 117469736599, "instrument_name": "BTC-PERPETUAL", "bids": [[114997.0, 809510.0], [114996.5, 16210.0], [114996.0, 8160.0], [114995.5, 20.0], [114995.0, 20.0], [114994.5, 20.0], [114994.0, 20.0], [114993.5, 20.0], [114990.0, 30.0], [114988.0, 11000.0], [114987.5, 78060.0], [114987.0, 111600.0], [114985.5, 24010.0], [114983.0, 63010.0], [114982.5, 40000.0], [114982.0, 101180.0], [114980.0, 21000.0], [114979.5, 7850.0], [114979.0, 14500.0], [114978.0, 61600.0]], "asks": [[114997.5, 114470.0], [114999.0, 120.0], [115006.5, 25000.0], [115007.0, 234410.0], [115008.0, 169290.0], [115009.0, 90.0], [115015.0, 42100.0], [115015.5, 6000.0], [115016.0, 71970.0], [115018.0, 45000.0], [115018.5, 34270.0], [115020.0, 2000.0], [115020.5, 20.0], [115021.0, 20.0], [115021.5, 24100.0], [115022.0, 20.0], [115022.5, 41620.0], [115023.0, 20.0], [115023.5, 20.0], [115024.0, 220.0]]}}}
{"jsonrpc": "2.0", "method": "subscription", "params": {"channel": "book.BTC-PERPETUAL.none.20.100ms", "data": {"timestamp": 1757931682996, "change_id": 117469738157, "instrument_name": "BTC-PERPETUAL", "bids": [[115006.0, 679590.0], [115003.5, 212150.0], [115003.0, 179760.0], [115002.5, 234370.0], [115000.0, 2880.0], [114999.0, 30.0], [114998.0, 47990.0], [114997.0, 85100.0], [114996.5, 20.0], [114996.0, 8160.0], [114995.5, 66620.0], [114995.0, 20.0], [114994.5, 20.0], [114994.0, 20.0], [114993.5, 20.0], [114991.0, 24510.0], [114990.5, 45000.0], [114987.5, 42270.0], [114985.5, 57250.0], [114983.5, 123200.0]], "asks": [[115006.5, 25000.0], [115009.0, 90.0], [115013.0, 87940.0], [115013.5, 234370.0], [115015.5, 2880.0], [115016.0, 186400.0], [115016.5, 30.0], [115018.0, 45000.0], [115018.5, 1000.0], [115019.0, 11000.0], [115019.5, 11000.0], [115020.0, 2000.0], [115021.5, 3800.0], [115022.0, 6000.0], [115022.5, 1000.0], [115024.0, 200.0], [115027.5, 17460.0], [115029.0, 12100.0], [115030.5, 33270.0], [115031.0, 12160.0]]}}}
{"jsonrpc": "2.0", "method": "subscription", "params": {"channel": "book.BTC-PERPETUAL.none.20.100ms", "data": {"timestamp": 1757931683305, "change_id": 117469738886, "instrument_name": "BTC-PERPETUAL", "bids": [[115006.0, 686930.0], [115004.0, 70000.0], [115003.5, 142150.0], [115003.0, 157600.0], [115002.5, 234370.0], [115000.5, 9240.0], [115000.0, 2880.0], [114999.0, 30.0], [114998.0, 33970.0], [114997.0, 38360.0], [114996.5, 20.0], [114996.0, 8160.0], [114995.5, 66620.0], [114995.0, 20.0], [114994.5, 20.0], [114994.0, 20.0], [114993.5, 20.0], [114992.0, 11000.0], [114991.5, 45880.0], [114991.0, 11000.0]], "asks": [[115006.5, 53120.0], [115009.0, 90.0], [115011.0, 2880.0], [115013.0, 87940.0], [115013.5, 234370.0], [115016.0, 186400.0], [115016.5, 30.0], [115018.0, 45000.0], [115018.5, 1000.0], [115019.0, 11000.0], [115019.5, 11000.0], [115020.0, 2000.0], [115021.5, 3800.0], [115022.0, 6000.0], [115022.5, 1000.0], [115024.0, 200.0], [115027.5, 30280.0], [115029.0, 12100.0], [115030.0, 50000.0], [115030.5, 33270.0]]}}}
{"jsonrpc": "2.0", "method": "subscription", "params": {"channel": "book.BTC-PERPETUAL.none.20.100ms", "data": {"timestamp": 1757931683642, "change_id": 117469739182, "instrument_name": "BTC-PERPETUAL", "bids": [[115006.0, 686930.0], [115004.0, 70000.0], [115003.5, 73530.0], [115003.0, 234370.0], [115000.5, 9240.0], [115000.0, 2880.0], [114999.0, 30.0], [114998.0, 33970.0], [114997.0, 38360.0], [114996.5, 20.0], [114996.0, 8160.0], [114995.5, 66620.0], [114995.0, 20.0], [114994.5, 20.0], [114994.0, 20.0], [114993.5, 20.0], [114992.0, 11000.0], [114991.5, 45880.0], [114991.0, 11000.0], [114990.5, 45000.0]], "asks": [[115006.5, 53120.0], [115009.0, 90.0], [115011.0, 2880.0], [115013.0, 87940.0], [115013.5, 234370.0], [115016.0, 186400.0], [115016.5, 30.0], [115017.0, 11000.0], [115017.5, 11000.0], [115018.0, 45000.0], [115018.5, 1000.0], [115020.0, 2000.0], [115021.5, 3800.0], [115022.0, 6000.0], [115022.5, 1000.0], [115024.0, 200.0], [115027.5, 30280.0], [115029.0, 12100.0], [115030.0, 50500.0], [115030.5, 33270.0]]}}}
{"jsonrpc": "2.0", "method": "subscription", "params": {"channel": "book.BTC-PERPETUAL.none.20.100ms", "data": {"timestamp": 1757931683987, "change_id": 117469739604, "instrument_name": "BTC-PERPETUAL", "bids": [[115006.0, 686930.0], [115004.5, 101180.0], [115004.0, 70000.0], [115003.5, 30000.0], [115003.0, 234370.0], [115000.0, 2880.0], [114999.0, 30.0], [114998.5, 9240.0], [114998.0, 33970.0], [114997.0, 38360.0], [114996.5, 20.0], [114996.0, 8160.0], [114995.5, 66620.0], [114995.0, 20.0], [114994.5, 20.0], [114994.0, 20.0], [114993.5, 20.0], [114992.0, 11000.0], [114991.5, 45880.0], [114991.0, 11000.0]], "asks": [[115006.5, 53120.0], [115009.0, 90.0], [115011.0, 2880.0], [115013.0, 87940.0], [115013.5, 234370.0], [115016.0, 200430.0], [115016.5, 30.0], [115017.0, 11000.0], [115017.5, 11000.0], [115018.0, 45000.0], [115018.5, 1000.0], [115020.0, 2000.0], [115021.5, 53800.0], [115022.0, 6000.0], [115022.5, 1000.0], [115024.0, 200.0], [115027.5, 17460.0], [115029.0, 12100.0], [115030.5, 33770.0], [115031.0, 14820.0]]}}}
{"jsonrpc": "2.0", "method": "subscription", "params": {"channel": "book.BTC-PERPETUAL.none.20.100ms", "data": {"timestamp": 1757931684314, "change_id": 117469740134, "instrument_name": "BTC-PERPETUAL", "bids": [[115006.0, 683550.0], [115005.0, 70000.0], [115003.5, 30000.0], [115003.0, 500.0], [114999.0, 50.0], [114998.0, 33970.0], [114997.0, 38340.0], [114996.0, 8140.0], [114995.5, 66600.0], [114992.5, 9240.0], [114992.0, 30980.0], [114991.0, 11000.0], [114990.5, 45000.0], [114989.0, 37000.0], [114988.5, 10260.0], [114987.5, 19380.0], [114985.5, 24010.0], [114983.5, 40600.0], [114983.0, 65090.0], [114982.5, 40000.0]], "asks": [[115006.5, 53120.0], [115009.0, 90.0], [115011.0, 2880.0], [115013.0, 98940.0], [115013.5, 234370.0], [115016.0, 200430.0], [115016.5, 6030.0], [115017.0, 11000.0], [115018.0, 45000.0], [115018.5, 13090.0], [115020.0, 2000.0], [115021.5, 53800.0], [115022.5, 1000.0], [115023.0, 2880.0], [115024.0, 200.0], [115025.5, 20.0], [115026.0, 20.0], [115026.5, 20.0], [115027.0, 520.0], [115027.5, 17480.0]]}}}
{"jsonrpc": "2.0", "method": "subscription", "params": {"channel": "book.BTC-PERPETUAL.none.20.100ms", "data": {"timestamp": 1757931684626, "change_id": 117469740421, "instrument_name": "BTC-PERPETUAL", "bids": [[115006.0, 508830.0], [115005.0, 50000.0], [115003.5, 30000.0], [115002.0, 500.0], [115001.5, 234360.0], [114999.0, 30.0], [114998.0, 33970.0], [114997.0, 38340.0], [114996.0, 8140.0], [114995.5, 66600.0], [114992.5, 9240.0], [114992.0, 19880.0], [114991.0, 11000.0], [114990.5, 45000.0], [114988.5, 40740.0], [114986.0, 37000.0], [114985.5, 24010.0], [114983.5, 40600.0], [114983.0, 65090.0], [114982.5, 40000.0]], "asks": [[115006.5, 125030.0], [115007.5, 14680.0], [115008.0, 2880.0], [115009.0, 90.0], [115010.0, 36700.0], [115012.5, 11000.0], [115013.0, 87940.0], [115013.5, 234370.0], [115016.0, 190040.0], [115016.5, 6030.0], [115017.0, 11000.0], [115018.0, 45000.0], [115018.5, 13090.0], [115020.0, 2000.0], [115021.5, 2400.0], [115022.5, 1000.0], [115023.0, 2880.0], [115024.0, 200.0], [115025.5, 20.0], [115026.0, 20.0]]}}}
{"jsonrpc": "2.0", "method": "subscription", "params": {"channel": "book.BTC-PERPETUAL.none.20.100ms", "data": {"timestamp": 1757931684932, "change_id": 117469740880, "instrument_name": "BTC-PERPETUAL", "bids": [[115006.0, 482260.0], [115005.0, 50000.0], [115003.5, 30000.0], [114999.0, 30.0], [114998.5, 500.0], [114998.0, 33970.0], [114997.0, 38340.0], [114996.0, 8140.0], [114995.5, 66600.0], [114992.5, 9240.0], [114992.0, 19880.0], [114991.0, 11000.0], [114990.5, 45000.0], [114988.5, 40740.0], [114986.0, 37000.0], [114985.5, 24010.0], [114983.5, 40600.0], [114983.0, 65090.0], [114982.5, 40000.0], [114982.0, 101180.0]], "asks": [[115006.5, 125230.0], [115007.5, 14680.0], [115008.0, 2880.0], [115009.0, 90.0], [115009.5, 11000.0], [115010.0, 36700.0], [115013.0, 87940.0], [115013.5, 234370.0], [115016.0, 190040.0], [115016.5, 6030.0], [115017.0, 11000.0], [115018.0, 45000.0], [115018.5, 13090.0], [115020.0, 2000.0], [115021.5, 2400.0], [115022.5, 1000.0], [115023.0, 2880.0], [115025.5, 20.0], [115026.0, 20.0], [115026.5, 20.0]]}}}
{"jsonrpc": "2.0", "method": "subscription", "params": {"channel": "book.BTC-PERPETUAL.none.20.100ms", "data": {"timestamp": 1757931685307, "change_id": 117469741270, "instrument_name": "BTC-PERPETUAL", "bids": [[115006.0, 525140.0], [115004.5, 50000.0], [115003.5, 30000.0], [114999.5, 234360.0], [114999.0, 30.0], [114998.5, 500.0], [114998.0, 33970.0], [114997.5, 20.0], [114997.0, 38360.0], [114996.5, 20.0], [114996.0, 8160.0], [114995.5, 66620.0], [114995.0, 20.0], [114994.5, 20.0], [114992.5, 9240.0], [114992.0, 19880.0], [114991.0, 11000.0], [114990.5, 45000.0], [114988.5, 40740.0], [114986.0, 37000.0]], "asks": [[115006.5, 124180.0], [115007.5, 14680.0], [115008.0, 2880.0], [115009.0, 90.0], [115010.0, 36700.0], [115012.5, 11000.0], [115013.0, 87940.0], [115013.5, 234370.0], [115016.0, 190040.0], [115016.5, 6030.0], [115017.0, 11000.0], [115018.0, 45000.0], [115018.5, 13090.0], [115020.0, 1000.0], [115021.0, 20.0], [115021.5, 2420.0], [115022.0, 20.0], [115022.5, 1020.0], [115023.0, 3900.0], [115023.5, 20.0]]}}}
{"jsonrpc": "2.0", "method": "subscription", "params": {"channel": "book.BTC-PERPETUAL.none.20.100ms", "data": {"timestamp": 1757931685629, "change_id": 117469741524, "instrument_name": "BTC-PERPETUAL", "bids": [[115006.0, 682640.0], [115004.5, 50000.0], [115003.5, 30000.0], [114999.5, 234350.0], [114999.0, 30.0], [114998.5, 500.0], [114998.0, 33970.0], [114997.0, 38340.0], [114996.0, 8140.0], [114995.5, 66600.0], [114994.0, 20.0], [114993.5, 20.0], [114992.5, 9240.0], [114992.0, 19880.0], [114991.0, 11000.0], [114990.5, 45000.0], [114988.5, 40740.0], [114986.0, 37000.0], [114985.5, 24010.0], [114983.5, 40600.0]], "asks": [[115006.5, 107030.0], [115007.5, 10390.0], [115008.0, 2880.0], [115009.0, 22490.0], [115009.5, 11000.0], [115013.0, 122800.0], [115013.5, 234370.0], [115014.5, 45000.0], [115016.0, 176270.0], [115016.5, 6030.0], [115017.0, 11000.0], [115018.5, 13090.0], [115020.0, 1000.0], [115021.0, 20.0], [115021.5, 2420.0], [115022.0, 20.0], [115022.5, 1020.0], [115023.0, 3880.0], [115027.0, 500.0], [115027.5, 17460.0]]}}}
{"jsonrpc": "2.0", "method": "subscription", "params": {"channel": "book.BTC-PERPETUAL.none.20.100ms", "data": {"timestamp": 1757931685967, "change_id": 117469741943, "instrument_name": "BTC-PERPETUAL", "bids": [[115006.0, 682640.0], [115004.5, 50000.0], [115003.5, 30000.0], [114999.5, 234350.0], [114999.0, 30.0], [114998.5, 500.0], [114998.0, 33970.0], [114997.0, 38340.0], [114995.5, 66600.0], [114994.0, 20.0], [114993.5, 20.0], [114992.5, 9240.0], [114992.0, 19880.0], [114991.0, 11000.0], [114990.5, 45000.0], [114988.5, 40740.0], [114986.5, 26000.0], [114986.0, 11000.0], [114985.5, 24010.0], [114983.5, 40600.0]], "asks": [[115006.5, 107030.0], [115007.5, 10020.0], [115008.0, 2880.0], [115009.0, 22490.0], [115012.5, 11000.0], [115013.0, 122800.0], [115013.5, 234370.0], [115014.5, 45000.0], [115016.0, 176270.0], [115016.5, 6030.0], [115017.0, 11000.0], [115018.5, 13090.0], [115020.0, 1000.0], [115021.0, 20.0], [115021.5, 2420.0], [115022.0, 20.0], [115022.5, 1020.0], [115023.0, 3880.0], [115027.0, 500.0], [115027.5, 17460.0]]}}}
{"jsonrpc": "2.0", "method": "subscription", "params": {"channel": "book.BTC-PERPETUAL.none.20.100ms", "data": {"timestamp": 1757931686297, "change_id": 117469742258, "instrument_name": "BTC-PERPETUAL", "bids": [[115006.0, 642640.0], [115004.0, 50000.0], [115003.5, 30000.0], [114999.5, 234350.0], [114999.0, 30.0], [114998.5, 500.0], [114998.0, 33970.0], [114997.0, 38340.0], [114995.5, 66600.0], [114994.0, 20.0], [114993.5, 20.0], [114992.5, 9240.0], [114992.0, 19880.0], [114991.0, 11000.0], [114990.5, 45000.0], [114988.5, 40740.0], [114986.5, 26000.0], [114986.0, 11000.0], [114985.5, 24010.0], [114983.5, 40600.0]], "asks": [[115006.5, 107030.0], [115007.5, 10020.0], [115008.0, 2880.0], [115009.0, 22490.0], [115012.5, 11000.0], [115013.0, 122800.0], [115013.5, 234370.0], [115014.5, 45000.0], [115016.0, 176270.0], [115016.5, 6030.0], [115017.0, 11000.0], [115018.5, 13090.0], [115020.0, 1000.0], [115021.0, 20.0], [115021.5, 2420.0], [115022.0, 20.0], [115022.5, 1020.0], [115023.0, 3880.0], [115027.0, 500.0], [115027.5, 17460.0]]}}}
{"jsonrpc": "2.0", "method": "subscription", "params": {"channel": "book.BTC-PERPETUAL.none.20.100ms", "data": {"timestamp": 1757931686628, "change_id": 117469742500, "instrument_name": "BTC-PERPETUAL", "bids": [[115006.0, 642640.0], [115004.5, 8140.0], [115004.0, 50000.0], [115003.5, 30000.0], [114999.5, 234350.0], [114999.0, 30.0], [114998.5, 20.0], [114998.0, 33990.0], [114997.5, 520.0], [114997.0, 38360.0], [114996.5, 20.0], [114996.0, 20.0], [114995.5, 66620.0], [114995.0, 20.0], [114992.5, 9240.0], [114992.0, 19880.0], [114991.0, 11000.0], [114990.5, 45000.0], [114988.5, 40740.0], [114986.5, 26000.0]], "asks": [[115006.5, 133430.0], [115007.5, 26340.0], [115008.0, 2880.0], [115009.0, 33490.0], [115009.5, 66600.0], [115013.0, 122800.0], [115013.5, 234370.0], [115014.5, 45000.0], [115016.0, 109670.0], [115016.5, 6030.0], [115017.0, 11000.0], [115018.5, 13090.0], [115020.0, 1000.0], [115021.0, 20.0], [115021.5, 2420.0], [115022.0, 520.0], [115022.5, 1020.0], [115023.0, 3900.0], [115023.5, 20.0], [115024.0, 20.0]]}}}
{"jsonrpc": "2.0", "method": "subscription", "params": {"channel": "book.BTC-PERPETUAL.none.20.100ms", "data": {"timestamp": 1757931686935, "change_id": 117469742901, "instrument_name": "BTC-PERPETUAL", "bids": [[115006.0, 642640.0], [115004.0, 50000.0], [115003.5, 30000.0], [114999.5, 234350.0], [114999.0, 30.0], [114998.0, 33990.0], [114997.5, 520.0], [114997.0, 38360.0], [114996.5, 20.0], [114996.0, 20.0], [114995.5, 66620.0], [114995.0, 20.0], [114992.5, 9240.0], [114992.0, 19880.0], [114991.0, 11000.0], [114990.5, 45000.0], [114988.5, 40740.0], [114986.5, 26000.0], [114986.0, 11000.0], [114985.5, 24010.0]], "asks": [[115006.5, 107030.0], [115007.5, 26340.0], [115008.0, 2880.0], [115009.0, 22490.0], [115009.5, 66600.0], [115012.5, 11000.0], [115013.0, 122800.0], [115013.5, 234370.0], [115014.5, 45000.0], [115016.0, 109670.0], [115016.5, 6030.0], [115017.0, 11000.0], [115018.5, 13090.0], [115020.0, 1000.0], [115021.5, 2420.0], [115022.0, 520.0], [115022.5, 1020.0], [115023.0, 3900.0], [115023.5, 20.0], [115024.0, 20.0]]}}}
{"jsonrpc": "2.0", "method": "subscription", "params": {"channel": "book.BTC-PERPETUAL.none.20.100ms", "data": {"timestamp": 1757931687253, "change_id": 117469743187, "instrument_name": "BTC-PERPETUAL", "bids": [[115006.0, 642640.0], [115004.0, 50000.0], [115003.5, 30000.0], [114999.5, 234350.0], [114999.0, 30.0], [114998.5, 20.0], [114998.0, 33990.0], [114997.5, 520.0], [114997.0, 38360.0], [114996.5, 20.0], [114996.0, 20.0], [114995.5, 66620.0], [114995.0, 20.0], [114992.5, 9240.0], [114992.0, 19880.0], [114991.0, 11000.0], [114990.5, 45000.0], [114988.5, 40740.0], [114986.5, 26000.0], [114986.0, 11000.0]], "asks": [[115006.5, 107030.0], [115007.5, 26340.0], [115008.0, 2880.0], [115009.0, 22490.0], [115009.5, 66600.0], [115012.5, 11000.0], [115013.0, 122800.0], [115013.5, 234370.0], [115014.5, 45000.0], [115016.0, 109670.0], [115016.5, 6030.0], [115017.0, 11000.0], [115018.5, 13090.0], [115020.0, 1000.0], [115021.5, 2420.0], [115022.0, 520.0], [115022.5, 1020.0], [115023.0, 3900.0], [115023.5, 20.0], [115024.0, 20.0]]}}}
{"jsonrpc": "2.0", "method": "subscription", "params": {"channel": "book.BTC-PERPETUAL.none.20.100ms", "data": {"timestamp": 1757931687586, "change_id": 117469743356, "instrument_name": "BTC-PERPETUAL", "bids": [[115006.0, 497230.0], [115004.5, 8140.0], [115004.0, 50000.0], [115003.5, 30000.0], [114999.5, 234350.0], [114999.0, 30.0], [114998.0, 33970.0], [114997.5, 520.0], [114997.0, 38360.0], [114996.5, 20.0], [114996.0, 20.0], [114995.5, 66620.0], [114995.0, 20.0], [114994.5, 20.0], [114992.5, 9240.0], [114992.0, 19880.0], [114991.0, 11000.0], [114990.5, 45000.0], [114988.5, 40740.0], [114986.5, 26000.0]], "asks": [[115006.5, 107030.0], [115007.5, 26340.0], [115008.0, 2880.0], [115009.0, 33490.0], [115009.5, 66600.0], [115013.0, 122800.0], [115013.5, 234370.0], [115014.5, 45000.0], [115016.0, 109670.0], [115016.5, 6030.0], [115017.0, 11000.0], [115018.5, 13090.0], [115020.0, 1000.0], [115020.5, 20.0], [115021.0, 20.0], [115021.5, 2420.0], [115022.0, 520.0], [115022.5, 1020.0], [115023.0, 3900.0], [115023.5, 20.0]]}}}
{"jsonrpc": "2.0", "method": "subscription", "params": {"channel": "book.BTC-PERPETUAL.none.20.100ms", "data": {"timestamp": 1757931687935, "change_id": 117469743827, "instrument_name": "BTC-PERPETUAL", "bids": [[115006.0, 537230.0], [115004.5, 8140.0], [115004.0, 50000.0], [115003.5, 30000.0], [114999.5, 234350.0], [114999.0, 30.0], [114998.5, 20.0], [114998.0, 33990.0], [114997.5, 520.0], [114997.0, 38360.0], [114996.5, 20.0], [114996.0, 20.0], [114995.5, 66620.0], [114992.5, 9240.0], [114992.0, 19880.0], [114991.0, 11000.0], [114990.5, 45000.0], [114988.5, 40740.0], [114986.5, 26000.0], [114986.0, 11000.0]], "asks": [[115006.5, 107030.0], [115007.5, 26340.0], [115008.0, 2880.0], [115009.0, 22490.0], [115009.5, 66600.0], [115012.5, 11000.0], [115013.0, 122800.0], [115013.5, 234370.0], [115014.5, 45000.0], [115016.0, 109670.0], [115016.5, 6030.0], [115017.0, 11000.0], [115018.5, 13090.0], [115020.0, 1000.0], [115021.5, 2400.0], [115022.0, 520.0], [115022.5, 1020.0], [115023.0, 3900.0], [115023.5, 20.0], [115024.0, 20.0]]}}}
{"jsonrpc": "2.0", "method": "subscription", "params": {"channel": "book.BTC-PERPETUAL.none.20.100ms", "data": {"timestamp": 1757931688208, "change_id": 117469744072, "instrument_name": "BTC-PERPETUAL", "bids": [[115006.0, 537230.0], [115004.5, 8140.0], [115004.0, 50000.0], [115003.5, 30000.0], [114999.5, 234350.0], [114999.0, 50.0], [114998.5, 20.0], [114998.0, 20.0], [114997.5, 520.0], [114997.0, 17130.0], [114996.5, 20.0], [114996.0, 20.0], [114995.5, 66620.0], [114992.5, 9240.0], [114992.0, 19880.0], [114991.0, 11000.0], [114990.5, 45000.0], [114988.5, 40740.0], [114986.5, 26000.0], [114986.0, 11000.0]], "asks": [[115006.5, 107030.0], [115007.5, 26340.0], [115008.0, 2880.0], [115009.0, 22490.0], [115009.5, 66600.0], [115012.5, 11000.0], [115013.0, 122800.0], [115013.5, 234370.0], [115014.5, 45000.0], [115016.0, 109670.0], [115016.5, 6030.0], [115017.0, 11000.0], [115018.5, 13090.0], [115020.0, 1000.0], [115021.5, 2400.0], [115022.0, 520.0], [115022.5, 1020.0], [115023.0, 3900.0], [115023.5, 20.0], [115024.0, 20.0]]}}}
{"jsonrpc": "2.0", "method": "subscription", "params": {"channel": "book.BTC-PERPETUAL.none.20.100ms", "data": {"timestamp": 1757931688605, "change_id": 117469744307, "instrument_name": "BTC-PERPETUAL", "bids": [[115006.0, 716020.0], [115004.5, 8140.0], [115004.0, 50000.0], [115003.5, 30000.0], [115000.0, 20.0], [114999.5, 234370.0], [114999.0, 50.0], [114998.5, 20.0], [114998.0, 20.0], [114997.5, 520.0], [114997.0, 17130.0], [114996.5, 20.0], [114995.5, 66600.0], [114992.5, 9240.0], [114992.0, 19880.0], [114991.0, 11000.0], [114990.5, 45000.0], [114988.5, 40740.0], [114986.5, 26000.0], [114986.0, 11000.0]], "asks": [[115006.5, 107030.0], [115007.5, 26340.0], [115009.0, 22490.0], [115009.5, 66600.0], [115012.5, 11000.0], [115013.0, 122800.0], [115013.5, 234370.0], [115014.5, 45000.0], [115016.0, 109670.0], [115016.5, 6030.0], [115017.0, 11000.0], [115018.5, 13090.0], [115020.0, 1000.0], [115021.5, 1000.0], [115022.0, 500.0], [115022.5, 1020.0], [115023.0, 1020.0], [115023.5, 20.0], [115024.0, 20.0], [115024.5, 20.0]]}}}
{"jsonrpc": "2.0", "method": "subscription", "params": {"channel": "book.BTC-PERPETUAL.none.20.100ms", "data": {"timestamp": 1757931688942, "change_id": 117469744956, "instrument_name": "BTC-PERPETUAL", "bids": [[115006.0, 663930.0], [115004.5, 8140.0], [115004.0, 50000.0], [115003.5, 30000.0], [115000.0, 234330.0], [114999.0, 30.0], [114997.0, 17110.0], [114996.0, 500.0], [114995.5, 66600.0], [114994.5, 20.0], [114994.0, 20.0], [114991.5, 9150.0], [114991.0, 20240.0], [114988.5, 40740.0], [114987.5, 45000.0], [114985.5, 24010.0], [114984.0, 37000.0], [114983.5, 40600.0], [114983.0, 65090.0], [114982.5, 40000.0]], "asks": [[115006.5, 118630.0], [115007.5, 44910.0], [115008.5, 11000.0], [115009.0, 22490.0], [115009.5, 72600.0], [115010.5, 45000.0], [115013.0, 122800.0], [115013.5, 234370.0], [115016.0, 109670.0], [115016.5, 30.0], [115017.0, 11000.0], [115018.5, 13090.0], [115020.0, 1000.0], [115021.0, 520.0], [115021.5, 1020.0], [115022.0, 1520.0], [115022.5, 1020.0], [115023.0, 3900.0], [115023.5, 20.0], [115024.0, 20.0]]}}}
{"jsonrpc": "2.0", "method": "subscription", "params": {"channel": "book.BTC-PERPETUAL.none.20.100ms", "data": {"timestamp": 1757931689260, "change_id": 117469745308, "instrument_name": "BTC-PERPETUAL", "bids": [[115006.0, 657090.0], [115004.5, 8140.0], [115004.0, 50000.0], [115003.5, 30000.0], [115000.0, 234330.0], [114999.0, 30.0], [114997.0, 17110.0], [114996.0, 500.0], [114995.5, 66600.0], [114994.5, 20.0], [114994.0, 20.0], [114992.0, 6070.0], [114991.5, 11000.0], [114991.0, 9240.0], [114988.5, 30480.0], [114987.5, 45000.0], [114987.0, 11000.0], [114986.5, 26000.0], [114985.5, 24010.0], [114983.5, 40600.0]], "asks": [[115006.5, 107030.0], [115007.5, 44910.0], [115009.0, 22490.0], [115009.5, 72600.0], [115010.0, 11000.0], [115010.5, 45000.0], [115013.0, 122800.0], [115013.5, 234370.0], [115016.0, 109670.0], [115016.5, 30.0], [115017.0, 11000.0], [115018.5, 13090.0], [115019.5, 500.0], [115020.0, 1000.0], [115021.0, 20.0], [115021.5, 1020.0], [115022.0, 1520.0], [115022.5, 1020.0], [115023.0, 3900.0], [115023.5, 20.0]]}}}
{"jsonrpc": "2.0", "method": "subscription", "params": {"channel": "book.BTC-PERPETUAL.none.20.100ms", "data": {"timestamp": 1757931689583, "change_id": 117469745469, "instrument_name": "BTC-PERPETUAL", "bids": [[115006.0, 657090.0], [115004.5, 8140.0], [115004.0, 50000.0], [115003.5, 30000.0], [115000.0, 234330.0], [114999.0, 30.0], [114997.0, 15240.0], [114996.5, 20.0], [114996.0, 500.0], [114995.5, 66600.0], [114994.5, 20.0], [114994.0, 20.0], [114992.0, 6070.0], [114991.5, 11000.0], [114991.0, 9240.0], [114988.5, 30480.0], [114987.5, 45000.0], [114987.0, 11000.0], [114986.5, 26000.0], [114985.5, 24010.0]], "asks": [[115006.5, 134030.0], [115007.5, 44910.0], [115009.0, 22490.0], [115009.5, 72600.0], [115010.0, 11000.0], [115010.5, 45000.0], [115013.0, 122800.0], [115013.5, 234370.0], [115016.0, 109670.0], [115016.5, 30.0], [115017.0, 11000.0], [115018.5, 13090.0], [115019.5, 500.0], [115020.0, 1000.0], [115021.0, 20.0], [115021.5, 1020.0], [115022.0, 1520.0], [115022.5, 1020.0], [115023.0, 3900.0], [115023.5, 20.0]]}}}
{"jsonrpc": "2.0", "method": "subscription", "params": {"channel": "book.BTC-PERPETUAL.none.20.100ms", "data": {"timestamp": 1757931689927, "change_id": 117469745975, "instrument_name": "BTC-PERPETUAL", "bids": [[115006.0, 657090.0], [115004.5, 8140.0], [115004.0, 50000.0], [115003.5, 30000.0], [115000.0, 234330.0], [114999.0, 30.0], [114997.0, 15240.0], [114996.0, 520.0], [114995.5, 66620.0], [114995.0, 20.0], [114994.5, 20.0], [114994.0, 20.0], [114993.5, 20.0], [114993.0, 20.0], [114992.0, 6070.0], [114991.5, 11000.0], [114991.0, 9240.0], [114988.5, 30480.0], [114987.5, 45000.0], [114987.0, 11000.0]], "asks": [[115006.5, 145630.0], [115007.5, 44910.0], [115009.0, 22490.0], [115009.5, 72600.0], [115010.0, 11000.0], [115010.5, 45000.0], [115013.0, 122800.0], [115013.5, 234370.0], [115016.0, 109670.0], [115016.5, 30.0], [115017.0, 11000.0], [115018.5, 13090.0], [115019.0, 20.0], [115019.5, 520.0], [115020.0, 1020.0], [115020.5, 20.0], [115021.0, 20.0], [115021.5, 1020.0], [115022.0, 1520.0], [115022.5, 1020.0]]}}}
{"jsonrpc": "2.0", "method": "subscription", "params": {"channel": "book.BTC-PERPETUAL.none.20.100ms", "data": {"timestamp": 1757931690263, "change_id": 117469746324, "instrument_name": "BTC-PERPETUAL", "bids": [[115006.0, 658960.0], [115004.0, 50000.0], [115003.5, 30000.0], [114999.0, 30.0], [114997.0, 15240.0], [114996.5, 20.0], [114996.0, 520.0], [114995.5, 66620.0], [114995.0, 20.0], [114994.5, 20.0], [114994.0, 20.0], [114993.5, 20.0], [114993.0, 20.0], [114992.0, 6070.0], [114991.5, 11000.0], [114991.0, 9240.0], [114988.5, 30480.0], [114987.5, 45000.0], [114986.5, 26000.0], [114986.0, 11000.0]], "asks": [[115006.5, 145630.0], [115007.0, 116490.0], [115007.5, 237210.0], [115009.0, 22490.0], [115009.5, 72600.0], [115010.0, 11000.0], [115010.5, 45000.0], [115013.0, 30000.0], [115016.0, 109670.0], [115016.5, 30.0], [115017.0, 11000.0], [115018.5, 13090.0], [115019.0, 20.0], [115019.5, 520.0], [115020.0, 1020.0], [115020.5, 20.0], [115021.0, 20.0], [115021.5, 1020.0], [115022.0, 1520.0], [115022.5, 1020.0]]}}}
{"jsonrpc": "2.0", "method": "subscription", "params": {"channel": "book.BTC-PERPETUAL.none.20.100ms", "data": {"timestamp": 1757931690592, "change_id": 117469746526, "instrument_name": "BTC-PERPETUAL", "bids": [[115006.0, 501460.0], [115004.0, 50000.0], [115003.5, 30000.0], [115000.0, 234330.0], [114999.0, 30.0], [114997.0, 15240.0], [114996.0, 520.0], [114995.5, 66620.0], [114995.0, 20.0], [114994.5, 20.0], [114994.0, 20.0], [114993.5, 20.0], [114993.0, 20.0], [114992.0, 6070.0], [114991.5, 11000.0], [114991.0, 9240.0], [114988.5, 30480.0], [114987.5, 45000.0], [114987.0, 11000.0], [114986.5, 26000.0]], "asks": [[115006.5, 134030.0], [115007.0, 116490.0], [115007.5, 234330.0], [115009.0, 22490.0], [115009.5, 72600.0], [115010.0, 11000.0], [115010.5, 45000.0], [115013.0, 30000.0], [115016.0, 109670.0], [115016.5, 30.0], [115017.0, 11000.0], [115018.5, 13090.0], [115019.5, 520.0], [115020.0, 1020.0], [115020.5, 20.0], [115021.0, 20.0], [115021.5, 1020.0], [115022.0, 1500.0], [115022.5, 1000.0], [115023.0, 3880.0]]}}}
{"jsonrpc": "2.0", "method": "subscription", "params": {"channel": "book.BTC-PERPETUAL.none.20.100ms", "data": {"timestamp": 1757931690922, "change_id": 117469747119, "instrument_name": "BTC-PERPETUAL", "bids": [[115006.0, 300780.0], [115004.0, 50000.0], [115003.5, 30000.0], [114999.0, 30.0], [114997.0, 30150.0], [114996.5, 50000.0], [114995.5, 66600.0], [114992.0, 6070.0], [114991.5, 500.0], [114989.0, 20240.0], [114988.5, 30480.0], [114987.5, 45000.0], [114985.5, 24210.0], [114984.0, 37000.0], [114983.5, 40600.0], [114983.0, 65090.0], [114982.5, 40000.0], [114982.0, 101180.0], [114980.5, 36630.0], [114979.0, 14500.0]], "asks": [[115006.5, 185950.0], [115007.0, 116490.0], [115007.5, 234330.0], [115008.5, 11000.0], [115009.0, 22490.0], [115009.5, 72600.0], [115010.5, 45000.0], [115013.0, 30000.0], [115016.0, 109670.0], [115016.5, 530.0], [115017.0, 11000.0], [115018.5, 13090.0], [115019.5, 20.0], [115020.0, 1020.0], [115020.5, 20.0], [115021.0, 20.0], [115021.5, 1020.0], [115022.0, 1490.0], [115022.5, 1020.0], [115023.0, 3880.0]]}}}
{"jsonrpc": "2.0", "method": "subscription", "params": {"channel": "book.BTC-PERPETUAL.none.20.100ms", "data": {"timestamp": 1757931691253, "change_id": 117469748116, "instrument_name": "BTC-PERPETUAL", "bids": [[115006.0, 53160.0], [115003.5, 80000.0], [115002.0, 8140.0], [114999.0, 30.0], [114997.0, 30150.0], [114988.5, 8000.0], [114986.0, 50000.0], [114985.5, 24210.0], [114985.0, 66600.0], [114981.0, 14210.0], [114980.5, 36750.0], [114979.0, 14500.0], [114978.0, 500.0], [114977.5, 34530.0], [114977.0, 84640.0], [114974.5, 40600.0], [114971.5, 20240.0], [114971.0, 83080.0], [114970.5, 40000.0], [114968.5, 225790.0]], "asks": [[115006.5, 297570.0], [115007.0, 161490.0], [115007.5, 234330.0], [115009.0, 90.0], [115009.5, 72600.0], [115010.5, 3000.0], [115013.0, 44740.0], [115015.0, 9240.0], [115015.5, 61630.0], [115016.0, 104570.0], [115016.5, 30.0], [115018.5, 13090.0], [115019.5, 20.0], [115020.0, 1020.0], [115020.5, 20.0], [115021.0, 20.0], [115021.5, 1020.0], [115022.0, 1490.0], [115022.5, 1020.0], [115023.0, 3880.0]]}}}
{"jsonrpc": "2.0", "method": "subscription", "params": {"channel": "book.BTC-PERPETUAL.none.20.100ms", "data": {"timestamp": 1757931691581, "change_id": 117469749116, "instrument_name": "BTC-PERPETUAL", "bids": [[115006.0, 97250.0], [115003.5, 50000.0], [114999.0, 30.0], [114997.0, 10150.0], [114988.0, 2880.0], [114985.0, 66600.0], [114983.0, 234320.0], [114982.0, 23690.0], [114981.5, 20.0], [114981.0, 20.0], [114980.5, 36770.0], [114980.0, 20.0], [114979.0, 22500.0], [114978.0, 20.0], [114977.5, 20.0], [114977.0, 36780.0], [114975.5, 500.0], [114972.5, 52400.0], [114971.5, 40600.0], [114971.0, 42210.0]], "asks": [[115006.5, 457480.0], [115007.0, 161490.0], [115007.5, 234330.0], [115009.0, 61720.0], [115009.5, 72600.0], [115010.5, 3000.0], [115012.0, 2770.0], [115015.5, 9240.0], [115016.0, 4570.0], [115016.5, 30.0], [115018.5, 13090.0], [115019.5, 20.0], [115020.0, 1020.0], [115020.5, 20.0], [115021.0, 20.0], [115021.5, 1020.0], [115022.0, 15380.0], [115022.5, 1020.0], [115023.0, 3880.0], [115024.0, 32730.0]]}}}
{"jsonrpc": "2.0", "method": "subscription", "params": {"channel": "book.BTC-PERPETUAL.none.20.100ms", "data": {"timestamp": 1757931691906, "change_id": 117469749569, "instrument_name": "BTC-PERPETUAL", "bids": [[115006.0, 97250.0], [115003.5, 50000.0], [114999.0, 30.0], [114997.0, 10150.0], [114988.0, 2880.0], [114986.0, 8000.0], [114985.0, 66600.0], [114983.0, 274940.0], [114982.5, 20.0], [114982.0, 23710.0], [114981.5, 50020.0], [114981.0, 20.0], [114980.5, 36750.0], [114979.5, 500.0], [114979.0, 14500.0], [114977.0, 36760.0], [114971.5, 60840.0], [114971.0, 42210.0], [114970.5, 200.0], [114969.5, 45000.0]], "asks": [[115006.5, 488480.0], [115007.0, 161490.0], [115007.5, 234350.0], [115008.0, 20.0], [115008.5, 20.0], [115009.0, 110.0], [115009.5, 72620.0], [115010.5, 3000.0], [115011.0, 32510.0], [115014.5, 46210.0], [115015.0, 61630.0], [115015.5, 9240.0], [115016.0, 4570.0], [115016.5, 30.0], [115018.5, 12090.0], [115019.5, 20.0], [115020.0, 1020.0], [115020.5, 20.0], [115021.5, 1000.0], [115022.0, 15360.0]]}}}
{"jsonrpc": "2.0", "method": "subscription", "params": {"channel": "book.BTC-PERPETUAL.none.20.100ms", "data": {"timestamp": 1757931692228, "change_id": 117469750086, "instrument_name": "BTC-PERPETUAL", "bids": [[115006.0, 97250.0], [114999.5, 50000.0], [114999.0, 30.0], [114997.0, 10150.0], [114990.5, 2880.0], [114986.0, 8000.0], [114985.0, 66600.0], [114983.0, 274940.0], [114982.5, 8160.0], [114982.0, 23710.0], [114981.5, 50020.0], [114981.0, 20.0], [114980.5, 36750.0], [114979.5, 500.0], [114979.0, 14500.0], [114977.0, 39640.0], [114972.0, 49890.0], [114971.5, 49840.0], [114970.5, 200.0], [114970.0, 11000.0]], "asks": [[115006.5, 450080.0], [115007.0, 161490.0], [115007.5, 234350.0], [115008.0, 20.0], [115008.5, 20.0], [115009.0, 110.0], [115009.5, 72620.0], [115011.0, 32510.0], [115014.5, 46210.0], [115015.0, 61630.0], [115015.5, 9240.0], [115016.0, 4570.0], [115016.5, 30.0], [115018.5, 12090.0], [115019.5, 20.0], [115020.0, 20.0], [115020.5, 20.0], [115022.0, 70890.0], [115023.0, 2880.0], [115023.5, 188630.0]]}}}
{"jsonrpc": "2.0", "method": "subscription", "params": {"channel": "book.BTC-PERPETUAL.none.20.100ms", "data": {"timestamp": 1757931692553, "change_id": 117469750270, "instrument_name": "BTC-PERPETUAL", "bids": [[115006.0, 133150.0], [114999.5, 70000.0], [114999.0, 30.0], [114997.0, 10150.0], [114990.5, 2880.0], [114986.0, 8000.0], [114985.0, 66600.0], [114983.5, 20.0], [114983.0, 274940.0], [114982.5, 8160.0], [114982.0, 23710.0], [114981.5, 50020.0], [114981.0, 20.0], [114980.5, 36750.0], [114979.5, 500.0], [114979.0, 14500.0], [114977.0, 39640.0], [114972.0, 49890.0], [114971.5, 49840.0], [114970.5, 200.0]], "asks": [[115006.5, 476280.0], [115007.0, 161490.0], [115007.5, 234330.0], [115008.0, 20.0], [115008.5, 20.0], [115009.0, 110.0], [115009.5, 72620.0], [115010.0, 20.0], [115010.5, 20.0], [115011.0, 32510.0], [115014.5, 46210.0], [115015.0, 61630.0], [115015.5, 9240.0], [115016.0, 15060.0], [115016.5, 30.0], [115018.5, 12090.0], [115021.5, 40000.0], [115022.0, 70890.0], [115023.0, 2880.0], [115023.5, 188630.0]]}}}
{"jsonrpc": "2.0", "method": "subscription", "params": {"channel": "book.BTC-PERPETUAL.none.20.100ms", "data": {"timestamp": 1757931692875, "change_id": 117469750545, "instrument_name": "BTC-PERPETUAL", "bids": [[115006.0, 133150.0], [114999.5, 70000.0], [114999.0, 30.0], [114997.0, 10150.0], [114994.0, 12000.0], [114990.5, 2880.0], [114986.0, 8000.0], [114985.0, 66600.0], [114984.5, 20.0], [114984.0, 20.0], [114983.5, 20.0], [114983.0, 274940.0], [114982.5, 8160.0], [114982.0, 23710.0], [114981.5, 50020.0], [114981.0, 20.0], [114980.5, 36750.0], [114979.5, 500.0], [114979.0, 14500.0], [114977.0, 39640.0]], "asks": [[115006.5, 450080.0], [115007.0, 161490.0], [115007.5, 234330.0], [115008.0, 20.0], [115008.5, 20.0], [115009.0, 110.0], [115009.5, 72620.0], [115010.0, 20.0], [115010.5, 20.0], [115011.0, 32530.0], [115014.5, 46210.0], [115015.0, 61630.0], [115016.0, 15060.0], [115016.5, 30.0], [115018.0, 9240.0], [115018.5, 12090.0], [115021.5, 40000.0], [115022.0, 70890.0], [115023.0, 2880.0], [115023.5, 188630.0]]}}}
{"jsonrpc": "2.0", "method": "subscription", "params": {"channel": "book.BTC-PERPETUAL.none.20.100ms", "data": {"timestamp": 1757931693213, "change_id": 117469751150, "instrument_name": "BTC-PERPETUAL", "bids": [[115006.0, 133150.0], [114999.5, 20000.0], [114999.0, 30.0], [114997.0, 10150.0], [114995.5, 50000.0], [114992.0, 2880.0], [114986.0, 8000.0], [114985.0, 66600.0], [114984.5, 20.0], [114984.0, 20.0], [114983.5, 20.0], [114983.0, 274940.0], [114982.5, 8160.0], [114982.0, 23710.0], [114981.5, 50020.0], [114981.0, 20.0], [114980.5, 36750.0], [114979.5, 500.0], [114979.0, 14500.0], [114977.0, 39640.0]], "asks": [[115006.5, 448810.0], [115007.0, 161490.0], [115007.5, 234350.0], [115008.0, 20.0], [115008.5, 20.0], [115009.0, 110.0], [115009.5, 72620.0], [115010.0, 20.0], [115010.5, 20.0], [115011.0, 32530.0], [115014.5, 46210.0], [115015.0, 61630.0], [115016.0, 15060.0], [115016.5, 30.0], [115018.0, 9240.0], [115018.5, 12090.0], [115021.5, 40000.0], [115022.0, 70890.0], [115023.0, 2880.0], [115023.5, 188630.0]]}}}
{"jsonrpc": "2.0", "method": "subscription", "params": {"channel": "book.BTC-PERPETUAL.none.20.100ms", "data": {"timestamp": 1757931693558, "change_id": 117469751397, "instrument_name": "BTC-PERPETUAL", "bids": [[115006.0, 78250.0], [114999.0, 30.0], [114997.0, 10150.0], [114995.5, 50000.0], [114992.0, 2880.0], [114986.0, 8000.0], [114985.0, 66600.0], [114982.5, 242450.0], [114982.0, 23690.0], [114981.5, 50000.0], [114980.5, 36750.0], [114979.0, 14500.0], [114977.5, 500.0], [114977.0, 39640.0], [114972.0, 49890.0], [114971.5, 49840.0], [114970.5, 200.0], [114970.0, 11000.0], [114969.5, 45000.0], [114968.5, 36580.0]], "asks": [[115006.5, 488010.0], [115007.0, 161510.0], [115007.5, 234350.0], [115008.0, 20.0], [115008.5, 20.0], [115009.0, 110.0], [115009.5, 72620.0], [115010.0, 20.0], [115010.5, 20.0], [115011.0, 33040.0], [115014.0, 61630.0], [115014.5, 46210.0], [115015.5, 9240.0], [115016.0, 15060.0], [115016.5, 30.0], [115018.5, 12090.0], [115021.5, 40000.0], [115022.0, 70890.0], [115023.0, 2880.0], [115023.5, 188630.0]]}}}
{"jsonrpc": "2.0", "method": "subscription", "params": {"channel": "book.BTC-PERPETUAL.none.20.100ms", "data": {"timestamp": 1757931693895, "change_id": 117469751757, "instrument_name": "BTC-PERPETUAL", "bids": [[115006.0, 78070.0], [114999.0, 30.0], [114997.0, 10150.0], [114995.5, 50000.0], [114992.0, 2880.0], [114986.0, 8000.0], [114985.0, 66600.0], [114983.0, 40600.0], [114982.5, 242450.0], [114982.0, 23710.0], [114981.5, 50020.0], [114981.0, 20.0], [114980.5, 36770.0], [114980.0, 20.0], [114979.5, 20.0], [114979.0, 14520.0], [114978.5, 20.0], [114977.5, 500.0], [114977.0, 39640.0], [114972.0, 49890.0]], "asks": [[115006.5, 448650.0], [115007.0, 161510.0], [115007.5, 234350.0], [115008.0, 20.0], [115008.5, 20.0], [115009.0, 110.0], [115009.5, 72620.0], [115010.0, 20.0], [115011.0, 33040.0], [115014.0, 61630.0], [115014.5, 46210.0], [115015.5, 9240.0], [115016.0, 15060.0], [115016.5, 30.0], [115018.5, 12090.0], [115021.5, 40000.0], [115022.0, 70890.0], [115023.0, 2880.0], [115023.5, 188630.0], [115024.0, 32730.0]]}}}
