{"jsonrpc": "2.0", "id": 1, "result": ["book.BTC-PERPETUAL.none.20.100ms"], "usIn": 1758763302881996, "usOut": 1758763302882212, "usDiff": 216, "testnet": false}
{"jsonrpc": "2.0", "method": "subscription", "params": {"channel": "book.BTC-PERPETUAL.none.20.100ms", "data": {"timestamp": 1758763302869, "change_id": 118574245819, "instrument_name": "BTC-PERPETUAL", "bids": [[113260.0, 133660.0], [113259.0, 22930.0], [113258.0, 10000.0], [113256.5, 67250.0], [113256.0, 97180.0], [113255.5, 243160.0], [113254.0, 40000.0], [113252.0, 20000.0], [113251.5, 250.0], [113251.0, 250.0], [113250.5, 14710.0], [113249.0, 20.0], [113248.5, 25240.0], [113248.0, 250.0], [113247.5, 250.0], [113247.0, 20.0], [113246.5, 20.0], [113246.0, 520.0], [113245.5, 26020.0], [113245.0, 18500.0]], "asks": [[113260.5, 259790.0], [113265.0, 243130.0], [113266.5, 25000.0], [113267.5, 7720.0], [113269.0, 55000.0], [113271.5, 500.0], [113272.0, 25240.0], [113273.0, 11190.0], [113276.0, 9240.0], [113276.5, 11000.0], [113277.5, 16380.0], [113279.5, 250.0], [113280.5, 11250.0], [113281.0, 46140.0], [113281.5, 21010.0], [113283.0, 168400.0], [113283.5, 26010.0], [113284.0, 105760.0], [113284.5, 126300.0], [113285.5, 250.0]]}}}
{"jsonrpc": "2.0", "method": "subscription", "params": {"channel": "book.BTC-PERPETUAL.none.20.100ms", "data": {"timestamp": 1758763303001, "change_id": 118574245990, "instrument_name": "BTC-PERPETUAL", "bids": [[113260.0, 133660.0], [113259.0, 22930.0], [113258.0, 10000.0], [113256.5, 67250.0], [113256.0, 97180.0], [113255.5, 243160.0], [113252.0, 20000.0], [113251.5, 250.0], [113251.0, 250.0], [113250.5, 25860.0], [113249.5, 20.0], [113249.0, 20.0], [113248.5, 25240.0], [113248.0, 250.0], [113247.5, 250.0], [113247.0, 20.0], [113246.5, 20.0], [113246.0, 40520.0], [113245.5, 26020.0], [113245.0, 5260.0]], "asks": [[113260.5, 225710.0], [113265.0, 243130.0], [113266.5, 25000.0], [113267.0, 20.0], [113267.5, 7720.0], [113269.0, 55000.0], [113271.5, 500.0], [113272.0, 25240.0], [113273.0, 7890.0], [113276.0, 9240.0], [113277.0, 11000.0], [113277.5, 16380.0], [113279.5, 250.0], [113280.5, 11250.0], [113281.0, 46140.0], [113281.5, 21010.0], [113283.0, 106770.0], [113283.5, 26010.0], [113284.0, 105760.0], [113284.5, 126300.0]]}}}
{"jsonrpc": "2.0", "method": "subscription", "params": {"channel": "book.BTC-PERPETUAL.none.20.100ms", "data": {"timestamp": 1758763303330, "change_id": 118574246393, "instrument_name": "BTC-PERPETUAL", "bids": [[113260.0, 224090.0], [113259.0, 12100.0], [113258.0, 10000.0], [113257.0, 31100.0], [113256.5, 50.0], [113256.0, 86180.0], [113255.5, 243160.0], [113252.0, 20000.0], [113251.5, 250.0], [113251.0, 250.0], [113250.5, 25860.0], [113250.0, 20.0], [113249.5, 20.0], [113249.0, 520.0], [113248.5, 25260.0], [113248.0, 270.0], [113247.5, 250.0], [113246.0, 40000.0], [113245.5, 26000.0], [113245.0, 5260.0]], "asks": [[113260.5, 224210.0], [113265.0, 243130.0], [113266.5, 25000.0], [113267.5, 7720.0], [113268.0, 20.0], [113268.5, 20.0], [113269.0, 55020.0], [113269.5, 20.0], [113270.0, 20.0], [113270.5, 20.0], [113271.0, 20.0], [113272.0, 25240.0], [113273.0, 5110.0], [113277.0, 500.0], [113277.5, 16380.0], [113279.5, 9490.0], [113280.0, 11000.0], [113280.5, 11250.0], [113281.0, 46140.0], [113283.0, 106770.0]]}}}
{"jsonrpc": "2.0", "method": "subscription", "params": {"channel": "book.BTC-PERPETUAL.none.20.100ms", "data": {"timestamp": 1758763303660, "change_id": 118574247490, "instrument_name": "BTC-PERPETUAL", "bids": [[113260.0, 143410.0], [113259.5, 500.0], [113259.0, 14630.0], [113258.5, 11000.0], [113258.0, 10000.0], [113257.5, 11000.0], [113257.0, 20100.0], [113256.5, 50.0], [113256.0, 75180.0], [113255.5, 243160.0], [113253.5, 40000.0], [113251.5, 250.0], [113251.0, 750.0], [113250.5, 19950.0], [113249.0, 20.0], [113248.5, 25260.0], [113248.0, 270.0], [113247.5, 250.0], [113245.5, 26000.0], [113245.0, 20710.0]], "asks": [[113260.5, 210730.0], [113261.5, 1300.0], [113264.0, 50000.0], [113266.5, 243100.0], [113267.0, 25000.0], [113268.5, 5720.0], [113271.5, 7600.0], [113272.0, 25330.0], [113273.0, 7220.0], [113277.0, 500.0], [113277.5, 25620.0], [113278.0, 28220.0], [113279.5, 11000.0], [113280.0, 55000.0], [113282.5, 11000.0], [113283.5, 12980.0], [113284.0, 110590.0], [113284.5, 126300.0], [113285.0, 47020.0], [113285.5, 250.0]]}}}
{"jsonrpc": "2.0", "method": "subscription", "params": {"channel": "book.BTC-PERPETUAL.none.20.100ms", "data": {"timestamp": 1758763303988, "change_id": 118574247872, "instrument_name": "BTC-PERPETUAL", "bids": [[113260.0, 154210.0], [113259.5, 250.0], [113259.0, 19350.0], [113257.0, 20100.0], [113256.5, 11050.0], [113256.0, 75180.0], [113255.5, 243160.0], [113254.0, 40000.0], [113252.0, 20000.0], [113251.5, 250.0], [113251.0, 250.0], [113250.5, 19950.0], [113249.0, 500.0], [113248.5, 25260.0], [113248.0, 470.0], [113247.5, 250.0], [113245.5, 66000.0], [113245.0, 7100.0], [113244.5, 250.0], [113244.0, 250.0]], "asks": [[113260.5, 217020.0], [113264.0, 50000.0], [113266.0, 5720.0], [113266.5, 243100.0], [113267.0, 25000.0], [113271.0, 55000.0], [113271.5, 7600.0], [113272.0, 25330.0], [113273.0, 10230.0], [113277.0, 500.0], [113277.5, 25620.0], [113278.0, 10490.0], [113279.5, 11000.0], [113282.5, 11000.0], [113283.5, 12980.0], [113284.0, 172220.0], [113284.5, 126300.0], [113285.0, 47020.0], [113285.5, 250.0], [113286.0, 18070.0]]}}}
{"jsonrpc": "2.0", "method": "subscription", "params": {"channel": "book.BTC-PERPETUAL.none.20.100ms", "data": {"timestamp": 1758763304317, "change_id": 118574248282, "instrument_name": "BTC-PERPETUAL", "bids": [[113260.0, 225990.0], [113259.0, 19350.0], [113257.0, 20100.0], [113256.5, 11050.0], [113256.0, 75180.0], [113255.5, 243160.0], [113255.0, 40000.0], [113253.5, 20000.0], [113251.5, 250.0], [113251.0, 250.0], [113250.5, 19950.0], [113249.5, 20.0], [113249.0, 500.0], [113248.5, 25240.0], [113248.0, 250.0], [113247.5, 250.0], [113245.5, 66000.0], [113245.0, 7100.0], [113244.5, 250.0], [113244.0, 250.0]], "asks": [[113260.5, 270720.0], [113263.5, 36800.0], [113264.0, 50000.0], [113266.0, 5720.0], [113266.5, 243100.0], [113269.5, 25020.0], [113270.0, 20.0], [113271.5, 7600.0], [113272.0, 25330.0], [113273.0, 10230.0], [113277.0, 500.0], [113277.5, 25620.0], [113278.0, 7190.0], [113282.0, 11000.0], [113282.5, 11000.0], [113283.5, 12980.0], [113284.0, 172220.0], [113284.5, 126300.0], [113285.0, 47020.0], [113285.5, 250.0]]}}}
{"jsonrpc": "2.0", "method": "subscription", "params": {"channel": "book.BTC-PERPETUAL.none.20.100ms", "data": {"timestamp": 1758763304630, "change_id": 118574248689, "instrument_name": "BTC-PERPETUAL", "bids": [[113260.0, 237250.0], [113259.5, 11000.0], [113259.0, 18720.0], [113257.0, 20100.0], [113256.5, 50.0], [113256.0, 86180.0], [113255.5, 243160.0], [113255.0, 40000.0], [113253.5, 20000.0], [113251.5, 250.0], [113251.0, 750.0], [113250.5, 19950.0], [113249.5, 20.0], [113248.5, 25240.0], [113248.0, 250.0], [113247.5, 250.0], [113245.5, 66000.0], [113245.0, 7100.0], [113244.5, 250.0], [113244.0, 250.0]], "asks": [[113260.5, 270720.0], [113261.5, 1300.0], [113263.5, 36800.0], [113264.0, 50000.0], [113266.0, 5720.0], [113266.5, 243100.0], [113269.0, 25000.0], [113269.5, 20.0], [113270.0, 20.0], [113271.5, 7600.0], [113272.0, 25330.0], [113273.0, 10230.0], [113276.5, 500.0], [113277.0, 11000.0], [113277.5, 25620.0], [113278.0, 14100.0], [113282.0, 26010.0], [113282.5, 11000.0], [113283.5, 12980.0], [113284.0, 172220.0]]}}}
{"jsonrpc": "2.0", "method": "subscription", "params": {"channel": "book.BTC-PERPETUAL.none.20.100ms", "data": {"timestamp": 1758763304982, "change_id": 118574249195, "instrument_name": "BTC-PERPETUAL", "bids": [[113260.0, 162950.0], [113259.5, 17800.0], [113256.5, 50.0], [113256.0, 86180.0], [113255.5, 243160.0], [113253.5, 20000.0], [113251.5, 250.0], [113251.0, 250.0], [113250.5, 7290.0], [113249.0, 500.0], [113248.5, 24830.0], [113248.0, 250.0], [113247.5, 450.0], [113246.0, 40000.0], [113245.5, 26000.0], [113244.5, 7270.0], [113244.0, 250.0], [113242.5, 5720.0], [113241.0, 250.0], [113240.5, 250.0]], "asks": [[113260.5, 203530.0], [113261.0, 1300.0], [113263.5, 36800.0], [113264.0, 50000.0], [113266.0, 5720.0], [113266.5, 243100.0], [113269.0, 70260.0], [113269.5, 20.0], [113270.0, 25020.0], [113272.0, 25330.0], [113273.0, 10230.0], [113276.0, 9240.0], [113276.5, 500.0], [113277.0, 11000.0], [113277.5, 16380.0], [113278.0, 14100.0], [113282.5, 11000.0], [113283.0, 26010.0], [113283.5, 12980.0], [113284.0, 172220.0]]}}}
{"jsonrpc": "2.0", "method": "subscription", "params": {"channel": "book.BTC-PERPETUAL.none.20.100ms", "data": {"timestamp": 1758763305312, "change_id": 118574249794, "instrument_name": "BTC-PERPETUAL", "bids": [[113260.0, 527530.0], [113259.5, 26800.0], [113256.5, 56350.0], [113256.0, 1000.0], [113254.5, 40000.0], [113251.5, 250.0], [113251.0, 250.0], [113250.5, 7310.0], [113250.0, 20.0], [113249.5, 20.0], [113249.0, 26000.0], [113248.5, 24830.0], [113248.0, 250.0], [113247.5, 250.0], [113244.5, 7270.0], [113244.0, 250.0], [113242.5, 5720.0], [113241.0, 250.0], [113240.5, 9490.0], [113240.0, 16940.0]], "asks": [[113260.5, 163730.0], [113266.0, 5720.0], [113266.5, 243100.0], [113268.0, 25000.0], [113272.0, 62600.0], [113277.0, 4910.0], [113277.5, 16380.0], [113278.0, 12370.0], [113282.0, 500.0], [113282.5, 11000.0], [113283.5, 22220.0], [113284.0, 121590.0], [113284.5, 126300.0], [113285.5, 250.0], [113286.0, 18070.0], [113287.5, 18360.0], [113288.5, 231670.0], [113291.0, 34250.0], [113291.5, 108650.0], [113292.5, 13000.0]]}}}
{"jsonrpc": "2.0", "method": "subscription", "params": {"channel": "book.BTC-PERPETUAL.none.20.100ms", "data": {"timestamp": 1758763305640, "change_id": 118574250239, "instrument_name": "BTC-PERPETUAL", "bids": [[113260.0, 527530.0], [113259.5, 26800.0], [113256.5, 56370.0], [113256.0, 520.0], [113255.5, 20.0], [113255.0, 520.0], [113254.5, 40020.0], [113251.5, 250.0], [113251.0, 250.0], [113250.5, 7290.0], [113249.0, 26000.0], [113248.5, 24830.0], [113248.0, 250.0], [113247.5, 250.0], [113244.5, 7270.0], [113244.0, 250.0], [113242.5, 5720.0], [113241.0, 250.0], [113240.5, 9490.0], [113240.0, 16940.0]], "asks": [[113260.5, 148230.0], [113266.5, 243100.0], [113267.0, 5720.0], [113272.0, 12600.0], [113273.5, 25000.0], [113274.0, 50020.0], [113277.0, 4910.0], [113277.5, 71380.0], [113278.0, 12370.0], [113282.0, 500.0], [113283.5, 33220.0], [113284.0, 110590.0], [113284.5, 126300.0], [113285.5, 11250.0], [113286.0, 18070.0], [113287.5, 18360.0], [113288.5, 231670.0], [113291.0, 34250.0], [113291.5, 108650.0], [113292.5, 13000.0]]}}}
{"jsonrpc": "2.0", "method": "subscription", "params": {"channel": "book.BTC-PERPETUAL.none.20.100ms", "data": {"timestamp": 1758763305976, "change_id": 118574250843, "instrument_name": "BTC-PERPETUAL", "bids": [[113260.0, 567530.0], [113259.5, 26800.0], [113257.0, 17070.0], [113256.5, 56370.0], [113256.0, 520.0], [113255.5, 20130.0], [113255.0, 26020.0], [113254.5, 40020.0], [113251.5, 250.0], [113251.0, 250.0], [113249.0, 7600.0], [113248.5, 24830.0], [113248.0, 250.0], [113247.5, 250.0], [113245.0, 9240.0], [113244.5, 7270.0], [113244.0, 250.0], [113242.5, 5720.0], [113241.0, 250.0], [113240.5, 250.0]], "asks": [[113260.5, 49070.0], [113274.0, 50000.0], [113276.5, 500.0], [113277.5, 45380.0], [113283.5, 250.0], [113284.0, 54380.0], [113284.5, 126300.0], [113286.0, 18070.0], [113287.5, 12640.0], [113288.5, 39270.0], [113289.5, 121070.0], [113290.0, 55000.0], [113292.0, 11000.0], [113292.5, 13000.0], [113293.5, 21260.0], [113294.0, 11250.0], [113294.5, 231430.0], [113295.0, 33540.0], [113295.5, 81000.0], [113296.0, 40000.0]]}}}
{"jsonrpc": "2.0", "method": "subscription", "params": {"channel": "book.BTC-PERPETUAL.none.20.100ms", "data": {"timestamp": 1758763306305, "change_id": 118574251913, "instrument_name": "BTC-PERPETUAL", "bids": [[113260.0, 640460.0], [113259.5, 26800.0], [113258.5, 20.0], [113258.0, 20.0], [113257.5, 20.0], [113257.0, 17070.0], [113256.5, 56350.0], [113256.0, 500.0], [113255.5, 14930.0], [113254.5, 40000.0], [113251.5, 250.0], [113251.0, 250.0], [113249.5, 9240.0], [113249.0, 19600.0], [113248.5, 24830.0], [113248.0, 250.0], [113247.5, 250.0], [113247.0, 40000.0], [113244.5, 24880.0], [113244.0, 250.0]], "asks": [[113260.5, 42980.0], [113261.5, 40000.0], [113277.5, 16380.0], [113278.0, 243080.0], [113278.5, 50000.0], [113281.0, 25000.0], [113283.5, 39210.0], [113285.5, 4020.0], [113286.0, 20.0], [113287.5, 12640.0], [113289.5, 23290.0], [113292.0, 9740.0], [113292.5, 13000.0], [113293.5, 250.0], [113294.0, 22250.0], [113294.5, 143810.0], [113295.0, 33540.0], [113298.0, 12640.0], [113298.5, 55000.0], [113299.0, 200.0]]}}}
{"jsonrpc": "2.0", "method": "subscription", "params": {"channel": "book.BTC-PERPETUAL.none.20.100ms", "data": {"timestamp": 1758763306631, "change_id": 118574252435, "instrument_name": "BTC-PERPETUAL", "bids": [[113260.0, 640460.0], [113259.5, 56370.0], [113259.0, 40020.0], [113258.5, 20.0], [113258.0, 20.0], [113257.5, 20.0], [113257.0, 20.0], [113256.5, 56350.0], [113256.0, 500.0], [113255.5, 14930.0], [113254.5, 40000.0], [113251.5, 250.0], [113251.0, 250.0], [113249.0, 19600.0], [113248.5, 24830.0], [113248.0, 250.0], [113247.5, 9490.0], [113247.0, 40000.0], [113244.5, 7270.0], [113244.0, 250.0]], "asks": [[113260.5, 42980.0], [113261.5, 40000.0], [113277.0, 20.0], [113277.5, 16400.0], [113278.0, 248820.0], [113278.5, 54020.0], [113279.0, 20.0], [113281.0, 25000.0], [113283.5, 51940.0], [113285.5, 20.0], [113286.0, 20.0], [113287.0, 3790.0], [113287.5, 12640.0], [113289.5, 23290.0], [113291.5, 11500.0], [113292.5, 13000.0], [113293.5, 9490.0], [113294.0, 11250.0], [113294.5, 143810.0], [113295.0, 33540.0]]}}}
{"jsonrpc": "2.0", "method": "subscription", "params": {"channel": "book.BTC-PERPETUAL.none.20.100ms", "data": {"timestamp": 1758763306947, "change_id": 118574252790, "instrument_name": "BTC-PERPETUAL", "bids": [[113260.0, 639360.0], [113259.5, 56390.0], [113259.0, 40020.0], [113258.5, 20.0], [113258.0, 20.0], [113257.5, 20.0], [113257.0, 20.0], [113256.5, 56350.0], [113256.0, 500.0], [113255.5, 14930.0], [113254.5, 40000.0], [113251.5, 250.0], [113251.0, 250.0], [113249.0, 19600.0], [113248.5, 24830.0], [113248.0, 250.0], [113247.5, 9490.0], [113247.0, 40000.0], [113244.5, 10000.0], [113244.0, 250.0]], "asks": [[113260.5, 42980.0], [113261.5, 40000.0], [113274.5, 25000.0], [113277.5, 15300.0], [113278.0, 248820.0], [113278.5, 54020.0], [113279.0, 20.0], [113283.5, 51940.0], [113285.5, 20.0], [113286.0, 20.0], [113286.5, 20290.0], [113287.0, 55000.0], [113287.5, 12640.0], [113289.5, 23290.0], [113292.0, 500.0], [113292.5, 13000.0], [113293.0, 11000.0], [113293.5, 9490.0], [113294.0, 11250.0], [113294.5, 143810.0]]}}}
{"jsonrpc": "2.0", "method": "subscription", "params": {"channel": "book.BTC-PERPETUAL.none.20.100ms", "data": {"timestamp": 1758763307279, "change_id": 118574253167, "instrument_name": "BTC-PERPETUAL", "bids": [[113260.0, 639380.0], [113259.5, 39520.0], [113259.0, 40020.0], [113258.5, 20.0], [113258.0, 20.0], [113257.5, 20.0], [113256.5, 50.0], [113256.0, 500.0], [113255.5, 14930.0], [113254.5, 40000.0], [113251.5, 250.0], [113251.0, 250.0], [113249.0, 19600.0], [113248.5, 24830.0], [113248.0, 250.0], [113247.5, 9490.0], [113247.0, 40000.0], [113244.5, 28140.0], [113244.0, 250.0], [113242.5, 5720.0]], "asks": [[113260.5, 42980.0], [113261.5, 40000.0], [113271.5, 4000.0], [113274.5, 25000.0], [113277.5, 15280.0], [113278.0, 248820.0], [113278.5, 50020.0], [113279.0, 20.0], [113279.5, 20.0], [113280.0, 20.0], [113280.5, 20.0], [113281.0, 20.0], [113283.5, 51940.0], [113286.5, 20290.0], [113287.0, 55000.0], [113287.5, 12640.0], [113289.5, 23290.0], [113292.0, 22500.0], [113292.5, 13000.0], [113293.5, 9490.0]]}}}
{"jsonrpc": "2.0", "method": "subscription", "params": {"channel": "book.BTC-PERPETUAL.none.20.100ms", "data": {"timestamp": 1758763307630, "change_id": 118574253524, "instrument_name": "BTC-PERPETUAL", "bids": [[113260.0, 639360.0], [113259.5, 39500.0], [113259.0, 40020.0], [113258.5, 20.0], [113258.0, 20.0], [113257.5, 20.0], [113256.5, 50.0], [113256.0, 500.0], [113255.5, 14930.0], [113254.5, 40000.0], [113251.5, 250.0], [113251.0, 250.0], [113249.0, 19600.0], [113248.5, 24830.0], [113248.0, 250.0], [113247.5, 9490.0], [113247.0, 40000.0], [113244.5, 28140.0], [113244.0, 250.0], [113242.5, 5720.0]], "asks": [[113260.5, 42980.0], [113261.5, 40000.0], [113271.5, 4000.0], [113274.5, 25000.0], [113277.5, 15300.0], [113278.0, 248820.0], [113278.5, 50020.0], [113279.0, 20.0], [113279.5, 20.0], [113280.0, 20.0], [113280.5, 20.0], [113283.5, 51940.0], [113286.5, 20290.0], [113287.0, 55000.0], [113287.5, 12640.0], [113289.5, 23290.0], [113292.0, 500.0], [113292.5, 13000.0], [113293.0, 22000.0], [113293.5, 9490.0]]}}}
{"jsonrpc": "2.0", "method": "subscription", "params": {"channel": "book.BTC-PERPETUAL.none.20.100ms", "data": {"timestamp": 1758763307955, "change_id": 118574253869, "instrument_name": "BTC-PERPETUAL", "bids": [[113260.0, 639360.0], [113259.5, 39520.0], [113259.0, 40020.0], [113258.5, 20.0], [113258.0, 20.0], [113257.5, 20.0], [113257.0, 20.0], [113256.5, 50.0], [113256.0, 500.0], [113255.5, 14930.0], [113254.5, 40000.0], [113251.5, 250.0], [113251.0, 250.0], [113249.0, 19600.0], [113248.5, 24830.0], [113248.0, 250.0], [113247.5, 9490.0], [113247.0, 40000.0], [113244.5, 10880.0], [113244.0, 250.0]], "asks": [[113260.5, 42980.0], [113261.5, 40000.0], [113271.5, 4000.0], [113272.0, 12190.0], [113274.5, 25000.0], [113277.5, 15300.0], [113278.0, 248820.0], [113278.5, 50020.0], [113279.0, 20.0], [113279.5, 20.0], [113280.0, 20.0], [113283.5, 51940.0], [113286.0, 250.0], [113286.5, 20290.0], [113287.0, 55000.0], [113287.5, 12640.0], [113289.5, 23290.0], [113291.5, 9240.0], [113292.0, 500.0], [113292.5, 13000.0]]}}}
{"jsonrpc": "2.0", "method": "subscription", "params": {"channel": "book.BTC-PERPETUAL.none.20.100ms", "data": {"timestamp": 1758763308261, "change_id": 118574254271, "instrument_name": "BTC-PERPETUAL", "bids": [[113260.0, 613360.0], [113259.5, 65500.0], [113259.0, 40020.0], [113257.5, 20.0], [113257.0, 20.0], [113256.5, 70.0], [113256.0, 500.0], [113255.5, 14930.0], [113254.5, 40000.0], [113251.5, 250.0], [113251.0, 250.0], [113249.0, 19600.0], [113248.5, 24830.0], [113248.0, 250.0], [113247.5, 9490.0], [113247.0, 40000.0], [113244.5, 10880.0], [113244.0, 250.0], [113242.5, 5720.0], [113241.0, 250.0]], "asks": [[113260.5, 42980.0], [113261.5, 40000.0], [113271.5, 4000.0], [113273.5, 25000.0], [113277.5, 15280.0], [113278.0, 248820.0], [113278.5, 50020.0], [113283.5, 51940.0], [113286.0, 250.0], [113286.5, 20290.0], [113287.0, 55000.0], [113287.5, 12640.0], [113289.5, 23290.0], [113291.0, 11500.0], [113291.5, 9240.0], [113292.5, 13000.0], [113293.5, 250.0], [113294.0, 11250.0], [113294.5, 143810.0], [113295.0, 33540.0]]}}}
{"jsonrpc": "2.0", "method": "subscription", "params": {"channel": "book.BTC-PERPETUAL.none.20.100ms", "data": {"timestamp": 1758763308612, "change_id": 118574254648, "instrument_name": "BTC-PERPETUAL", "bids": [[113260.0, 639380.0], [113259.5, 39520.0], [113259.0, 40020.0], [113258.5, 20.0], [113258.0, 20.0], [113257.5, 20.0], [113256.5, 50.0], [113256.0, 500.0], [113255.5, 14930.0], [113254.5, 40000.0], [113251.5, 250.0], [113251.0, 250.0], [113249.0, 19600.0], [113248.5, 24830.0], [113248.0, 250.0], [113247.5, 9490.0], [113247.0, 40000.0], [113244.5, 10880.0], [113244.0, 250.0], [113242.5, 5720.0]], "asks": [[113260.5, 42980.0], [113261.5, 40000.0], [113271.5, 4000.0], [113274.5, 25000.0], [113277.5, 15280.0], [113278.0, 248800.0], [113278.5, 50020.0], [113283.5, 51940.0], [113286.0, 250.0], [113286.5, 20290.0], [113287.0, 55000.0], [113287.5, 12640.0], [113289.5, 23290.0], [113291.5, 9240.0], [113292.0, 11500.0], [113292.5, 13000.0], [113293.5, 250.0], [113294.0, 11250.0], [113294.5, 143810.0], [113295.0, 33540.0]]}}}
{"jsonrpc": "2.0", "method": "subscription", "params": {"channel": "book.BTC-PERPETUAL.none.20.100ms", "data": {"timestamp": 1758763308914, "change_id": 118574254941, "instrument_name": "BTC-PERPETUAL", "bids": [[113260.0, 639360.0], [113259.5, 39500.0], [113259.0, 40000.0], [113258.5, 20.0], [113258.0, 20.0], [113257.5, 20.0], [113256.5, 50.0], [113256.0, 500.0], [113255.5, 14930.0], [113254.5, 40000.0], [113251.5, 250.0], [113251.0, 250.0], [113249.0, 19600.0], [113248.5, 24830.0], [113248.0, 250.0], [113247.5, 9490.0], [113247.0, 40000.0], [113244.5, 10880.0], [113244.0, 250.0], [113242.5, 5720.0]], "asks": [[113260.5, 42980.0], [113261.5, 40000.0], [113271.5, 4000.0], [113273.5, 25000.0], [113277.5, 15280.0], [113278.0, 248820.0], [113278.5, 50020.0], [113283.5, 51940.0], [113286.0, 250.0], [113286.5, 20290.0], [113287.0, 55000.0], [113287.5, 12640.0], [113289.5, 23290.0], [113291.5, 20240.0], [113292.0, 500.0], [113292.5, 13000.0], [113293.5, 250.0], [113294.0, 11250.0], [113294.5, 143810.0], [113295.0, 33540.0]]}}}
{"jsonrpc": "2.0", "method": "subscription", "params": {"channel": "book.BTC-PERPETUAL.none.20.100ms", "data": {"timestamp": 1758763309269, "change_id": 118574255346, "instrument_name": "BTC-PERPETUAL", "bids": [[113260.0, 639290.0], [113259.5, 39500.0], [113259.0, 40000.0], [113257.5, 20.0], [113256.5, 50.0], [113256.0, 500.0], [113255.5, 14930.0], [113254.5, 40000.0], [113251.5, 250.0], [113251.0, 250.0], [113249.0, 19600.0], [113248.5, 24830.0], [113248.0, 250.0], [113247.5, 9490.0], [113247.0, 40000.0], [113244.5, 10880.0], [113244.0, 250.0], [113242.5, 5720.0], [113241.0, 250.0], [113240.5, 250.0]], "asks": [[113260.5, 42950.0], [113261.5, 40000.0], [113271.5, 4000.0], [113274.5, 25000.0], [113276.5, 20.0], [113277.0, 20.0], [113277.5, 15300.0], [113278.0, 248820.0], [113278.5, 50020.0], [113283.5, 51940.0], [113286.0, 250.0], [113286.5, 20290.0], [113287.0, 55000.0], [113287.5, 12640.0], [113289.5, 23290.0], [113291.5, 20240.0], [113292.0, 500.0], [113292.5, 13000.0], [113293.5, 250.0], [113294.0, 11250.0]]}}}
{"jsonrpc": "2.0", "method": "subscription", "params": {"channel": "book.BTC-PERPETUAL.none.20.100ms", "data": {"timestamp": 1758763309605, "change_id": 118574255702, "instrument_name": "BTC-PERPETUAL", "bids": [[113260.0, 613290.0], [113259.5, 45750.0], [113259.0, 40000.0], [113257.5, 20.0], [113256.5, 50.0], [113256.0, 26500.0], [113255.5, 14930.0], [113254.5, 40000.0], [113251.5, 250.0], [113251.0, 250.0], [113249.0, 19600.0], [113248.5, 24830.0], [113248.0, 250.0], [113247.5, 9490.0], [113247.0, 40000.0], [113244.5, 10880.0], [113244.0, 250.0], [113242.5, 5720.0], [113241.0, 250.0], [113240.5, 250.0]], "asks": [[113260.5, 42950.0], [113261.5, 40000.0], [113271.5, 4000.0], [113272.0, 12190.0], [113277.5, 15300.0], [113278.0, 248820.0], [113278.5, 50020.0], [113280.5, 25000.0], [113283.5, 51940.0], [113286.0, 250.0], [113286.5, 20290.0], [113287.0, 55000.0], [113287.5, 12640.0], [113289.5, 23290.0], [113291.0, 500.0], [113291.5, 20240.0], [113292.5, 13000.0], [113293.5, 250.0], [113294.0, 11250.0], [113294.5, 143810.0]]}}}
{"jsonrpc": "2.0", "method": "subscription", "params": {"channel": "book.BTC-PERPETUAL.none.20.100ms", "data": {"timestamp": 1758763309907, "change_id": 118574255953, "instrument_name": "BTC-PERPETUAL", "bids": [[113260.0, 613290.0], [113259.5, 65500.0], [113259.0, 40000.0], [113257.5, 20.0], [113256.5, 50.0], [113256.0, 500.0], [113255.5, 14930.0], [113254.5, 40000.0], [113251.5, 250.0], [113251.0, 250.0], [113249.0, 19600.0], [113248.5, 24830.0], [113248.0, 250.0], [113247.5, 9490.0], [113247.0, 40000.0], [113244.5, 10880.0], [113244.0, 250.0], [113242.5, 5720.0], [113241.0, 250.0], [113240.5, 250.0]], "asks": [[113260.5, 42950.0], [113261.5, 40000.0], [113271.5, 4000.0], [113272.0, 12190.0], [113274.0, 25000.0], [113277.5, 15300.0], [113278.0, 248820.0], [113278.5, 50020.0], [113283.5, 51940.0], [113286.0, 250.0], [113286.5, 20290.0], [113287.0, 55000.0], [113287.5, 12640.0], [113289.5, 23290.0], [113291.0, 500.0], [113291.5, 20240.0], [113292.5, 13000.0], [113293.5, 250.0], [113294.0, 11250.0], [113294.5, 143810.0]]}}}
{"jsonrpc": "2.0", "method": "subscription", "params": {"channel": "book.BTC-PERPETUAL.none.20.100ms", "data": {"timestamp": 1758763310196, "change_id": 118574256536, "instrument_name": "BTC-PERPETUAL", "bids": [[113260.0, 613290.0], [113259.5, 45750.0], [113259.0, 40000.0], [113257.5, 20.0], [113256.5, 50.0], [113256.0, 26500.0], [113255.5, 14930.0], [113254.5, 40000.0], [113251.5, 250.0], [113251.0, 250.0], [113249.0, 19600.0], [113248.5, 24830.0], [113248.0, 250.0], [113247.5, 250.0], [113247.0, 40000.0], [113245.0, 9240.0], [113244.5, 10880.0], [113244.0, 250.0], [113242.5, 5720.0], [113241.0, 250.0]], "asks": [[113260.5, 42950.0], [113261.5, 40000.0], [113271.5, 4000.0], [113272.0, 12190.0], [113274.0, 25000.0], [113277.5, 15300.0], [113278.0, 248820.0], [113278.5, 50020.0], [113283.5, 51940.0], [113286.0, 250.0], [113286.5, 20290.0], [113287.0, 55000.0], [113287.5, 12640.0], [113289.5, 23290.0], [113291.0, 500.0], [113291.5, 20240.0], [113292.5, 13000.0], [113293.5, 250.0], [113294.0, 11250.0], [113294.5, 143810.0]]}}}
{"jsonrpc": "2.0", "method": "subscription", "params": {"channel": "book.BTC-PERPETUAL.none.20.100ms", "data": {"timestamp": 1758763310605, "change_id": 118574257314, "instrument_name": "BTC-PERPETUAL", "bids": [[113260.0, 508000.0], [113259.5, 24840.0], [113259.0, 40000.0], [113258.5, 20000.0], [113256.5, 50.0], [113256.0, 1000.0], [113252.0, 12150.0], [113251.5, 40250.0], [113251.0, 250.0], [113249.5, 26000.0], [113249.0, 19600.0], [113248.5, 24830.0], [113248.0, 250.0], [113247.5, 250.0], [113247.0, 40000.0], [113244.5, 10880.0], [113244.0, 250.0], [113242.5, 5720.0], [113241.0, 250.0], [113240.5, 250.0]], "asks": [[113260.5, 127010.0], [113261.5, 40000.0], [113271.5, 5720.0], [113272.0, 24920.0], [113273.0, 25000.0], [113275.5, 20.0], [113276.0, 20.0], [113276.5, 20.0], [113277.0, 55020.0], [113277.5, 89950.0], [113278.0, 273690.0], [113278.5, 50000.0], [113283.0, 20740.0], [113283.5, 51940.0], [113285.5, 21010.0], [113286.0, 61880.0], [113286.5, 20290.0], [113287.0, 26010.0], [113287.5, 18360.0], [113289.0, 11000.0]]}}}
{"jsonrpc": "2.0", "method": "subscription", "params": {"channel": "book.BTC-PERPETUAL.none.20.100ms", "data": {"timestamp": 1758763310928, "change_id": 118574257717, "instrument_name": "BTC-PERPETUAL", "bids": [[113260.0, 508440.0], [113259.5, 24840.0], [113259.0, 40000.0], [113258.5, 20000.0], [113256.5, 11050.0], [113256.0, 500.0], [113252.5, 500.0], [113252.0, 12150.0], [113251.5, 40250.0], [113251.0, 250.0], [113249.0, 19600.0], [113248.5, 24830.0], [113248.0, 250.0], [113247.5, 250.0], [113247.0, 40000.0], [113245.0, 26000.0], [113244.5, 10880.0], [113244.0, 250.0], [113242.5, 5720.0], [113241.0, 250.0]], "asks": [[113260.5, 172410.0], [113261.5, 40000.0], [113271.5, 5720.0], [113272.0, 24920.0], [113272.5, 25000.0], [113275.5, 20.0], [113276.0, 20.0], [113276.5, 520.0], [113277.0, 55020.0], [113277.5, 100950.0], [113278.0, 282930.0], [113278.5, 50000.0], [113283.0, 26010.0], [113283.5, 51940.0], [113285.5, 56190.0], [113286.0, 61880.0], [113287.5, 18560.0], [113289.0, 11000.0], [113289.5, 15910.0], [113292.5, 13000.0]]}}}
{"jsonrpc": "2.0", "method": "subscription", "params": {"channel": "book.BTC-PERPETUAL.none.20.100ms", "data": {"timestamp": 1758763311264, "change_id": 118574258634, "instrument_name": "BTC-PERPETUAL", "bids": [[113260.0, 458550.0], [113259.5, 6800.0], [113257.0, 6020.0], [113256.5, 20050.0], [113256.0, 3380.0], [113254.0, 11000.0], [113251.5, 250.0], [113250.0, 19810.0], [113249.5, 40000.0], [113248.5, 24830.0], [113248.0, 250.0], [113247.5, 450.0], [113245.5, 500.0], [113244.5, 15070.0], [113244.0, 26250.0], [113242.5, 5720.0], [113241.0, 250.0], [113240.5, 250.0], [113240.0, 16940.0], [113239.5, 85220.0]], "asks": [[113260.5, 200100.0], [113261.0, 1300.0], [113261.5, 45720.0], [113269.5, 75000.0], [113271.0, 7630.0], [113271.5, 500.0], [113272.0, 24920.0], [113275.5, 20.0], [113276.0, 20.0], [113276.5, 114540.0], [113277.0, 55020.0], [113277.5, 15300.0], [113278.0, 243100.0], [113281.5, 37450.0], [113282.0, 108900.0], [113283.0, 11000.0], [113283.5, 51940.0], [113285.0, 5720.0], [113286.0, 250.0], [113287.5, 18560.0]]}}}
{"jsonrpc": "2.0", "method": "subscription", "params": {"channel": "book.BTC-PERPETUAL.none.20.100ms", "data": {"timestamp": 1758763311595, "change_id": 118574259094, "instrument_name": "BTC-PERPETUAL", "bids": [[113260.0, 458550.0], [113259.5, 6800.0], [113259.0, 8900.0], [113258.5, 11000.0], [113258.0, 20000.0], [113256.5, 50.0], [113252.0, 12160.0], [113251.5, 40250.0], [113251.0, 270.0], [113250.5, 520.0], [113250.0, 14660.0], [113249.5, 20.0], [113249.0, 26020.0], [113248.5, 24830.0], [113248.0, 250.0], [113247.5, 450.0], [113244.5, 250.0], [113244.0, 250.0], [113243.0, 6950.0], [113242.5, 5720.0]], "asks": [[113260.5, 187910.0], [113261.5, 40000.0], [113266.0, 5720.0], [113268.5, 20.0], [113269.0, 30000.0], [113269.5, 50020.0], [113270.0, 20.0], [113270.5, 25020.0], [113271.0, 20.0], [113271.5, 20.0], [113272.0, 24940.0], [113276.0, 500.0], [113276.5, 94280.0], [113277.0, 55000.0], [113277.5, 15280.0], [113278.0, 243080.0], [113280.5, 11000.0], [113281.0, 9240.0], [113281.5, 15660.0], [113282.0, 250.0]]}}}
{"jsonrpc": "2.0", "method": "subscription", "params": {"channel": "book.BTC-PERPETUAL.none.20.100ms", "data": {"timestamp": 1758763311922, "change_id": 118574259622, "instrument_name": "BTC-PERPETUAL", "bids": [[113260.0, 489750.0], [113259.5, 6800.0], [113256.5, 50.0], [113254.5, 20130.0], [113254.0, 40000.0], [113251.5, 250.0], [113251.0, 250.0], [113250.5, 26500.0], [113250.0, 7820.0], [113248.5, 24830.0], [113248.0, 250.0], [113247.5, 250.0], [113244.5, 250.0], [113244.0, 250.0], [113243.0, 6950.0], [113242.5, 5720.0], [113241.0, 250.0], [113240.5, 250.0], [113240.0, 26180.0], [113239.5, 85220.0]], "asks": [[113260.5, 185410.0], [113261.5, 40000.0], [113266.0, 5720.0], [113269.5, 50000.0], [113271.0, 25000.0], [113272.0, 24940.0], [113276.0, 500.0], [113276.5, 94280.0], [113277.0, 55000.0], [113277.5, 13740.0], [113278.0, 243080.0], [113281.5, 15660.0], [113282.0, 250.0], [113283.5, 51940.0], [113285.5, 20240.0], [113286.0, 15500.0], [113286.5, 32010.0], [113287.5, 18560.0], [113288.5, 250.0], [113292.5, 135440.0]]}}}
{"jsonrpc": "2.0", "method": "subscription", "params": {"channel": "book.BTC-PERPETUAL.none.20.100ms", "data": {"timestamp": 1758763312213, "change_id": 118574259957, "instrument_name": "BTC-PERPETUAL", "bids": [[113260.0, 488210.0], [113259.5, 6800.0], [113256.5, 50.0], [113254.5, 20130.0], [113254.0, 40000.0], [113251.5, 250.0], [113251.0, 250.0], [113250.5, 26000.0], [113250.0, 7820.0], [113249.0, 500.0], [113248.5, 24830.0], [113248.0, 250.0], [113247.5, 250.0], [113244.5, 250.0], [113244.0, 250.0], [113243.0, 6950.0], [113242.5, 5720.0], [113241.0, 250.0], [113240.5, 250.0], [113240.0, 26180.0]], "asks": [[113260.5, 207110.0], [113261.0, 1300.0], [113261.5, 40000.0], [113266.0, 5720.0], [113269.5, 50000.0], [113270.5, 25000.0], [113272.0, 24940.0], [113276.0, 500.0], [113276.5, 94280.0], [113277.0, 55000.0], [113277.5, 13740.0], [113278.0, 243080.0], [113281.5, 15660.0], [113282.0, 250.0], [113282.5, 9240.0], [113283.0, 11000.0], [113283.5, 51940.0], [113286.0, 15500.0], [113286.5, 32010.0], [113287.5, 18560.0]]}}}
{"jsonrpc": "2.0", "method": "subscription", "params": {"channel": "book.BTC-PERPETUAL.none.20.100ms", "data": {"timestamp": 1758763312588, "change_id": 118574260356, "instrument_name": "BTC-PERPETUAL", "bids": [[113260.0, 475360.0], [113259.5, 22120.0], [113259.0, 40000.0], [113256.5, 50.0], [113252.5, 12160.0], [113252.0, 40000.0], [113251.5, 250.0], [113251.0, 250.0], [113250.5, 20.0], [113250.0, 14960.0], [113249.5, 20.0], [113249.0, 26020.0], [113248.5, 24850.0], [113248.0, 250.0], [113247.5, 250.0], [113244.5, 250.0], [113244.0, 250.0], [113243.0, 6950.0], [113242.5, 5720.0], [113241.0, 250.0]], "asks": [[113260.5, 206990.0], [113261.5, 40000.0], [113266.0, 5720.0], [113269.5, 75000.0], [113270.0, 20.0], [113270.5, 20.0], [113271.0, 20.0], [113271.5, 20.0], [113272.0, 24940.0], [113276.0, 500.0], [113276.5, 94280.0], [113277.0, 55000.0], [113277.5, 13740.0], [113278.0, 243080.0], [113281.5, 15660.0], [113282.0, 11250.0], [113282.5, 9240.0], [113283.5, 51940.0], [113286.0, 38910.0], [113286.5, 32010.0]]}}}
{"jsonrpc": "2.0", "method": "subscription", "params": {"channel": "book.BTC-PERPETUAL.none.20.100ms", "data": {"timestamp": 1758763312802, "change_id": 118574260560, "instrument_name": "BTC-PERPETUAL", "bids": [[113260.0, 475360.0], [113259.5, 22120.0], [113259.0, 40000.0], [113256.5, 50.0], [113253.0, 12310.0], [113252.5, 40000.0], [113251.5, 250.0], [113251.0, 250.0], [113250.5, 520.0], [113250.0, 14460.0], [113249.5, 20.0], [113249.0, 26020.0], [113248.5, 24850.0], [113248.0, 250.0], [113247.5, 250.0], [113244.5, 250.0], [113244.0, 250.0], [113243.0, 6950.0], [113242.5, 5720.0], [113241.0, 250.0]], "asks": [[113260.5, 206990.0], [113261.5, 40000.0], [113266.0, 5720.0], [113269.5, 50000.0], [113270.5, 20.0], [113271.0, 20.0], [113271.5, 20.0], [113272.0, 24940.0], [113276.0, 500.0], [113276.5, 119280.0], [113277.0, 55000.0], [113277.5, 13740.0], [113278.0, 243080.0], [113281.5, 15660.0], [113282.0, 250.0], [113282.5, 9240.0], [113283.0, 11000.0], [113283.5, 51940.0], [113286.0, 250.0], [113286.5, 32010.0]]}}}
{"jsonrpc": "2.0", "method": "subscription", "params": {"channel": "book.BTC-PERPETUAL.none.20.100ms", "data": {"timestamp": 1758763313237, "change_id": 118574261058, "instrument_name": "BTC-PERPETUAL", "bids": [[113260.0, 475360.0], [113259.5, 22120.0], [113259.0, 40000.0], [113256.5, 50.0], [113253.5, 20110.0], [113252.5, 40000.0], [113252.0, 20.0], [113251.5, 270.0], [113251.0, 270.0], [113250.5, 26520.0], [113250.0, 7840.0], [113249.5, 20.0], [113248.5, 24830.0], [113248.0, 250.0], [113247.5, 250.0], [113244.5, 250.0], [113244.0, 250.0], [113243.0, 6950.0], [113242.5, 5720.0], [113241.0, 250.0]], "asks": [[113260.5, 206990.0], [113261.5, 40000.0], [113266.0, 5720.0], [113269.5, 50000.0], [113270.0, 20.0], [113270.5, 20.0], [113271.0, 20.0], [113271.5, 20.0], [113272.0, 24940.0], [113272.5, 20.0], [113273.0, 20.0], [113276.0, 500.0], [113276.5, 94280.0], [113277.0, 55000.0], [113277.5, 38740.0], [113278.0, 243080.0], [113281.5, 15660.0], [113282.0, 250.0], [113283.0, 9240.0], [113283.5, 51940.0]]}}}
{"jsonrpc": "2.0", "method": "subscription", "params": {"channel": "book.BTC-PERPETUAL.none.20.100ms", "data": {"timestamp": 1758763313529, "change_id": 118574261241, "instrument_name": "BTC-PERPETUAL", "bids": [[113260.0, 475400.0], [113259.5, 22120.0], [113259.0, 40000.0], [113256.5, 50.0], [113253.5, 20110.0], [113252.5, 40000.0], [113252.0, 20.0], [113251.5, 270.0], [113251.0, 770.0], [113250.5, 26020.0], [113250.0, 7840.0], [113248.5, 24830.0], [113248.0, 250.0], [113247.5, 250.0], [113244.5, 250.0], [113244.0, 250.0], [113243.0, 6950.0], [113242.5, 5720.0], [113241.0, 250.0], [113240.5, 250.0]], "asks": [[113260.5, 206990.0], [113261.5, 40000.0], [113266.0, 5720.0], [113269.5, 50000.0], [113270.0, 20.0], [113270.5, 20.0], [113271.0, 20.0], [113271.5, 20.0], [113272.0, 24940.0], [113272.5, 20.0], [113273.0, 20.0], [113273.5, 20.0], [113276.0, 500.0], [113276.5, 94280.0], [113277.0, 55000.0], [113277.5, 38740.0], [113278.0, 243080.0], [113281.5, 15660.0], [113282.0, 250.0], [113283.5, 51940.0]]}}}
{"jsonrpc": "2.0", "method": "subscription", "params": {"channel": "book.BTC-PERPETUAL.none.20.100ms", "data": {"timestamp": 1758763313912, "change_id": 118574261692, "instrument_name": "BTC-PERPETUAL", "bids": [[113260.0, 511100.0], [113259.5, 22120.0], [113259.0, 40000.0], [113256.5, 50.0], [113255.0, 20620.0], [113254.5, 40020.0], [113254.0, 20.0], [113253.5, 20.0], [113253.0, 20.0], [113252.5, 20.0], [113252.0, 20.0], [113251.5, 250.0], [113251.0, 250.0], [113250.5, 26000.0], [113250.0, 7820.0], [113248.5, 24830.0], [113248.0, 250.0], [113247.5, 250.0], [113244.5, 250.0], [113244.0, 250.0]], "asks": [[113260.5, 169890.0], [113261.5, 40000.0], [113266.0, 5720.0], [113269.5, 50000.0], [113272.0, 12190.0], [113272.5, 20.0], [113273.0, 20.0], [113273.5, 20.0], [113274.0, 20.0], [113274.5, 20.0], [113275.0, 20.0], [113276.5, 94280.0], [113277.0, 55000.0], [113277.5, 38740.0], [113278.0, 243080.0], [113281.0, 500.0], [113281.5, 15660.0], [113282.0, 250.0], [113283.5, 51940.0], [113285.5, 21560.0]]}}}
{"jsonrpc": "2.0", "method": "subscription", "params": {"channel": "book.BTC-PERPETUAL.none.20.100ms", "data": {"timestamp": 1758763314243, "change_id": 118574262234, "instrument_name": "BTC-PERPETUAL", "bids": [[113260.0, 511460.0], [113259.5, 22120.0], [113259.0, 40000.0], [113256.5, 50.0], [113256.0, 20130.0], [113255.5, 26500.0], [113254.5, 40000.0], [113254.0, 20.0], [113253.5, 20.0], [113253.0, 20.0], [113252.5, 20.0], [113252.0, 20.0], [113251.5, 250.0], [113251.0, 250.0], [113250.0, 7820.0], [113248.5, 24830.0], [113248.0, 250.0], [113247.5, 250.0], [113244.5, 250.0], [113244.0, 250.0]], "asks": [[113260.5, 169890.0], [113261.5, 40000.0], [113269.0, 5720.0], [113272.0, 12190.0], [113272.5, 20.0], [113273.0, 20.0], [113273.5, 20.0], [113274.0, 50020.0], [113274.5, 20.0], [113275.0, 20.0], [113276.5, 94030.0], [113277.0, 55000.0], [113277.5, 38740.0], [113278.0, 243080.0], [113281.0, 500.0], [113281.5, 15660.0], [113282.0, 250.0], [113283.5, 51940.0], [113285.5, 9020.0], [113286.0, 250.0]]}}}
{"jsonrpc": "2.0", "method": "subscription", "params": {"channel": "book.BTC-PERPETUAL.none.20.100ms", "data": {"timestamp": 1758763314575, "change_id": 118574262689, "instrument_name": "BTC-PERPETUAL", "bids": [[113260.0, 545550.0], [113259.5, 22120.0], [113259.0, 40000.0], [113256.5, 50.0], [113256.0, 12320.0], [113255.5, 270.0], [113255.0, 270.0], [113254.5, 40020.0], [113251.5, 250.0], [113251.0, 250.0], [113250.0, 18620.0], [113249.0, 9240.0], [113248.5, 24830.0], [113248.0, 250.0], [113247.5, 250.0], [113247.0, 40000.0], [113244.5, 250.0], [113244.0, 250.0], [113243.0, 24560.0], [113242.5, 5720.0]], "asks": [[113260.5, 90820.0], [113261.5, 40000.0], [113274.0, 50000.0], [113277.5, 38740.0], [113283.5, 12730.0], [113285.5, 4000.0], [113286.0, 250.0], [113287.5, 12840.0], [113288.5, 250.0], [113291.0, 11000.0], [113291.5, 9240.0], [113292.0, 47800.0], [113292.5, 11000.0], [113293.0, 119810.0], [113293.5, 250.0], [113294.0, 250.0], [113294.5, 71450.0], [113295.0, 33540.0], [113297.0, 47020.0], [113297.5, 61630.0]]}}}
{"jsonrpc": "2.0", "method": "subscription", "params": {"channel": "book.BTC-PERPETUAL.none.20.100ms", "data": {"timestamp": 1758763314905, "change_id": 118574263497, "instrument_name": "BTC-PERPETUAL", "bids": [[113260.0, 618370.0], [113259.5, 22120.0], [113259.0, 40000.0], [113257.0, 20.0], [113256.5, 70.0], [113256.0, 12340.0], [113255.5, 270.0], [113255.0, 270.0], [113254.5, 40000.0], [113251.5, 250.0], [113251.0, 250.0], [113250.0, 19600.0], [113249.0, 9240.0], [113248.5, 24830.0], [113248.0, 250.0], [113247.5, 250.0], [113247.0, 40000.0], [113244.5, 250.0], [113244.0, 25680.0], [113242.5, 5720.0]], "asks": [[113260.5, 58370.0], [113261.0, 40000.0], [113272.0, 12370.0], [113275.0, 4000.0], [113277.0, 20.0], [113277.5, 14010.0], [113278.0, 50020.0], [113279.0, 243000.0], [113281.5, 25250.0], [113283.5, 51840.0], [113285.5, 250.0], [113286.0, 250.0], [113287.0, 4290.0], [113287.5, 12640.0], [113289.5, 500.0], [113292.0, 47800.0], [113293.0, 119810.0], [113293.5, 250.0], [113294.0, 20490.0], [113294.5, 70260.0]]}}}
{"jsonrpc": "2.0", "method": "subscription", "params": {"channel": "book.BTC-PERPETUAL.none.20.100ms", "data": {"timestamp": 1758763315224, "change_id": 118574263976, "instrument_name": "BTC-PERPETUAL", "bids": [[113260.0, 617920.0], [113259.5, 22120.0], [113259.0, 40000.0], [113257.0, 20.0], [113256.5, 70.0], [113256.0, 12340.0], [113255.5, 270.0], [113255.0, 270.0], [113254.5, 40000.0], [113251.5, 250.0], [113251.0, 250.0], [113250.0, 19600.0], [113249.0, 9240.0], [113248.5, 24830.0], [113248.0, 250.0], [113247.5, 250.0], [113247.0, 40000.0], [113244.5, 250.0], [113244.0, 7200.0], [113242.5, 5720.0]], "asks": [[113260.5, 58370.0], [113261.0, 40000.0], [113272.0, 12370.0], [113275.0, 4000.0], [113277.0, 20.0], [113277.5, 14010.0], [113278.0, 50020.0], [113279.0, 243000.0], [113279.5, 5720.0], [113281.0, 25000.0], [113281.5, 250.0], [113282.5, 250.0], [113283.5, 51840.0], [113285.5, 250.0], [113286.0, 250.0], [113287.0, 20320.0], [113287.5, 67640.0], [113289.5, 500.0], [113292.0, 47800.0], [113292.5, 11000.0]]}}}
{"jsonrpc": "2.0", "method": "subscription", "params": {"channel": "book.BTC-PERPETUAL.none.20.100ms", "data": {"timestamp": 1758763315567, "change_id": 118574265123, "instrument_name": "BTC-PERPETUAL", "bids": [[113260.0, 178850.0], [113259.5, 79720.0], [113259.0, 243000.0], [113256.5, 50.0], [113253.0, 20.0], [113252.5, 20.0], [113252.0, 3320.0], [113251.5, 11020.0], [113251.0, 20.0], [113250.5, 19640.0], [113250.0, 40000.0], [113248.5, 25010.0], [113245.5, 4000.0], [113244.5, 250.0], [113243.5, 13930.0], [113243.0, 26200.0], [113242.5, 5720.0], [113241.0, 250.0], [113240.5, 750.0], [113240.0, 16940.0]], "asks": [[113260.5, 154240.0], [113261.0, 40000.0], [113263.5, 5720.0], [113266.0, 250.0], [113267.0, 250.0], [113270.5, 22780.0], [113271.0, 50270.0], [113271.5, 20.0], [113272.0, 24880.0], [113272.5, 20.0], [113273.0, 20.0], [113273.5, 520.0], [113274.0, 37660.0], [113275.5, 250.0], [113276.0, 3050.0], [113276.5, 55000.0], [113277.0, 20.0], [113277.5, 13990.0], [113278.0, 25000.0], [113278.5, 97820.0]]}}}
{"jsonrpc": "2.0", "method": "subscription", "params": {"channel": "book.BTC-PERPETUAL.none.20.100ms", "data": {"timestamp": 1758763315895, "change_id": 118574265675, "instrument_name": "BTC-PERPETUAL", "bids": [[113260.0, 301160.0], [113259.5, 79720.0], [113259.0, 243000.0], [113256.5, 50.0], [113253.5, 12010.0], [113253.0, 40000.0], [113251.0, 20.0], [113250.5, 19640.0], [113250.0, 20.0], [113249.5, 20.0], [113249.0, 26000.0], [113248.5, 25010.0], [113246.5, 40000.0], [113244.5, 250.0], [113244.0, 500.0], [113243.5, 7010.0], [113243.0, 200.0], [113242.5, 5720.0], [113241.0, 250.0], [113240.5, 250.0]], "asks": [[113260.5, 201940.0], [113262.0, 22100.0], [113262.5, 30000.0], [113263.5, 5720.0], [113264.0, 40000.0], [113266.0, 250.0], [113269.0, 20.0], [113269.5, 20.0], [113270.0, 20.0], [113270.5, 22800.0], [113271.0, 50270.0], [113271.5, 520.0], [113272.0, 24880.0], [113272.5, 20.0], [113274.0, 37640.0], [113275.5, 250.0], [113276.0, 3050.0], [113276.5, 55000.0], [113277.5, 13990.0], [113278.0, 25000.0]]}}}
{"jsonrpc": "2.0", "method": "subscription", "params": {"channel": "book.BTC-PERPETUAL.none.20.100ms", "data": {"timestamp": 1758763316215, "change_id": 118574266190, "instrument_name": "BTC-PERPETUAL", "bids": [[113260.0, 301160.0], [113259.5, 79720.0], [113259.0, 243000.0], [113256.5, 50.0], [113255.0, 7810.0], [113251.0, 26020.0], [113250.5, 19640.0], [113250.0, 20.0], [113249.5, 20.0], [113248.5, 65010.0], [113248.0, 250.0], [113244.5, 250.0], [113244.0, 750.0], [113243.5, 7010.0], [113243.0, 200.0], [113242.5, 5720.0], [113241.0, 250.0], [113240.5, 250.0], [113240.0, 16940.0], [113238.0, 104720.0]], "asks": [[113260.5, 172940.0], [113262.5, 30000.0], [113263.5, 5720.0], [113264.0, 40000.0], [113266.0, 250.0], [113270.5, 23300.0], [113271.0, 50270.0], [113271.5, 20.0], [113272.0, 24880.0], [113272.5, 20.0], [113274.0, 37640.0], [113275.5, 250.0], [113276.0, 3050.0], [113276.5, 55000.0], [113277.5, 13990.0], [113278.0, 25000.0], [113278.5, 97820.0], [113279.0, 243000.0], [113280.0, 250.0], [113281.5, 250.0]]}}}
{"jsonrpc": "2.0", "method": "subscription", "params": {"channel": "book.BTC-PERPETUAL.none.20.100ms", "data": {"timestamp": 1758763316559, "change_id": 118574266486, "instrument_name": "BTC-PERPETUAL", "bids": [[113260.0, 313650.0], [113259.5, 79720.0], [113259.0, 243000.0], [113256.5, 50.0], [113251.0, 20.0], [113250.5, 14470.0], [113250.0, 20.0], [113249.5, 20.0], [113249.0, 26500.0], [113248.5, 25010.0], [113248.0, 250.0], [113244.5, 250.0], [113244.0, 250.0], [113243.5, 7010.0], [113243.0, 200.0], [113242.5, 5720.0], [113241.0, 250.0], [113240.5, 250.0], [113240.0, 16940.0], [113238.0, 104720.0]], "asks": [[113260.5, 172940.0], [113262.5, 30000.0], [113264.0, 40000.0], [113270.5, 22800.0], [113271.0, 50270.0], [113271.5, 20.0], [113272.0, 24880.0], [113272.5, 20.0], [113273.5, 500.0], [113274.0, 24170.0], [113275.5, 250.0], [113276.0, 3050.0], [113276.5, 55000.0], [113277.5, 38990.0], [113278.5, 97820.0], [113279.0, 243000.0], [113280.0, 250.0], [113281.5, 250.0], [113283.5, 52090.0], [113284.0, 83630.0]]}}}
{"jsonrpc": "2.0", "method": "subscription", "params": {"channel": "book.BTC-PERPETUAL.none.20.100ms", "data": {"timestamp": 1758763316892, "change_id": 118574266937, "instrument_name": "BTC-PERPETUAL", "bids": [[113260.0, 249020.0], [113259.5, 79720.0], [113259.0, 243000.0], [113256.5, 50.0], [113255.0, 12010.0], [113254.5, 40000.0], [113250.5, 25720.0], [113250.0, 20.0], [113249.5, 520.0], [113249.0, 26020.0], [113248.5, 25030.0], [113248.0, 250.0], [113247.5, 40000.0], [113244.5, 250.0], [113244.0, 250.0], [113243.5, 7010.0], [113242.5, 5720.0], [113241.0, 250.0], [113240.5, 250.0], [113240.0, 16940.0]], "asks": [[113260.5, 214010.0], [113262.0, 22600.0], [113262.5, 30000.0], [113264.0, 40000.0], [113267.0, 5720.0], [113269.0, 20.0], [113269.5, 25020.0], [113270.0, 20.0], [113270.5, 22800.0], [113271.0, 50270.0], [113271.5, 20.0], [113272.0, 24860.0], [113273.5, 500.0], [113274.0, 24170.0], [113275.5, 250.0], [113276.5, 55000.0], [113277.5, 13990.0], [113278.5, 97820.0], [113279.0, 243000.0], [113280.0, 250.0]]}}}
{"jsonrpc": "2.0", "method": "subscription", "params": {"channel": "book.BTC-PERPETUAL.none.20.100ms", "data": {"timestamp": 1758763317223, "change_id": 118574267461, "instrument_name": "BTC-PERPETUAL", "bids": [[113260.0, 261190.0], [113259.5, 79720.0], [113259.0, 243000.0], [113256.5, 40050.0], [113250.5, 25720.0], [113249.5, 520.0], [113249.0, 26020.0], [113248.5, 25030.0], [113248.0, 450.0], [113247.5, 40000.0], [113244.5, 250.0], [113244.0, 250.0], [113243.5, 7010.0], [113242.5, 5720.0], [113241.0, 250.0], [113240.5, 250.0], [113240.0, 16940.0], [113238.0, 104720.0], [113237.5, 250.0], [113237.0, 64310.0]], "asks": [[113260.5, 172910.0], [113262.5, 30000.0], [113264.0, 40000.0], [113267.0, 5720.0], [113270.5, 22780.0], [113271.0, 50270.0], [113271.5, 20.0], [113272.0, 24860.0], [113273.0, 242980.0], [113273.5, 500.0], [113274.0, 24170.0], [113275.5, 250.0], [113276.0, 25000.0], [113276.5, 55000.0], [113277.5, 13990.0], [113278.5, 15780.0], [113280.0, 250.0], [113281.5, 250.0], [113283.5, 52090.0], [113284.0, 83630.0]]}}}
{"jsonrpc": "2.0", "method": "subscription", "params": {"channel": "book.BTC-PERPETUAL.none.20.100ms", "data": {"timestamp": 1758763317553, "change_id": 118574267763, "instrument_name": "BTC-PERPETUAL", "bids": [[113260.0, 248820.0], [113259.5, 79720.0], [113259.0, 243000.0], [113256.5, 50.0], [113256.0, 40000.0], [113250.0, 19600.0], [113249.5, 40520.0], [113249.0, 26020.0], [113248.5, 25030.0], [113248.0, 450.0], [113244.5, 250.0], [113244.0, 250.0], [113243.5, 7010.0], [113242.5, 5720.0], [113241.0, 250.0], [113240.5, 250.0], [113240.0, 16940.0], [113238.0, 104720.0], [113237.5, 250.0], [113237.0, 64310.0]], "asks": [[113260.5, 172910.0], [113262.5, 30000.0], [113264.0, 40000.0], [113266.0, 25000.0], [113267.0, 5720.0], [113270.5, 250.0], [113271.0, 50250.0], [113271.5, 20.0], [113272.0, 24860.0], [113273.0, 242980.0], [113273.5, 500.0], [113274.0, 24170.0], [113275.5, 250.0], [113276.5, 55000.0], [113277.5, 13990.0], [113278.5, 15780.0], [113280.0, 250.0], [113281.5, 250.0], [113283.0, 9240.0], [113283.5, 63090.0]]}}}
{"jsonrpc": "2.0", "method": "subscription", "params": {"channel": "book.BTC-PERPETUAL.none.20.100ms", "data": {"timestamp": 1758763317885, "change_id": 118574268208, "instrument_name": "BTC-PERPETUAL", "bids": [[113260.0, 196330.0], [113259.5, 79720.0], [113259.0, 243000.0], [113256.5, 50.0], [113250.0, 19600.0], [113249.0, 26000.0], [113248.5, 25010.0], [113248.0, 450.0], [113247.5, 20.0], [113247.0, 20.0], [113246.0, 40000.0], [113244.5, 250.0], [113244.0, 250.0], [113243.5, 7010.0], [113242.5, 5720.0], [113241.0, 250.0], [113240.5, 250.0], [113240.0, 16940.0], [113238.0, 104720.0], [113237.5, 250.0]], "asks": [[113260.5, 258080.0], [113262.0, 22300.0], [113262.5, 30000.0], [113264.0, 40000.0], [113266.0, 25000.0], [113266.5, 20.0], [113267.0, 5740.0], [113269.0, 20.0], [113269.5, 20.0], [113270.0, 20.0], [113270.5, 22970.0], [113271.0, 50270.0], [113271.5, 520.0], [113272.0, 24860.0], [113272.5, 93670.0], [113273.0, 242980.0], [113275.5, 250.0], [113276.5, 55000.0], [113277.5, 13990.0], [113278.5, 26180.0]]}}}
{"jsonrpc": "2.0", "method": "subscription", "params": {"channel": "book.BTC-PERPETUAL.none.20.100ms", "data": {"timestamp": 1758763318212, "change_id": 118574268710, "instrument_name": "BTC-PERPETUAL", "bids": [[113260.0, 218460.0], [113259.5, 79720.0], [113259.0, 243000.0], [113256.5, 50.0], [113254.0, 12000.0], [113253.5, 40000.0], [113250.0, 19600.0], [113248.5, 25010.0], [113248.0, 450.0], [113247.5, 20.0], [113247.0, 26020.0], [113246.5, 40020.0], [113246.0, 20.0], [113245.0, 500.0], [113244.5, 7420.0], [113244.0, 250.0], [113242.5, 5720.0], [113241.0, 250.0], [113240.5, 250.0], [113240.0, 16940.0]], "asks": [[113260.5, 312900.0], [113261.0, 1300.0], [113262.5, 30000.0], [113264.0, 40000.0], [113265.0, 25000.0], [113266.5, 20.0], [113267.0, 5740.0], [113269.0, 20.0], [113269.5, 20.0], [113270.0, 520.0], [113270.5, 22970.0], [113271.0, 50270.0], [113271.5, 20.0], [113272.0, 24860.0], [113272.5, 93670.0], [113273.0, 242980.0], [113275.5, 250.0], [113277.5, 13990.0], [113278.5, 26180.0], [113280.0, 250.0]]}}}
{"jsonrpc": "2.0", "method": "subscription", "params": {"channel": "book.BTC-PERPETUAL.none.20.100ms", "data": {"timestamp": 1758763318538, "change_id": 118574268901, "instrument_name": "BTC-PERPETUAL", "bids": [[113260.0, 218310.0], [113259.5, 79720.0], [113259.0, 243000.0], [113256.5, 50.0], [113254.0, 12000.0], [113253.5, 40000.0], [113250.0, 19600.0], [113248.5, 25010.0], [113248.0, 450.0], [113247.5, 270.0], [113247.0, 26020.0], [113246.5, 40020.0], [113246.0, 20.0], [113245.0, 500.0], [113244.5, 7420.0], [113244.0, 250.0], [113242.5, 5720.0], [113241.0, 250.0], [113240.5, 250.0], [113240.0, 16940.0]], "asks": [[113260.5, 312900.0], [113261.0, 1300.0], [113262.5, 30000.0], [113264.0, 40000.0], [113266.0, 25000.0], [113266.5, 20.0], [113267.0, 5740.0], [113269.0, 20.0], [113269.5, 20.0], [113270.0, 520.0], [113270.5, 22970.0], [113271.0, 50270.0], [113271.5, 20.0], [113272.0, 24860.0], [113272.5, 93670.0], [113273.0, 242980.0], [113275.5, 250.0], [113277.5, 13990.0], [113278.5, 26180.0], [113280.0, 250.0]]}}}
{"jsonrpc": "2.0", "method": "subscription", "params": {"channel": "book.BTC-PERPETUAL.none.20.100ms", "data": {"timestamp": 1758763318873, "change_id": 118574269323, "instrument_name": "BTC-PERPETUAL", "bids": [[113260.0, 308500.0], [113259.5, 79720.0], [113259.0, 243000.0], [113256.5, 50.0], [113252.0, 7800.0], [113250.5, 26000.0], [113250.0, 18690.0], [113249.5, 40000.0], [113249.0, 500.0], [113248.5, 25010.0], [113248.0, 250.0], [113247.5, 270.0], [113247.0, 20.0], [113246.5, 20.0], [113246.0, 20.0], [113244.5, 7420.0], [113244.0, 250.0], [113242.5, 5720.0], [113241.0, 250.0], [113240.5, 250.0]], "asks": [[113260.5, 219800.0], [113262.0, 22300.0], [113262.5, 30000.0], [113264.0, 40000.0], [113266.0, 25000.0], [113267.0, 5720.0], [113270.0, 55000.0], [113270.5, 22970.0], [113271.0, 50270.0], [113271.5, 20.0], [113272.0, 24860.0], [113272.5, 94170.0], [113273.0, 242980.0], [113275.5, 250.0], [113277.5, 13990.0], [113278.5, 15780.0], [113280.0, 250.0], [113281.5, 250.0], [113283.0, 9240.0], [113283.5, 52090.0]]}}}
{"jsonrpc": "2.0", "method": "subscription", "params": {"channel": "book.BTC-PERPETUAL.none.20.100ms", "data": {"timestamp": 1758763319194, "change_id": 118574269808, "instrument_name": "BTC-PERPETUAL", "bids": [[113260.0, 270800.0], [113259.5, 79720.0], [113259.0, 243000.0], [113258.0, 40000.0], [113256.5, 1220.0], [113251.0, 12150.0], [113250.5, 40500.0], [113250.0, 15670.0], [113249.0, 26000.0], [113248.5, 25010.0], [113248.0, 450.0], [113247.5, 270.0], [113244.5, 7420.0], [113244.0, 250.0], [113242.5, 5720.0], [113241.0, 250.0], [113240.5, 250.0], [113240.0, 16940.0], [113238.0, 104720.0], [113237.5, 250.0]], "asks": [[113260.5, 172730.0], [113262.5, 30000.0], [113264.0, 40000.0], [113266.0, 25000.0], [113267.0, 5720.0], [113270.0, 55000.0], [113270.5, 22950.0], [113271.0, 50250.0], [113272.0, 24860.0], [113272.5, 93670.0], [113273.0, 242980.0], [113275.5, 250.0], [113277.0, 500.0], [113277.5, 13990.0], [113278.5, 15780.0], [113280.0, 250.0], [113281.5, 250.0], [113283.0, 9240.0], [113283.5, 52090.0], [113284.0, 99100.0]]}}}
{"jsonrpc": "2.0", "method": "subscription", "params": {"channel": "book.BTC-PERPETUAL.none.20.100ms", "data": {"timestamp": 1758763319531, "change_id": 118574269997, "instrument_name": "BTC-PERPETUAL", "bids": [[113260.0, 283730.0], [113259.5, 79720.0], [113259.0, 243000.0], [113256.5, 1220.0], [113252.0, 19950.0], [113251.5, 26000.0], [113251.0, 500.0], [113250.5, 40000.0], [113249.0, 7720.0], [113248.5, 25010.0], [113248.0, 250.0], [113247.5, 270.0], [113244.5, 7420.0], [113244.0, 250.0], [113242.5, 5720.0], [113241.0, 250.0], [113240.5, 250.0], [113240.0, 16940.0], [113238.0, 104720.0], [113237.5, 250.0]], "asks": [[113260.5, 172730.0], [113262.5, 30000.0], [113264.0, 40000.0], [113266.0, 25000.0], [113267.0, 5720.0], [113270.0, 55000.0], [113270.5, 22950.0], [113271.0, 50250.0], [113272.0, 24860.0], [113272.5, 93670.0], [113273.0, 242980.0], [113275.5, 250.0], [113277.0, 500.0], [113277.5, 13990.0], [113278.5, 15780.0], [113280.0, 250.0], [113281.5, 250.0], [113283.0, 9240.0], [113283.5, 52090.0], [113284.0, 88100.0]]}}}
{"jsonrpc": "2.0", "method": "subscription", "params": {"channel": "book.BTC-PERPETUAL.none.20.100ms", "data": {"timestamp": 1758763319827, "change_id": 118574270329, "instrument_name": "BTC-PERPETUAL", "bids": [[113260.0, 331000.0], [113259.5, 79720.0], [113259.0, 243000.0], [113257.0, 40000.0], [113256.5, 1220.0], [113252.0, 19950.0], [113251.5, 26000.0], [113250.5, 40000.0], [113249.5, 500.0], [113249.0, 7720.0], [113248.5, 25010.0], [113248.0, 250.0], [113247.5, 270.0], [113244.5, 7420.0], [113244.0, 250.0], [113242.5, 5720.0], [113241.0, 250.0], [113240.5, 250.0], [113240.0, 16940.0], [113238.0, 104720.0]], "asks": [[113260.5, 197530.0], [113262.0, 21900.0], [113262.5, 30000.0], [113264.0, 40000.0], [113266.0, 25000.0], [113267.0, 5720.0], [113270.0, 55000.0], [113270.5, 22950.0], [113271.0, 50250.0], [113272.0, 24860.0], [113272.5, 93670.0], [113273.0, 242980.0], [113275.5, 250.0], [113277.0, 500.0], [113277.5, 13990.0], [113278.5, 15780.0], [113280.0, 250.0], [113281.5, 250.0], [113283.0, 9240.0], [113283.5, 63090.0]]}}}
{"jsonrpc": "2.0", "method": "subscription", "params": {"channel": "book.BTC-PERPETUAL.none.20.100ms", "data": {"timestamp": 1758763320192, "change_id": 118574270908, "instrument_name": "BTC-PERPETUAL", "bids": [[113260.0, 270800.0], [113259.5, 79720.0], [113259.0, 243000.0], [113256.5, 1220.0], [113250.0, 25670.0], [113249.5, 26500.0], [113248.5, 25010.0], [113248.0, 250.0], [113247.5, 450.0], [113247.0, 40000.0], [113244.5, 7420.0], [113244.0, 250.0], [113242.5, 5720.0], [113241.0, 250.0], [113240.5, 250.0], [113240.0, 16940.0], [113238.5, 9240.0], [113238.0, 104720.0], [113237.5, 250.0], [113237.0, 64310.0]], "asks": [[113260.5, 185100.0], [113262.5, 30000.0], [113264.0, 40000.0], [113266.0, 25000.0], [113267.0, 5720.0], [113269.0, 20.0], [113269.5, 20.0], [113270.0, 55000.0], [113270.5, 22970.0], [113271.0, 50270.0], [113271.5, 20.0], [113272.0, 24880.0], [113272.5, 93690.0], [113273.0, 242980.0], [113275.5, 250.0], [113277.0, 500.0], [113277.5, 13990.0], [113278.5, 15780.0], [113280.0, 250.0], [113281.5, 250.0]]}}}
{"jsonrpc": "2.0", "method": "subscription", "params": {"channel": "book.BTC-PERPETUAL.none.20.100ms", "data": {"timestamp": 1758763320519, "change_id": 118574271157, "instrument_name": "BTC-PERPETUAL", "bids": [[113260.0, 283730.0], [113259.5, 79720.0], [113259.0, 283000.0], [113256.5, 1220.0], [113253.5, 40000.0], [113253.0, 7950.0], [113252.5, 26500.0], [113249.0, 7650.0], [113248.5, 25010.0], [113248.0, 250.0], [113247.5, 250.0], [113244.5, 7420.0], [113244.0, 250.0], [113242.5, 5720.0], [113241.0, 250.0], [113240.5, 9490.0], [113240.0, 16940.0], [113238.0, 104720.0], [113237.5, 250.0], [113237.0, 64310.0]], "asks": [[113260.5, 172730.0], [113262.5, 30000.0], [113264.0, 40000.0], [113266.0, 25000.0], [113270.0, 55000.0], [113270.5, 250.0], [113271.0, 50270.0], [113271.5, 20.0], [113272.0, 12390.0], [113272.5, 20.0], [113273.0, 242980.0], [113275.5, 250.0], [113277.5, 13990.0], [113278.0, 500.0], [113278.5, 15780.0], [113280.0, 250.0], [113281.5, 250.0], [113283.5, 52090.0], [113284.0, 65240.0], [113284.5, 121700.0]]}}}
{"jsonrpc": "2.0", "method": "subscription", "params": {"channel": "book.BTC-PERPETUAL.none.20.100ms", "data": {"timestamp": 1758763320846, "change_id": 118574271664, "instrument_name": "BTC-PERPETUAL", "bids": [[113260.0, 342260.0], [113259.5, 79720.0], [113259.0, 243000.0], [113256.5, 1220.0], [113251.0, 12000.0], [113250.5, 40000.0], [113250.0, 15600.0], [113249.5, 26500.0], [113248.5, 25010.0], [113248.0, 250.0], [113247.5, 250.0], [113244.5, 5560.0], [113244.0, 250.0], [113242.5, 5720.0], [113241.0, 250.0], [113240.5, 250.0], [113240.0, 16940.0], [113238.5, 9240.0], [113238.0, 104720.0], [113237.5, 250.0]], "asks": [[113260.5, 189530.0], [113262.0, 21500.0], [113262.5, 30000.0], [113264.0, 40000.0], [113266.0, 25000.0], [113266.5, 5720.0], [113270.0, 55000.0], [113270.5, 250.0], [113271.0, 50270.0], [113271.5, 20.0], [113272.0, 24880.0], [113272.5, 20.0], [113273.0, 242980.0], [113275.5, 250.0], [113277.0, 500.0], [113277.5, 13990.0], [113278.5, 15780.0], [113280.0, 250.0], [113281.5, 250.0], [113283.0, 9240.0]]}}}
{"jsonrpc": "2.0", "method": "subscription", "params": {"channel": "book.BTC-PERPETUAL.none.20.100ms", "data": {"timestamp": 1758763321189, "change_id": 118574272140, "instrument_name": "BTC-PERPETUAL", "bids": [[113260.0, 342260.0], [113259.5, 79720.0], [113259.0, 243000.0], [113256.5, 1220.0], [113253.0, 20.0], [113252.5, 20.0], [113252.0, 20.0], [113251.5, 20.0], [113251.0, 520.0], [113250.5, 20.0], [113250.0, 25500.0], [113249.5, 26000.0], [113249.0, 40000.0], [113248.5, 25010.0], [113248.0, 250.0], [113247.5, 250.0], [113244.5, 5560.0], [113244.0, 250.0], [113242.5, 5720.0], [113241.0, 250.0]], "asks": [[113260.5, 172730.0], [113262.0, 21500.0], [113262.5, 30000.0], [113264.0, 40000.0], [113266.0, 25000.0], [113266.5, 5720.0], [113270.0, 55020.0], [113270.5, 270.0], [113271.0, 50270.0], [113271.5, 20.0], [113272.0, 24880.0], [113273.0, 242980.0], [113275.5, 250.0], [113277.0, 500.0], [113277.5, 13990.0], [113278.5, 15780.0], [113280.0, 250.0], [113281.5, 250.0], [113283.0, 9240.0], [113283.5, 52090.0]]}}}
{"jsonrpc": "2.0", "method": "subscription", "params": {"channel": "book.BTC-PERPETUAL.none.20.100ms", "data": {"timestamp": 1758763321506, "change_id": 118574272322, "instrument_name": "BTC-PERPETUAL", "bids": [[113260.0, 350030.0], [113259.5, 119720.0], [113259.0, 243000.0], [113256.5, 1220.0], [113254.0, 12200.0], [113253.5, 40000.0], [113253.0, 20.0], [113252.5, 20.0], [113252.0, 520.0], [113251.5, 20.0], [113251.0, 20.0], [113250.0, 15600.0], [113249.5, 26000.0], [113248.5, 25010.0], [113248.0, 250.0], [113247.5, 250.0], [113244.5, 9380.0], [113244.0, 250.0], [113242.5, 5720.0], [113241.0, 250.0]], "asks": [[113260.5, 172130.0], [113262.5, 30000.0], [113263.5, 13500.0], [113264.0, 40000.0], [113266.0, 25000.0], [113270.0, 55000.0], [113270.5, 250.0], [113271.0, 50250.0], [113271.5, 20.0], [113272.0, 12390.0], [113272.5, 20.0], [113273.0, 243000.0], [113273.5, 20.0], [113275.5, 250.0], [113277.5, 13990.0], [113278.0, 500.0], [113278.5, 15780.0], [113280.0, 250.0], [113281.5, 250.0], [113283.0, 9240.0]]}}}
{"jsonrpc": "2.0", "method": "subscription", "params": {"channel": "book.BTC-PERPETUAL.none.20.100ms", "data": {"timestamp": 1758763321837, "change_id": 118574272778, "instrument_name": "BTC-PERPETUAL", "bids": [[113260.0, 350760.0], [113259.5, 79720.0], [113259.0, 243000.0], [113256.5, 1220.0], [113255.0, 500.0], [113254.5, 18850.0], [113252.0, 40000.0], [113251.0, 20.0], [113250.5, 26000.0], [113249.0, 7650.0], [113248.5, 25010.0], [113248.0, 250.0], [113247.5, 250.0], [113244.5, 9380.0], [113244.0, 250.0], [113242.5, 5720.0], [113241.0, 250.0], [113240.5, 250.0], [113240.0, 16940.0], [113238.5, 9240.0]], "asks": [[113260.5, 172130.0], [113262.0, 13200.0], [113262.5, 30000.0], [113264.0, 40000.0], [113266.0, 25000.0], [113268.0, 5720.0], [113270.0, 55000.0], [113270.5, 250.0], [113271.0, 50250.0], [113271.5, 20.0], [113272.0, 25130.0], [113272.5, 20.0], [113273.0, 243000.0], [113273.5, 20.0], [113275.5, 250.0], [113277.5, 13990.0], [113278.5, 15780.0], [113280.0, 250.0], [113281.5, 250.0], [113282.5, 500.0]]}}}
{"jsonrpc": "2.0", "method": "subscription", "params": {"channel": "book.BTC-PERPETUAL.none.20.100ms", "data": {"timestamp": 1758763322181, "change_id": 118574273273, "instrument_name": "BTC-PERPETUAL", "bids": [[113260.0, 337300.0], [113259.5, 79720.0], [113259.0, 243000.0], [113256.5, 1220.0], [113256.0, 12150.0], [113252.5, 500.0], [113250.5, 40000.0], [113249.5, 15450.0], [113248.5, 25010.0], [113248.0, 250.0], [113247.5, 250.0], [113245.0, 26000.0], [113244.5, 9380.0], [113244.0, 250.0], [113242.5, 5720.0], [113241.0, 250.0], [113240.5, 250.0], [113240.0, 16940.0], [113238.0, 104720.0], [113237.5, 250.0]], "asks": [[113260.5, 172130.0], [113262.0, 13200.0], [113262.5, 30000.0], [113264.0, 40000.0], [113265.5, 25000.0], [113268.0, 5720.0], [113270.0, 55000.0], [113270.5, 250.0], [113271.0, 50250.0], [113271.5, 20.0], [113272.0, 25130.0], [113272.5, 20.0], [113273.0, 243000.0], [113273.5, 20.0], [113275.5, 250.0], [113277.0, 500.0], [113277.5, 13990.0], [113278.5, 26180.0], [113280.0, 250.0], [113281.5, 11250.0]]}}}
{"jsonrpc": "2.0", "method": "subscription", "params": {"channel": "book.BTC-PERPETUAL.none.20.100ms", "data": {"timestamp": 1758763322508, "change_id": 118574273468, "instrument_name": "BTC-PERPETUAL", "bids": [[113260.0, 350110.0], [113259.5, 79720.0], [113259.0, 243000.0], [113256.5, 1220.0], [113255.0, 20.0], [113254.5, 20.0], [113254.0, 20.0], [113253.5, 20.0], [113252.0, 20.0], [113251.5, 20.0], [113250.0, 500.0], [113249.5, 15450.0], [113249.0, 26000.0], [113248.5, 25010.0], [113248.0, 250.0], [113247.5, 250.0], [113244.5, 9380.0], [113244.0, 250.0], [113242.5, 5720.0], [113241.0, 250.0]], "asks": [[113260.5, 172130.0], [113262.5, 30000.0], [113264.0, 40000.0], [113266.0, 25000.0], [113270.0, 55000.0], [113270.5, 250.0], [113271.0, 50250.0], [113272.0, 12390.0], [113273.0, 242980.0], [113275.5, 250.0], [113277.5, 13990.0], [113278.5, 15780.0], [113280.0, 250.0], [113281.5, 750.0], [113283.5, 52090.0], [113284.0, 65240.0], [113284.5, 121700.0], [113285.5, 250.0], [113286.0, 9240.0], [113286.5, 11200.0]]}}}
{"jsonrpc": "2.0", "method": "subscription", "params": {"channel": "book.BTC-PERPETUAL.none.20.100ms", "data": {"timestamp": 1758763322844, "change_id": 118574273974, "instrument_name": "BTC-PERPETUAL", "bids": [[113260.0, 367410.0], [113259.5, 119720.0], [113259.0, 243000.0], [113256.5, 1220.0], [113254.0, 19820.0], [113253.5, 40020.0], [113252.0, 20.0], [113251.5, 20.0], [113251.0, 26500.0], [113249.0, 7650.0], [113248.5, 25010.0], [113248.0, 250.0], [113247.5, 250.0], [113244.5, 9380.0], [113244.0, 250.0], [113242.5, 5720.0], [113241.0, 250.0], [113240.5, 250.0], [113240.0, 16940.0], [113238.5, 9240.0]], "asks": [[113260.5, 81550.0], [113262.5, 30000.0], [113264.0, 40000.0], [113265.5, 25000.0], [113267.5, 5720.0], [113270.0, 55000.0], [113270.5, 250.0], [113271.0, 50250.0], [113272.0, 12390.0], [113273.0, 242980.0], [113275.5, 250.0], [113277.5, 13990.0], [113278.5, 15780.0], [113280.0, 250.0], [113281.5, 250.0], [113283.0, 500.0], [113283.5, 52090.0], [113284.0, 65240.0], [113284.5, 121700.0], [113285.5, 250.0]]}}}
{"jsonrpc": "2.0", "method": "subscription", "params": {"channel": "book.BTC-PERPETUAL.none.20.100ms", "data": {"timestamp": 1758763323075, "change_id": 118574274242, "instrument_name": "BTC-PERPETUAL", "bids": [[113260.0, 367260.0], [113259.5, 119720.0], [113259.0, 243000.0], [113256.5, 1220.0], [113255.0, 500.0], [113254.5, 18450.0], [113254.0, 26000.0], [113253.5, 40020.0], [113252.0, 20.0], [113251.5, 20.0], [113249.0, 7650.0], [113248.5, 25010.0], [113248.0, 250.0], [113247.5, 250.0], [113244.5, 9380.0], [113244.0, 250.0], [113242.5, 5720.0], [113241.0, 250.0], [113240.5, 250.0], [113240.0, 16940.0]], "asks": [[113260.5, 81400.0], [113262.5, 30000.0], [113264.0, 40000.0], [113266.0, 25000.0], [113269.0, 5720.0], [113270.0, 55000.0], [113270.5, 250.0], [113271.0, 50250.0], [113272.0, 12370.0], [113273.0, 242980.0], [113275.5, 250.0], [113277.5, 13990.0], [113278.5, 15780.0], [113280.0, 250.0], [113281.5, 250.0], [113283.0, 500.0], [113283.5, 52090.0], [113284.0, 65240.0], [113284.5, 121700.0], [113285.5, 250.0]]}}}
{"jsonrpc": "2.0", "method": "subscription", "params": {"channel": "book.BTC-PERPETUAL.none.20.100ms", "data": {"timestamp": 1758763323506, "change_id": 118574274574, "instrument_name": "BTC-PERPETUAL", "bids": [[113260.0, 367260.0], [113259.5, 119720.0], [113259.0, 243000.0], [113257.0, 500.0], [113256.5, 1220.0], [113256.0, 20.0], [113255.5, 20.0], [113255.0, 20.0], [113254.5, 18320.0], [113254.0, 26020.0], [113253.5, 40020.0], [113249.0, 7650.0], [113248.5, 25010.0], [113248.0, 250.0], [113247.5, 250.0], [113244.5, 9380.0], [113244.0, 250.0], [113242.5, 5720.0], [113241.0, 250.0], [113240.5, 250.0]], "asks": [[113260.5, 81250.0], [113262.5, 30000.0], [113264.0, 40000.0], [113266.0, 25000.0], [113269.0, 5720.0], [113270.0, 55000.0], [113270.5, 250.0], [113271.0, 50250.0], [113272.0, 12370.0], [113273.0, 242980.0], [113273.5, 20.0], [113274.0, 20.0], [113274.5, 20.0], [113275.0, 20.0], [113275.5, 270.0], [113276.0, 20.0], [113276.5, 20.0], [113277.0, 20.0], [113277.5, 13990.0], [113278.5, 15780.0]]}}}
{"jsonrpc": "2.0", "method": "subscription", "params": {"channel": "book.BTC-PERPETUAL.none.20.100ms", "data": {"timestamp": 1758763323821, "change_id": 118574274988, "instrument_name": "BTC-PERPETUAL", "bids": [[113260.0, 386460.0], [113259.5, 119720.0], [113259.0, 243000.0], [113256.5, 1220.0], [113255.5, 20.0], [113255.0, 520.0], [113254.5, 18310.0], [113254.0, 26020.0], [113253.5, 40020.0], [113253.0, 20.0], [113249.0, 7650.0], [113248.5, 25010.0], [113248.0, 250.0], [113247.5, 250.0], [113244.5, 9380.0], [113244.0, 250.0], [113242.5, 5720.0], [113241.0, 250.0], [113240.5, 250.0], [113240.0, 16940.0]], "asks": [[113260.5, 81390.0], [113262.5, 30000.0], [113264.0, 40000.0], [113266.0, 25000.0], [113269.0, 5720.0], [113270.0, 55000.0], [113270.5, 250.0], [113271.0, 50250.0], [113272.0, 12370.0], [113273.0, 243000.0], [113273.5, 20.0], [113274.0, 20.0], [113274.5, 20.0], [113275.0, 20.0], [113275.5, 270.0], [113276.0, 20.0], [113276.5, 20.0], [113277.5, 250.0], [113278.5, 15780.0], [113280.0, 250.0]]}}}
{"jsonrpc": "2.0", "method": "subscription", "params": {"channel": "book.BTC-PERPETUAL.none.20.100ms", "data": {"timestamp": 1758763324161, "change_id": 118574275567, "instrument_name": "BTC-PERPETUAL", "bids": [[113260.0, 160430.0], [113259.5, 79720.0], [113259.0, 243000.0], [113256.5, 1220.0], [113255.0, 500.0], [113250.5, 25580.0], [113249.5, 26000.0], [113248.5, 25010.0], [113248.0, 250.0], [113247.5, 250.0], [113247.0, 40000.0], [113246.5, 200.0], [113244.5, 9380.0], [113244.0, 250.0], [113242.5, 5720.0], [113241.0, 250.0], [113240.5, 250.0], [113240.0, 16940.0], [113238.5, 9240.0], [113238.0, 104720.0]], "asks": [[113260.5, 149140.0], [113262.5, 30000.0], [113264.0, 40000.0], [113265.5, 25000.0], [113269.0, 5720.0], [113270.0, 55000.0], [113270.5, 250.0], [113271.0, 50250.0], [113272.0, 25130.0], [113272.5, 73090.0], [113273.0, 243000.0], [113273.5, 20.0], [113274.0, 20.0], [113274.5, 20.0], [113275.0, 20.0], [113275.5, 250.0], [113277.5, 250.0], [113278.5, 15780.0], [113280.0, 250.0], [113281.5, 250.0]]}}}
{"jsonrpc": "2.0", "method": "subscription", "params": {"channel": "book.BTC-PERPETUAL.none.20.100ms", "data": {"timestamp": 1758763324496, "change_id": 118574275771, "instrument_name": "BTC-PERPETUAL", "bids": [[113260.0, 149430.0], [113257.0, 11000.0], [113256.5, 1220.0], [113251.0, 500.0], [113250.5, 15450.0], [113248.5, 12640.0], [113248.0, 250.0], [113247.5, 250.0], [113246.5, 200.0], [113245.0, 44210.0], [113244.5, 250.0], [113244.0, 250.0], [113243.5, 40000.0], [113242.5, 5720.0], [113241.0, 250.0], [113240.5, 250.0], [113240.0, 16940.0], [113238.0, 104720.0], [113237.5, 250.0], [113237.0, 64310.0]], "asks": [[113260.5, 239250.0], [113262.5, 30000.0], [113264.0, 65000.0], [113266.0, 5720.0], [113269.5, 39200.0], [113270.0, 55000.0], [113270.5, 250.0], [113271.0, 50250.0], [113272.0, 25130.0], [113272.5, 73090.0], [113273.0, 243000.0], [113273.5, 20.0], [113274.0, 20.0], [113274.5, 20.0], [113275.0, 20.0], [113275.5, 250.0], [113277.5, 250.0], [113278.0, 9740.0], [113278.5, 15780.0], [113280.0, 250.0]]}}}
{"jsonrpc": "2.0", "method": "subscription", "params": {"channel": "book.BTC-PERPETUAL.none.20.100ms", "data": {"timestamp": 1758763324826, "change_id": 118574276316, "instrument_name": "BTC-PERPETUAL", "bids": [[113260.0, 403180.0], [113259.5, 6800.0], [113256.5, 1220.0], [113252.0, 500.0], [113250.5, 15450.0], [113249.0, 26000.0], [113248.5, 25090.0], [113248.0, 250.0], [113247.5, 250.0], [113246.5, 200.0], [113245.0, 18250.0], [113244.5, 40250.0], [113244.0, 250.0], [113243.5, 20.0], [113242.5, 5740.0], [113242.0, 20.0], [113241.5, 20.0], [113241.0, 270.0], [113240.5, 270.0], [113240.0, 16940.0]], "asks": [[113260.5, 321200.0], [113262.5, 30000.0], [113264.0, 40000.0], [113266.0, 30720.0], [113269.5, 22700.0], [113270.5, 250.0], [113271.0, 50250.0], [113272.0, 25130.0], [113272.5, 73090.0], [113273.0, 243000.0], [113275.5, 250.0], [113277.5, 750.0], [113278.5, 15780.0], [113280.0, 250.0], [113281.5, 250.0], [113282.5, 9240.0], [113283.0, 11000.0], [113283.5, 52090.0], [113284.0, 86250.0], [113284.5, 121700.0]]}}}
{"jsonrpc": "2.0", "method": "subscription", "params": {"channel": "book.BTC-PERPETUAL.none.20.100ms", "data": {"timestamp": 1758763325151, "change_id": 118574276780, "instrument_name": "BTC-PERPETUAL", "bids": [[113260.0, 443180.0], [113259.5, 6800.0], [113256.5, 1220.0], [113251.0, 500.0], [113250.5, 25640.0], [113249.0, 26000.0], [113248.5, 25090.0], [113248.0, 270.0], [113247.5, 270.0], [113247.0, 20.0], [113246.5, 40220.0], [113246.0, 20.0], [113245.0, 7100.0], [113244.5, 250.0], [113244.0, 250.0], [113243.5, 20.0], [113242.5, 5720.0], [113241.0, 250.0], [113240.5, 250.0], [113240.0, 16940.0]], "asks": [[113260.5, 240550.0], [113262.5, 30000.0], [113264.0, 40000.0], [113265.0, 25000.0], [113266.0, 5720.0], [113266.5, 20.0], [113267.0, 20.0], [113267.5, 20.0], [113268.0, 20.0], [113268.5, 20.0], [113269.0, 20.0], [113269.5, 22700.0], [113270.5, 250.0], [113271.0, 50250.0], [113272.0, 25110.0], [113272.5, 73070.0], [113273.0, 242980.0], [113275.5, 250.0], [113277.5, 250.0], [113278.0, 500.0]]}}}
{"jsonrpc": "2.0", "method": "subscription", "params": {"channel": "book.BTC-PERPETUAL.none.20.100ms", "data": {"timestamp": 1758763325480, "change_id": 118574276931, "instrument_name": "BTC-PERPETUAL", "bids": [[113260.0, 443380.0], [113259.5, 6800.0], [113256.5, 1220.0], [113253.0, 12650.0], [113252.5, 40000.0], [113250.5, 15450.0], [113249.0, 26000.0], [113248.5, 25090.0], [113248.0, 270.0], [113247.5, 270.0], [113247.0, 20.0], [113246.5, 20.0], [113246.0, 20.0], [113245.0, 7100.0], [113244.5, 250.0], [113244.0, 250.0], [113243.5, 20.0], [113242.5, 5720.0], [113241.0, 250.0], [113240.5, 250.0]], "asks": [[113260.5, 185550.0], [113262.5, 30000.0], [113264.0, 40000.0], [113266.0, 30720.0], [113266.5, 20.0], [113267.0, 20.0], [113267.5, 20.0], [113268.0, 20.0], [113268.5, 20.0], [113269.0, 20.0], [113270.5, 55250.0], [113271.0, 50250.0], [113272.0, 25110.0], [113273.0, 242980.0], [113275.5, 250.0], [113277.5, 250.0], [113278.0, 500.0], [113278.5, 15780.0], [113280.0, 250.0], [113281.5, 250.0]]}}}
{"jsonrpc": "2.0", "method": "subscription", "params": {"channel": "book.BTC-PERPETUAL.none.20.100ms", "data": {"timestamp": 1758763325819, "change_id": 118574277502, "instrument_name": "BTC-PERPETUAL", "bids": [[113260.0, 491240.0], [113259.5, 6800.0], [113256.5, 1220.0], [113255.5, 500.0], [113252.5, 20.0], [113252.0, 20.0], [113251.5, 20.0], [113251.0, 20.0], [113250.0, 15480.0], [113249.5, 26000.0], [113248.5, 25090.0], [113248.0, 270.0], [113247.5, 250.0], [113245.0, 7100.0], [113244.5, 250.0], [113244.0, 250.0], [113242.5, 5720.0], [113241.0, 250.0], [113240.5, 250.0], [113240.0, 16940.0]], "asks": [[113260.5, 185550.0], [113262.5, 30000.0], [113263.5, 22300.0], [113264.0, 40000.0], [113266.0, 25000.0], [113268.0, 5720.0], [113270.5, 55250.0], [113271.0, 50250.0], [113272.0, 12370.0], [113273.0, 242980.0], [113275.5, 250.0], [113277.5, 250.0], [113278.5, 15780.0], [113280.0, 250.0], [113281.5, 250.0], [113283.0, 9740.0], [113283.5, 52090.0], [113284.0, 65240.0], [113284.5, 121700.0], [113285.5, 250.0]]}}}
{"jsonrpc": "2.0", "method": "subscription", "params": {"channel": "book.BTC-PERPETUAL.none.20.100ms", "data": {"timestamp": 1758763326141, "change_id": 118574278080, "instrument_name": "BTC-PERPETUAL", "bids": [[113260.0, 443740.0], [113259.5, 6800.0], [113257.0, 500.0], [113256.5, 1220.0], [113253.5, 20.0], [113253.0, 20.0], [113252.5, 20.0], [113252.0, 20.0], [113250.0, 15480.0], [113249.5, 26000.0], [113248.5, 25090.0], [113248.0, 250.0], [113245.0, 7100.0], [113244.5, 250.0], [113244.0, 250.0], [113242.5, 5720.0], [113241.0, 250.0], [113240.5, 9490.0], [113240.0, 16940.0], [113238.0, 104720.0]], "asks": [[113260.5, 185550.0], [113262.5, 30000.0], [113264.0, 40000.0], [113266.5, 25000.0], [113270.5, 55250.0], [113271.0, 250.0], [113271.5, 50020.0], [113272.0, 12390.0], [113272.5, 20.0], [113273.0, 243000.0], [113273.5, 20.0], [113274.0, 20.0], [113274.5, 20.0], [113275.0, 20.0], [113275.5, 250.0], [113277.5, 250.0], [113278.5, 15780.0], [113280.0, 250.0], [113281.5, 250.0], [113282.5, 500.0]]}}}
{"jsonrpc": "2.0", "method": "subscription", "params": {"channel": "book.BTC-PERPETUAL.none.20.100ms", "data": {"timestamp": 1758763326479, "change_id": 118574278637, "instrument_name": "BTC-PERPETUAL", "bids": [[113260.0, 534550.0], [113259.5, 19320.0], [113259.0, 40000.0], [113256.5, 1720.0], [113252.5, 20.0], [113252.0, 20.0], [113251.0, 2770.0], [113250.5, 9240.0], [113250.0, 25470.0], [113248.5, 25090.0], [113248.0, 250.0], [113247.5, 40000.0], [113245.5, 61600.0], [113245.0, 7100.0], [113244.5, 250.0], [113244.0, 250.0], [113242.5, 5720.0], [113241.0, 250.0], [113240.5, 250.0], [113240.0, 16940.0]], "asks": [[113260.5, 85780.0], [113264.0, 40000.0], [113274.5, 20.0], [113275.0, 20.0], [113281.5, 250.0], [113283.5, 250.0], [113285.0, 25000.0], [113285.5, 50250.0], [113287.0, 250.0], [113287.5, 12640.0], [113288.5, 50680.0], [113289.5, 250.0], [113290.5, 250.0], [113292.0, 27270.0], [113292.5, 500.0], [113293.0, 58050.0], [113294.0, 500.0], [113294.5, 156960.0], [113295.0, 33540.0], [113297.5, 181220.0]]}}}
{"jsonrpc": "2.0", "method": "subscription", "params": {"channel": "book.BTC-PERPETUAL.none.20.100ms", "data": {"timestamp": 1758763326784, "change_id": 118574279228, "instrument_name": "BTC-PERPETUAL", "bids": [[113260.0, 609470.0], [113259.5, 40490.0], [113259.0, 80020.0], [113258.5, 40020.0], [113258.0, 20.0], [113257.5, 20.0], [113256.5, 1720.0], [113255.0, 2780.0], [113250.5, 9240.0], [113250.0, 25470.0], [113249.5, 250.0], [113248.5, 25090.0], [113248.0, 250.0], [113247.5, 40000.0], [113245.5, 61600.0], [113245.0, 7100.0], [113244.5, 250.0], [113244.0, 250.0], [113242.5, 5720.0], [113241.0, 250.0]], "asks": [[113260.5, 85780.0], [113264.0, 40000.0], [113275.5, 8000.0], [113278.0, 250.0], [113278.5, 242880.0], [113281.0, 25000.0], [113281.5, 250.0], [113283.0, 5720.0], [113283.5, 39530.0], [113285.5, 50250.0], [113287.0, 250.0], [113287.5, 12640.0], [113288.5, 50680.0], [113289.5, 250.0], [113290.5, 250.0], [113291.5, 500.0], [113292.0, 27270.0], [113293.0, 55000.0], [113294.0, 500.0], [113294.5, 110810.0]]}}}
{"jsonrpc": "2.0", "method": "subscription", "params": {"channel": "book.BTC-PERPETUAL.none.20.100ms", "data": {"timestamp": 1758763327125, "change_id": 118574279857, "instrument_name": "BTC-PERPETUAL", "bids": [[113260.0, 609450.0], [113259.5, 31340.0], [113259.0, 80000.0], [113258.5, 20.0], [113258.0, 20.0], [113257.5, 20.0], [113256.5, 1720.0], [113256.0, 14770.0], [113255.5, 40000.0], [113250.0, 25470.0], [113249.5, 250.0], [113249.0, 9240.0], [113248.5, 25090.0], [113248.0, 250.0], [113247.5, 40000.0], [113245.0, 24690.0], [113244.5, 250.0], [113244.0, 250.0], [113242.5, 5720.0], [113241.0, 250.0]], "asks": [[113260.5, 85300.0], [113272.0, 12450.0], [113273.5, 25000.0], [113275.5, 8000.0], [113278.0, 250.0], [113278.5, 242880.0], [113280.0, 250.0], [113280.5, 55720.0], [113281.5, 250.0], [113283.5, 52270.0], [113284.5, 35800.0], [113285.0, 55000.0], [113285.5, 250.0], [113287.0, 250.0], [113287.5, 12640.0], [113288.0, 500.0], [113288.5, 50680.0], [113289.5, 250.0], [113290.5, 250.0], [113292.0, 16520.0]]}}}
{"jsonrpc": "2.0", "method": "subscription", "params": {"channel": "book.BTC-PERPETUAL.none.20.100ms", "data": {"timestamp": 1758763327459, "change_id": 118574280052, "instrument_name": "BTC-PERPETUAL", "bids": [[113260.0, 628970.0], [113259.5, 31340.0], [113259.0, 80000.0], [113257.0, 20.0], [113256.5, 1740.0], [113256.0, 20.0], [113255.0, 12000.0], [113254.5, 40000.0], [113250.0, 56640.0], [113249.5, 250.0], [113248.5, 25090.0], [113248.0, 250.0], [113247.5, 40000.0], [113247.0, 9240.0], [113246.5, 124570.0], [113245.0, 24690.0], [113244.5, 250.0], [113244.0, 250.0], [113242.5, 5720.0], [113241.0, 250.0]], "asks": [[113260.5, 85300.0], [113268.0, 8000.0], [113272.0, 12450.0], [113273.0, 25000.0], [113276.0, 20.0], [113276.5, 20.0], [113277.0, 20.0], [113277.5, 20.0], [113278.0, 5990.0], [113278.5, 242900.0], [113280.0, 250.0], [113280.5, 50000.0], [113281.5, 250.0], [113283.5, 52270.0], [113284.0, 500.0], [113284.5, 35800.0], [113285.0, 55000.0], [113285.5, 250.0], [113287.0, 250.0], [113287.5, 12640.0]]}}}
{"jsonrpc": "2.0", "method": "subscription", "params": {"channel": "book.BTC-PERPETUAL.none.20.100ms", "data": {"timestamp": 1758763327785, "change_id": 118574280540, "instrument_name": "BTC-PERPETUAL", "bids": [[113260.0, 628970.0], [113259.5, 31340.0], [113259.0, 80000.0], [113257.0, 20.0], [113256.5, 1740.0], [113256.0, 20.0], [113255.0, 12000.0], [113254.5, 40000.0], [113250.0, 56640.0], [113249.5, 250.0], [113248.5, 25090.0], [113248.0, 250.0], [113247.5, 40000.0], [113247.0, 9240.0], [113246.5, 124570.0], [113245.0, 24690.0], [113244.5, 250.0], [113244.0, 250.0], [113242.5, 5720.0], [113241.0, 250.0]], "asks": [[113260.5, 85300.0], [113269.5, 8000.0], [113272.0, 12450.0], [113273.5, 25000.0], [113277.0, 5720.0], [113277.5, 20.0], [113278.0, 270.0], [113278.5, 242900.0], [113280.0, 250.0], [113280.5, 50000.0], [113281.5, 250.0], [113283.5, 52270.0], [113284.0, 500.0], [113284.5, 35800.0], [113285.0, 55000.0], [113285.5, 250.0], [113287.0, 250.0], [113287.5, 12640.0], [113288.5, 50680.0], [113289.5, 250.0]]}}}
{"jsonrpc": "2.0", "method": "subscription", "params": {"channel": "book.BTC-PERPETUAL.none.20.100ms", "data": {"timestamp": 1758763328127, "change_id": 118574281027, "instrument_name": "BTC-PERPETUAL", "bids": [[113260.0, 628220.0], [113259.5, 31340.0], [113259.0, 80000.0], [113258.5, 20.0], [113257.5, 20.0], [113257.0, 20.0], [113256.5, 1740.0], [113256.0, 20.0], [113255.5, 20.0], [113255.0, 12000.0], [113254.5, 40000.0], [113250.0, 56640.0], [113249.5, 250.0], [113248.5, 25090.0], [113248.0, 250.0], [113247.5, 40000.0], [113247.0, 9240.0], [113246.5, 124570.0], [113245.0, 24690.0], [113244.5, 250.0]], "asks": [[113260.5, 92550.0], [113272.0, 12450.0], [113273.5, 25000.0], [113277.0, 5720.0], [113277.5, 20.0], [113278.0, 270.0], [113278.5, 242900.0], [113280.0, 250.0], [113280.5, 50000.0], [113281.5, 250.0], [113283.5, 52270.0], [113284.5, 36300.0], [113285.0, 55000.0], [113285.5, 250.0], [113287.0, 250.0], [113287.5, 12640.0], [113288.5, 50680.0], [113289.5, 250.0], [113290.5, 250.0], [113292.0, 16520.0]]}}}
{"jsonrpc": "2.0", "method": "subscription", "params": {"channel": "book.BTC-PERPETUAL.none.20.100ms", "data": {"timestamp": 1758763328431, "change_id": 118574281155, "instrument_name": "BTC-PERPETUAL", "bids": [[113260.0, 628220.0], [113259.5, 31340.0], [113259.0, 80000.0], [113258.0, 20.0], [113257.5, 20.0], [113257.0, 20.0], [113256.5, 1740.0], [113256.0, 20.0], [113255.0, 12000.0], [113254.5, 40000.0], [113250.0, 56640.0], [113249.5, 250.0], [113248.5, 25090.0], [113248.0, 250.0], [113247.5, 40000.0], [113247.0, 9240.0], [113246.5, 124570.0], [113245.0, 24690.0], [113244.5, 250.0], [113244.0, 250.0]], "asks": [[113260.5, 84550.0], [113268.5, 8000.0], [113272.0, 12450.0], [113273.5, 25000.0], [113275.5, 20.0], [113276.0, 20.0], [113276.5, 20.0], [113277.0, 5740.0], [113277.5, 20.0], [113278.0, 270.0], [113278.5, 242900.0], [113279.0, 20.0], [113280.0, 250.0], [113280.5, 50000.0], [113281.5, 250.0], [113283.5, 52270.0], [113284.5, 36300.0], [113285.0, 55000.0], [113285.5, 250.0], [113287.0, 250.0]]}}}
{"jsonrpc": "2.0", "method": "subscription", "params": {"channel": "book.BTC-PERPETUAL.none.20.100ms", "data": {"timestamp": 1758763328794, "change_id": 118574281563, "instrument_name": "BTC-PERPETUAL", "bids": [[113260.0, 628220.0], [113259.5, 31340.0], [113259.0, 80000.0], [113256.5, 1740.0], [113256.0, 20.0], [113255.0, 12000.0], [113254.5, 40000.0], [113250.0, 56640.0], [113249.5, 250.0], [113248.5, 25090.0], [113248.0, 250.0], [113247.5, 40000.0], [113247.0, 9240.0], [113246.5, 124570.0], [113245.0, 24690.0], [113244.5, 250.0], [113244.0, 250.0], [113242.5, 5720.0], [113241.0, 250.0], [113240.5, 61850.0]], "asks": [[113260.5, 92550.0], [113272.0, 12450.0], [113273.5, 25000.0], [113274.0, 20.0], [113274.5, 20.0], [113275.0, 20.0], [113275.5, 20.0], [113276.0, 20.0], [113276.5, 20.0], [113277.0, 5740.0], [113277.5, 20.0], [113278.0, 250.0], [113278.5, 242880.0], [113280.0, 250.0], [113280.5, 50000.0], [113281.5, 250.0], [113283.5, 52270.0], [113284.0, 500.0], [113284.5, 35800.0], [113285.0, 55000.0]]}}}
{"jsonrpc": "2.0", "method": "subscription", "params": {"channel": "book.BTC-PERPETUAL.none.20.100ms", "data": {"timestamp": 1758763329123, "change_id": 118574282619, "instrument_name": "BTC-PERPETUAL", "bids": [[113260.0, 404730.0], [113256.5, 3530.0], [113256.0, 11000.0], [113250.0, 36820.0], [113248.5, 25090.0], [113248.0, 1000.0], [113247.5, 40000.0], [113246.0, 40000.0], [113245.5, 26000.0], [113245.0, 71790.0], [113244.5, 33040.0], [113244.0, 250.0], [113242.5, 5720.0], [113241.5, 192400.0], [113241.0, 250.0], [113240.5, 250.0], [113240.0, 16940.0], [113238.0, 31460.0], [113237.5, 250.0], [113237.0, 64310.0]], "asks": [[113260.5, 188110.0], [113264.0, 5720.0], [113269.5, 250.0], [113271.0, 250.0], [113271.5, 7560.0], [113272.0, 25190.0], [113272.5, 25000.0], [113273.0, 750.0], [113273.5, 34450.0], [113274.0, 50000.0], [113274.5, 55000.0], [113275.5, 20.0], [113276.0, 20.0], [113276.5, 9510.0], [113277.0, 20.0], [113277.5, 20.0], [113278.0, 104100.0], [113278.5, 242880.0], [113279.5, 21010.0], [113280.0, 250.0]]}}}
{"jsonrpc": "2.0", "method": "subscription", "params": {"channel": "book.BTC-PERPETUAL.none.20.100ms", "data": {"timestamp": 1758763329452, "change_id": 118574282969, "instrument_name": "BTC-PERPETUAL", "bids": [[113260.0, 456330.0], [113257.5, 17570.0], [113257.0, 40000.0], [113256.5, 1220.0], [113256.0, 20000.0], [113251.0, 7810.0], [113250.5, 26520.0], [113250.0, 36840.0], [113248.5, 25090.0], [113248.0, 40500.0], [113247.5, 40000.0], [113245.0, 71790.0], [113244.5, 450.0], [113244.0, 250.0], [113242.5, 5720.0], [113241.5, 192400.0], [113241.0, 250.0], [113240.5, 250.0], [113240.0, 16940.0], [113238.0, 31460.0]], "asks": [[113260.5, 188110.0], [113267.0, 5720.0], [113269.5, 250.0], [113270.0, 20.0], [113271.0, 250.0], [113271.5, 7560.0], [113272.0, 50190.0], [113273.0, 250.0], [113273.5, 34450.0], [113274.0, 50500.0], [113274.5, 55000.0], [113275.5, 20.0], [113276.0, 20.0], [113276.5, 270.0], [113277.0, 20.0], [113277.5, 20.0], [113278.0, 104100.0], [113278.5, 242880.0], [113280.0, 250.0], [113281.5, 250.0]]}}}
{"jsonrpc": "2.0", "method": "subscription", "params": {"channel": "book.BTC-PERPETUAL.none.20.100ms", "data": {"timestamp": 1758763329777, "change_id": 118574283427, "instrument_name": "BTC-PERPETUAL", "bids": [[113260.0, 456330.0], [113256.5, 1220.0], [113250.5, 27650.0], [113250.0, 20.0], [113249.0, 26500.0], [113248.5, 25090.0], [113248.0, 40500.0], [113247.5, 40000.0], [113245.0, 71790.0], [113244.5, 450.0], [113244.0, 250.0], [113242.5, 5720.0], [113241.5, 192400.0], [113241.0, 250.0], [113240.5, 250.0], [113240.0, 16940.0], [113238.0, 51050.0], [113237.5, 250.0], [113237.0, 133480.0], [113236.0, 9490.0]], "asks": [[113260.5, 209010.0], [113267.0, 5720.0], [113269.5, 250.0], [113270.0, 20.0], [113271.0, 250.0], [113271.5, 7560.0], [113272.0, 50190.0], [113273.0, 750.0], [113273.5, 34450.0], [113274.0, 50000.0], [113274.5, 55000.0], [113275.5, 20.0], [113276.0, 20.0], [113276.5, 270.0], [113277.0, 20.0], [113277.5, 20.0], [113278.0, 104100.0], [113278.5, 242880.0], [113280.0, 250.0], [113281.5, 250.0]]}}}
{"jsonrpc": "2.0", "method": "subscription", "params": {"channel": "book.BTC-PERPETUAL.none.20.100ms", "data": {"timestamp": 1758763330109, "change_id": 118574283806, "instrument_name": "BTC-PERPETUAL", "bids": [[113260.0, 456330.0], [113259.5, 6370.0], [113259.0, 20000.0], [113256.5, 1220.0], [113253.5, 12020.0], [113253.0, 40000.0], [113251.5, 250.0], [113251.0, 20.0], [113250.5, 27650.0], [113250.0, 20.0], [113249.5, 520.0], [113249.0, 26000.0], [113248.5, 25090.0], [113248.0, 500.0], [113247.5, 40000.0], [113245.0, 71790.0], [113244.5, 450.0], [113244.0, 250.0], [113242.5, 5720.0], [113241.5, 192400.0]], "asks": [[113260.5, 188110.0], [113267.0, 5720.0], [113269.5, 250.0], [113270.0, 20.0], [113270.5, 20.0], [113271.0, 270.0], [113271.5, 20.0], [113272.0, 50190.0], [113273.0, 250.0], [113273.5, 34950.0], [113274.0, 50000.0], [113274.5, 55000.0], [113276.5, 250.0], [113278.0, 104100.0], [113278.5, 242880.0], [113280.0, 250.0], [113281.5, 250.0], [113282.0, 9240.0], [113282.5, 11000.0], [113283.5, 52270.0]]}}}
{"jsonrpc": "2.0", "method": "subscription", "params": {"channel": "book.BTC-PERPETUAL.none.20.100ms", "data": {"timestamp": 1758763330445, "change_id": 118574284129, "instrument_name": "BTC-PERPETUAL", "bids": [[113260.0, 456330.0], [113259.0, 6370.0], [113258.5, 20000.0], [113256.5, 1220.0], [113251.5, 12510.0], [113251.0, 40020.0], [113250.5, 27650.0], [113250.0, 20.0], [113249.5, 520.0], [113249.0, 26000.0], [113248.5, 25090.0], [113248.0, 500.0], [113247.5, 40000.0], [113245.0, 71790.0], [113244.5, 450.0], [113244.0, 250.0], [113242.5, 5720.0], [113241.5, 192400.0], [113241.0, 250.0], [113240.5, 250.0]], "asks": [[113260.5, 188110.0], [113267.0, 5720.0], [113269.5, 250.0], [113271.0, 20.0], [113271.5, 20.0], [113272.0, 25190.0], [113273.0, 25750.0], [113273.5, 34450.0], [113274.0, 50000.0], [113274.5, 55000.0], [113276.5, 250.0], [113278.0, 104100.0], [113278.5, 242880.0], [113280.0, 250.0], [113281.5, 250.0], [113282.0, 9240.0], [113282.5, 11000.0], [113283.5, 52270.0], [113284.5, 28830.0], [113285.0, 21010.0]]}}}
{"jsonrpc": "2.0", "method": "subscription", "params": {"channel": "book.BTC-PERPETUAL.none.20.100ms", "data": {"timestamp": 1758763330779, "change_id": 118574284558, "instrument_name": "BTC-PERPETUAL", "bids": [[113260.0, 393590.0], [113259.5, 10000.0], [113257.0, 6370.0], [113256.5, 21220.0], [113251.5, 500.0], [113250.5, 27630.0], [113249.5, 40000.0], [113249.0, 26520.0], [113248.5, 25110.0], [113248.0, 500.0], [113247.5, 40000.0], [113245.0, 71790.0], [113244.5, 450.0], [113244.0, 250.0], [113242.5, 5720.0], [113241.5, 192400.0], [113241.0, 250.0], [113240.5, 250.0], [113240.0, 16940.0], [113238.0, 51050.0]], "asks": [[113260.5, 217560.0], [113267.0, 5720.0], [113268.0, 20.0], [113268.5, 20.0], [113269.0, 20.0], [113269.5, 270.0], [113270.0, 20.0], [113270.5, 20.0], [113271.0, 20.0], [113271.5, 20.0], [113272.0, 50190.0], [113272.5, 500.0], [113273.0, 250.0], [113273.5, 34450.0], [113274.0, 50000.0], [113274.5, 55000.0], [113276.5, 250.0], [113278.0, 104100.0], [113278.5, 242880.0], [113280.0, 250.0]]}}}
{"jsonrpc": "2.0", "method": "subscription", "params": {"channel": "book.BTC-PERPETUAL.none.20.100ms", "data": {"timestamp": 1758763331112, "change_id": 118574285202, "instrument_name": "BTC-PERPETUAL", "bids": [[113260.0, 400120.0], [113256.5, 1220.0], [113256.0, 3380.0], [113252.0, 11000.0], [113251.5, 250.0], [113249.0, 7830.0], [113248.5, 25090.0], [113248.0, 500.0], [113244.5, 14530.0], [113244.0, 250.0], [113243.0, 26500.0], [113242.5, 5720.0], [113241.0, 250.0], [113240.5, 250.0], [113240.0, 16940.0], [113238.0, 103890.0], [113237.5, 250.0], [113237.0, 325880.0], [113236.0, 250.0], [113235.5, 40000.0]], "asks": [[113260.5, 293660.0], [113264.5, 30000.0], [113265.0, 5720.0], [113266.5, 20.0], [113267.0, 20.0], [113267.5, 20.0], [113268.0, 20.0], [113268.5, 20.0], [113269.0, 28400.0], [113269.5, 50270.0], [113270.0, 25020.0], [113271.0, 500.0], [113272.0, 25190.0], [113272.5, 6300.0], [113273.0, 9490.0], [113276.5, 250.0], [113278.0, 115100.0], [113278.5, 242880.0], [113279.5, 21010.0], [113280.0, 250.0]]}}}
{"jsonrpc": "2.0", "method": "subscription", "params": {"channel": "book.BTC-PERPETUAL.none.20.100ms", "data": {"timestamp": 1758763331441, "change_id": 118574285603, "instrument_name": "BTC-PERPETUAL", "bids": [[113260.0, 389120.0], [113259.5, 6800.0], [113258.5, 3670.0], [113257.0, 11000.0], [113256.5, 1220.0], [113255.0, 12080.0], [113254.5, 40000.0], [113251.5, 250.0], [113249.5, 11000.0], [113249.0, 7830.0], [113248.5, 25090.0], [113248.0, 500.0], [113245.0, 500.0], [113244.5, 7620.0], [113244.0, 250.0], [113242.5, 5720.0], [113241.0, 250.0], [113240.5, 250.0], [113240.0, 16940.0], [113238.5, 26000.0]], "asks": [[113260.5, 293660.0], [113262.0, 5720.0], [113264.5, 30000.0], [113266.5, 20.0], [113267.0, 20.0], [113267.5, 20.0], [113268.0, 20.0], [113268.5, 20.0], [113269.0, 28400.0], [113269.5, 50270.0], [113270.0, 20.0], [113271.0, 9240.0], [113271.5, 500.0], [113272.0, 25190.0], [113273.0, 250.0], [113275.5, 7650.0], [113276.0, 25000.0], [113276.5, 250.0], [113277.5, 11000.0], [113278.0, 104100.0]]}}}
{"jsonrpc": "2.0", "method": "subscription", "params": {"channel": "book.BTC-PERPETUAL.none.20.100ms", "data": {"timestamp": 1758763331775, "change_id": 118574286091, "instrument_name": "BTC-PERPETUAL", "bids": [[113260.0, 440120.0], [113259.5, 6800.0], [113259.0, 15670.0], [113258.5, 40000.0], [113258.0, 11000.0], [113256.5, 1220.0], [113251.5, 250.0], [113251.0, 20.0], [113250.5, 20.0], [113250.0, 20.0], [113249.5, 15650.0], [113249.0, 26500.0], [113248.5, 25090.0], [113248.0, 500.0], [113244.5, 7620.0], [113244.0, 250.0], [113242.5, 5720.0], [113241.0, 250.0], [113240.5, 250.0], [113240.0, 16940.0]], "asks": [[113260.5, 185110.0], [113264.0, 38700.0], [113264.5, 30000.0], [113265.5, 5720.0], [113269.0, 28380.0], [113269.5, 50270.0], [113270.0, 20.0], [113270.5, 55000.0], [113272.0, 25190.0], [113273.0, 250.0], [113275.0, 500.0], [113275.5, 2920.0], [113276.5, 250.0], [113278.0, 113340.0], [113278.5, 242880.0], [113279.0, 25000.0], [113280.0, 250.0], [113281.5, 250.0], [113282.0, 51190.0], [113282.5, 32010.0]]}}}
{"jsonrpc": "2.0", "method": "subscription", "params": {"channel": "book.BTC-PERPETUAL.none.20.100ms", "data": {"timestamp": 1758763332092, "change_id": 118574286389, "instrument_name": "BTC-PERPETUAL", "bids": [[113260.0, 440120.0], [113259.5, 6800.0], [113257.5, 3670.0], [113257.0, 11000.0], [113256.5, 1220.0], [113251.5, 250.0], [113250.5, 20.0], [113250.0, 520.0], [113249.5, 15630.0], [113248.5, 25090.0], [113248.0, 500.0], [113245.0, 26000.0], [113244.5, 7620.0], [113244.0, 250.0], [113242.5, 5720.0], [113241.0, 250.0], [113240.5, 250.0], [113240.0, 16940.0], [113238.0, 103890.0], [113237.5, 250.0]], "asks": [[113260.5, 168110.0], [113261.5, 1300.0], [113264.0, 38700.0], [113264.5, 30000.0], [113265.5, 5720.0], [113268.0, 25000.0], [113268.5, 20.0], [113269.0, 20.0], [113269.5, 50270.0], [113270.0, 20.0], [113270.5, 55020.0], [113271.0, 20.0], [113271.5, 20.0], [113272.0, 25210.0], [113273.0, 250.0], [113276.5, 250.0], [113277.5, 3350.0], [113278.0, 113340.0], [113278.5, 242880.0], [113280.0, 250.0]]}}}
{"jsonrpc": "2.0", "method": "subscription", "params": {"channel": "book.BTC-PERPETUAL.none.20.100ms", "data": {"timestamp": 1758763332418, "change_id": 118574286885, "instrument_name": "BTC-PERPETUAL", "bids": [[113260.0, 452180.0], [113259.5, 19170.0], [113259.0, 40000.0], [113256.5, 1220.0], [113251.5, 250.0], [113251.0, 20.0], [113250.5, 20.0], [113250.0, 20.0], [113249.5, 15650.0], [113249.0, 26020.0], [113248.5, 25090.0], [113248.0, 500.0], [113244.5, 7420.0], [113244.0, 250.0], [113242.5, 5720.0], [113241.0, 250.0], [113240.5, 9490.0], [113240.0, 16940.0], [113238.0, 103890.0], [113237.5, 250.0]], "asks": [[113260.5, 69540.0], [113264.5, 30000.0], [113268.5, 25000.0], [113269.5, 8250.0], [113271.0, 5720.0], [113272.0, 12450.0], [113273.0, 250.0], [113275.5, 50000.0], [113276.5, 250.0], [113278.0, 104100.0], [113278.5, 242880.0], [113280.0, 250.0], [113281.5, 250.0], [113282.0, 51190.0], [113283.5, 67260.0], [113285.5, 250.0], [113286.5, 9940.0], [113287.0, 11250.0], [113287.5, 18360.0], [113288.0, 3050.0]]}}}
{"jsonrpc": "2.0", "method": "subscription", "params": {"channel": "book.BTC-PERPETUAL.none.20.100ms", "data": {"timestamp": 1758763332760, "change_id": 118574287567, "instrument_name": "BTC-PERPETUAL", "bids": [[113260.0, 530820.0], [113259.5, 19170.0], [113259.0, 40000.0], [113256.5, 1220.0], [113251.5, 250.0], [113251.0, 20.0], [113250.5, 15520.0], [113250.0, 26020.0], [113249.5, 20.0], [113249.0, 20.0], [113248.5, 25090.0], [113248.0, 500.0], [113244.5, 7420.0], [113244.0, 250.0], [113242.5, 5720.0], [113241.0, 250.0], [113240.5, 9490.0], [113240.0, 16940.0], [113238.0, 103890.0], [113237.5, 250.0]], "asks": [[113260.5, 76490.0], [113272.0, 12450.0], [113273.0, 250.0], [113273.5, 248530.0], [113274.0, 50000.0], [113275.5, 25000.0], [113276.5, 250.0], [113278.0, 250.0], [113280.0, 55250.0], [113281.5, 250.0], [113283.5, 66460.0], [113285.5, 11250.0], [113286.0, 9240.0], [113286.5, 200.0], [113287.0, 11750.0], [113287.5, 18360.0], [113289.5, 250.0], [113290.5, 138960.0], [113291.0, 192400.0], [113291.5, 21010.0]]}}}
{"jsonrpc": "2.0", "method": "subscription", "params": {"channel": "book.BTC-PERPETUAL.none.20.100ms", "data": {"timestamp": 1758763333097, "change_id": 118574287895, "instrument_name": "BTC-PERPETUAL", "bids": [[113260.0, 530840.0], [113259.5, 19190.0], [113259.0, 40020.0], [113258.5, 20.0], [113258.0, 20.0], [113257.5, 20.0], [113257.0, 26000.0], [113256.5, 1220.0], [113255.5, 20.0], [113255.0, 20.0], [113254.5, 20.0], [113254.0, 20.0], [113253.5, 20.0], [113251.5, 250.0], [113251.0, 20.0], [113250.5, 15500.0], [113248.5, 25090.0], [113248.0, 500.0], [113244.5, 7420.0], [113244.0, 250.0]], "asks": [[113260.5, 68460.0], [113269.5, 8000.0], [113273.0, 250.0], [113273.5, 30720.0], [113274.0, 50000.0], [113276.5, 250.0], [113278.0, 250.0], [113280.0, 55250.0], [113281.5, 250.0], [113283.5, 66460.0], [113285.0, 500.0], [113285.5, 250.0], [113286.0, 9240.0], [113286.5, 200.0], [113287.0, 250.0], [113287.5, 18360.0], [113289.5, 250.0], [113290.0, 11000.0], [113290.5, 81240.0], [113291.5, 21010.0]]}}}
{"jsonrpc": "2.0", "method": "subscription", "params": {"channel": "book.BTC-PERPETUAL.none.20.100ms", "data": {"timestamp": 1758763333423, "change_id": 118574288694, "instrument_name": "BTC-PERPETUAL", "bids": [[113260.0, 597840.0], [113259.5, 19190.0], [113259.0, 40020.0], [113258.5, 20.0], [113258.0, 20.0], [113257.5, 20.0], [113256.5, 1470.0], [113255.5, 250.0], [113251.5, 500.0], [113249.5, 9240.0], [113249.0, 18720.0], [113248.5, 25090.0], [113248.0, 500.0], [113247.5, 40000.0], [113244.5, 27630.0], [113244.0, 250.0], [113243.0, 61600.0], [113242.5, 5720.0], [113241.0, 250.0], [113240.5, 250.0]], "asks": [[113260.5, 67300.0], [113277.5, 8000.0], [113278.0, 25500.0], [113278.5, 224560.0], [113280.0, 50000.0], [113282.0, 6220.0], [113283.5, 51590.0], [113285.5, 250.0], [113287.0, 250.0], [113287.5, 12640.0], [113288.5, 27540.0], [113289.0, 118790.0], [113289.5, 55250.0], [113290.5, 250.0], [113294.0, 500.0], [113294.5, 130410.0], [113295.0, 33540.0], [113295.5, 192400.0], [113297.0, 11000.0], [113297.5, 11000.0]]}}}
{"jsonrpc": "2.0", "method": "subscription", "params": {"channel": "book.BTC-PERPETUAL.none.20.100ms", "data": {"timestamp": 1758763333750, "change_id": 118574289372, "instrument_name": "BTC-PERPETUAL", "bids": [[113260.0, 597660.0], [113259.5, 19170.0], [113259.0, 40000.0], [113256.5, 1220.0], [113255.5, 250.0], [113251.5, 500.0], [113249.0, 18720.0], [113248.5, 25090.0], [113248.0, 500.0], [113247.5, 40000.0], [113245.0, 9240.0], [113244.5, 5560.0], [113244.0, 250.0], [113242.5, 5720.0], [113241.0, 250.0], [113240.5, 250.0], [113240.0, 16940.0], [113238.5, 61600.0], [113238.0, 103890.0], [113237.5, 250.0]], "asks": [[113260.5, 67300.0], [113270.0, 8000.0], [113272.0, 12550.0], [113274.5, 250.0], [113276.5, 5720.0], [113277.5, 50000.0], [113278.0, 25500.0], [113278.5, 224560.0], [113280.5, 55000.0], [113282.0, 500.0], [113283.5, 51590.0], [113285.5, 250.0], [113287.0, 750.0], [113287.5, 12640.0], [113288.5, 27040.0], [113289.0, 117980.0], [113289.5, 250.0], [113290.5, 250.0], [113294.0, 500.0], [113294.5, 143170.0]]}}}
{"jsonrpc": "2.0", "method": "subscription", "params": {"channel": "book.BTC-PERPETUAL.none.20.100ms", "data": {"timestamp": 1758763334085, "change_id": 118574289688, "instrument_name": "BTC-PERPETUAL", "bids": [[113260.0, 597660.0], [113259.5, 19170.0], [113259.0, 40000.0], [113258.5, 20.0], [113258.0, 20.0], [113256.5, 1220.0], [113255.5, 250.0], [113251.5, 500.0], [113249.0, 18720.0], [113248.5, 25090.0], [113248.0, 500.0], [113247.5, 40000.0], [113245.0, 9240.0], [113244.5, 30170.0], [113244.0, 250.0], [113242.5, 5720.0], [113242.0, 78540.0], [113241.0, 250.0], [113240.5, 250.0], [113240.0, 16940.0]], "asks": [[113260.5, 67300.0], [113270.0, 8000.0], [113272.0, 12550.0], [113274.5, 250.0], [113276.5, 5720.0], [113277.5, 50000.0], [113278.0, 500.0], [113278.5, 249560.0], [113280.5, 55000.0], [113282.0, 500.0], [113283.5, 51590.0], [113285.5, 250.0], [113287.0, 750.0], [113287.5, 12640.0], [113288.5, 27040.0], [113289.0, 108740.0], [113289.5, 250.0], [113290.5, 250.0], [113293.5, 9240.0], [113294.0, 500.0]]}}}
