{"jsonrpc": "2.0", "id": 1, "result": ["book.BTC-PERPETUAL.none.20.100ms"], "usIn": 1772776936407245, "usOut": 1772776936407524, "usDiff": 279, "testnet": false}
{"jsonrpc": "2.0", "method": "subscription", "params": {"channel": "book.BTC-PERPETUAL.none.20.100ms", "data": {"timestamp": 1772776936403, "change_id": 143994697667, "instrument_name": "BTC-PERPETUAL", "bids": [[70428.5, 31770.0], [70427.0, 30.0], [70426.5, 49940.0], [70426.0, 2880.0], [70424.5, 10000.0], [70424.0, 12140.0], [70421.5, 6300.0], [70421.0, 21090.0], [70418.5, 26560.0], [70418.0, 14480.0], [70417.5, 74990.0], [70409.5, 3290.0], [70409.0, 3670.0], [70408.5, 7350.0], [70406.5, 5000.0], [70405.5, 6000.0], [70404.0, 12400.0], [70403.5, 50000.0], [70402.5, 1000.0], [70402.0, 3090.0]], "asks": [[70429.0, 2070.0], [70431.0, 200.0], [70432.0, 410.0], [70434.5, 10.0], [70435.5, 7340.0], [70436.0, 24580.0], [70438.5, 2170.0], [70442.5, 1640.0], [70443.0, 6000.0], [70445.5, 2500.0], [70446.0, 2880.0], [70448.0, 5500.0], [70450.0, 75020.0], [70450.5, 50000.0], [70451.0, 3640.0], [70452.5, 7290.0], [70453.0, 13000.0], [70453.5, 2360.0], [70459.0, 2210.0], [70459.5, 7310.0]]}}}
{"jsonrpc": "2.0", "method": "subscription", "params": {"channel": "book.BTC-PERPETUAL.none.20.100ms", "data": {"timestamp": 1772776936569, "change_id": 143994698017, "instrument_name": "BTC-PERPETUAL", "bids": [[70428.5, 32130.0], [70427.0, 30.0], [70426.5, 12990.0], [70426.0, 2880.0], [70425.0, 36950.0], [70424.5, 10490.0], [70424.0, 12140.0], [70421.5, 81290.0], [70421.0, 21090.0], [70420.0, 4180.0], [70419.5, 13990.0], [70413.5, 3160.0], [70409.5, 3290.0], [70409.0, 3670.0], [70408.5, 7350.0], [70406.5, 5000.0], [70405.5, 6000.0], [70404.0, 12400.0], [70403.5, 50000.0], [70402.5, 1000.0]], "asks": [[70429.0, 2070.0], [70431.0, 200.0], [70432.0, 410.0], [70434.5, 10.0], [70435.5, 7340.0], [70436.0, 24580.0], [70438.0, 1510.0], [70438.5, 2170.0], [70439.0, 500.0], [70441.0, 2880.0], [70442.0, 2140.0], [70442.5, 5500.0], [70444.5, 25280.0], [70447.5, 80520.0], [70450.5, 50000.0], [70451.0, 3640.0], [70452.0, 13000.0], [70452.5, 7290.0], [70453.5, 2360.0], [70456.5, 25000.0]]}}}
{"jsonrpc": "2.0", "method": "subscription", "params": {"channel": "book.BTC-PERPETUAL.none.20.100ms", "data": {"timestamp": 1772776936916, "change_id": 143994698531, "instrument_name": "BTC-PERPETUAL", "bids": [[70428.5, 51330.0], [70427.0, 30.0], [70426.5, 12990.0], [70426.0, 2880.0], [70425.0, 36950.0], [70424.0, 12140.0], [70421.5, 7380.0], [70421.0, 21090.0], [70415.0, 37320.0], [70414.5, 74990.0], [70413.5, 3160.0], [70409.5, 3290.0], [70409.0, 3670.0], [70408.5, 7350.0], [70406.5, 5000.0], [70405.5, 6000.0], [70404.0, 12400.0], [70402.0, 3090.0], [70401.0, 50000.0], [70400.0, 25500.0]], "asks": [[70429.0, 2340.0], [70431.0, 200.0], [70432.0, 410.0], [70434.5, 10.0], [70435.5, 7340.0], [70436.0, 24580.0], [70438.0, 1510.0], [70438.5, 2170.0], [70439.0, 500.0], [70440.5, 500.0], [70441.0, 6100.0], [70441.5, 9790.0], [70442.5, 1000.0], [70446.5, 5500.0], [70449.5, 5500.0], [70450.0, 75020.0], [70450.5, 50000.0], [70451.0, 3640.0], [70452.0, 13000.0], [70452.5, 7290.0]]}}}
{"jsonrpc": "2.0", "method": "subscription", "params": {"channel": "book.BTC-PERPETUAL.none.20.100ms", "data": {"timestamp": 1772776937238, "change_id": 143994699256, "instrument_name": "BTC-PERPETUAL", "bids": [[70428.5, 43660.0], [70427.0, 5530.0], [70426.0, 2880.0], [70424.5, 12990.0], [70424.0, 12140.0], [70422.0, 37440.0], [70421.5, 6890.0], [70421.0, 21090.0], [70420.0, 2000.0], [70416.5, 5120.0], [70414.0, 13990.0], [70413.5, 3160.0], [70409.5, 3290.0], [70409.0, 3670.0], [70408.5, 7350.0], [70406.5, 5000.0], [70405.5, 6000.0], [70404.5, 74990.0], [70404.0, 12400.0], [70402.0, 3090.0]], "asks": [[70429.0, 2790.0], [70431.0, 200.0], [70432.0, 410.0], [70434.5, 10.0], [70435.5, 7340.0], [70436.0, 24580.0], [70437.5, 500.0], [70438.0, 3110.0], [70438.5, 2170.0], [70439.0, 500.0], [70440.5, 5500.0], [70441.0, 6100.0], [70441.5, 9790.0], [70442.5, 1000.0], [70449.0, 13000.0], [70449.5, 80520.0], [70450.5, 50000.0], [70451.0, 3640.0], [70452.5, 7290.0], [70453.5, 27360.0]]}}}
{"jsonrpc": "2.0", "method": "subscription", "params": {"channel": "book.BTC-PERPETUAL.none.20.100ms", "data": {"timestamp": 1772776937566, "change_id": 143994699684, "instrument_name": "BTC-PERPETUAL", "bids": [[70428.5, 34370.0], [70427.0, 30.0], [70426.0, 2880.0], [70424.5, 5500.0], [70424.0, 2140.0], [70422.5, 12990.0], [70422.0, 37440.0], [70421.5, 6890.0], [70421.0, 21090.0], [70420.0, 2000.0], [70419.0, 26560.0], [70418.0, 74990.0], [70415.5, 5120.0], [70415.0, 13990.0], [70413.5, 3160.0], [70409.5, 3290.0], [70409.0, 3670.0], [70408.5, 7350.0], [70406.5, 5000.0], [70405.5, 6000.0]], "asks": [[70429.0, 3870.0], [70431.0, 200.0], [70432.0, 410.0], [70434.5, 10.0], [70435.5, 7340.0], [70436.0, 24580.0], [70437.5, 500.0], [70438.0, 3110.0], [70438.5, 2170.0], [70439.0, 500.0], [70440.5, 5500.0], [70441.0, 6100.0], [70441.5, 9790.0], [70442.5, 1000.0], [70446.0, 5520.0], [70448.0, 18500.0], [70448.5, 75020.0], [70450.5, 50000.0], [70451.0, 3640.0], [70452.0, 25000.0]]}}}
{"jsonrpc": "2.0", "method": "subscription", "params": {"channel": "book.BTC-PERPETUAL.none.20.100ms", "data": {"timestamp": 1772776937900, "change_id": 143994700113, "instrument_name": "BTC-PERPETUAL", "bids": [[70428.5, 48570.0], [70427.0, 30.0], [70426.5, 5500.0], [70426.0, 2880.0], [70424.0, 2140.0], [70422.5, 12990.0], [70422.0, 36950.0], [70421.5, 7380.0], [70421.0, 21090.0], [70420.0, 2000.0], [70417.0, 22380.0], [70416.5, 74990.0], [70415.5, 5120.0], [70415.0, 13990.0], [70413.5, 3160.0], [70409.5, 3290.0], [70409.0, 3670.0], [70408.5, 7350.0], [70406.5, 5000.0], [70405.5, 6000.0]], "asks": [[70429.0, 3760.0], [70431.0, 200.0], [70432.0, 410.0], [70434.5, 10.0], [70435.5, 7340.0], [70436.0, 24580.0], [70437.5, 500.0], [70438.0, 3110.0], [70438.5, 2170.0], [70439.0, 500.0], [70440.5, 5500.0], [70441.0, 6100.0], [70441.5, 9790.0], [70442.5, 1000.0], [70445.0, 24040.0], [70445.5, 80520.0], [70447.0, 13000.0], [70450.5, 50000.0], [70451.0, 3640.0], [70451.5, 25000.0]]}}}
{"jsonrpc": "2.0", "method": "subscription", "params": {"channel": "book.BTC-PERPETUAL.none.20.100ms", "data": {"timestamp": 1772776938232, "change_id": 143994700797, "instrument_name": "BTC-PERPETUAL", "bids": [[70428.5, 36470.0], [70427.0, 30.0], [70426.5, 5500.0], [70426.0, 2880.0], [70424.0, 2140.0], [70422.5, 12990.0], [70422.0, 37440.0], [70421.5, 6890.0], [70421.0, 21090.0], [70416.0, 27500.0], [70415.5, 74990.0], [70415.0, 13990.0], [70413.5, 3160.0], [70409.5, 3290.0], [70409.0, 3670.0], [70408.5, 7350.0], [70406.5, 5000.0], [70405.5, 6000.0], [70404.0, 12400.0], [70402.5, 16020.0]], "asks": [[70429.0, 3080.0], [70431.0, 200.0], [70432.0, 410.0], [70434.5, 10.0], [70435.5, 7340.0], [70436.0, 24580.0], [70437.5, 500.0], [70438.0, 3110.0], [70438.5, 2170.0], [70439.0, 500.0], [70441.0, 12830.0], [70441.5, 9790.0], [70442.5, 1000.0], [70444.0, 5500.0], [70449.0, 49750.0], [70449.5, 75020.0], [70450.0, 38000.0], [70450.5, 50000.0], [70451.0, 3640.0], [70452.5, 7290.0]]}}}
{"jsonrpc": "2.0", "method": "subscription", "params": {"channel": "book.BTC-PERPETUAL.none.20.100ms", "data": {"timestamp": 1772776938570, "change_id": 143994701210, "instrument_name": "BTC-PERPETUAL", "bids": [[70428.5, 36370.0], [70427.0, 30.0], [70426.5, 5500.0], [70426.0, 2880.0], [70424.0, 2140.0], [70423.0, 12990.0], [70422.0, 37440.0], [70421.5, 6890.0], [70421.0, 21090.0], [70418.0, 22380.0], [70417.5, 74990.0], [70415.5, 5120.0], [70415.0, 13990.0], [70413.5, 3160.0], [70409.5, 3290.0], [70409.0, 3670.0], [70408.5, 7350.0], [70406.5, 5000.0], [70405.5, 6000.0], [70404.0, 12400.0]], "asks": [[70429.0, 2950.0], [70431.0, 200.0], [70432.0, 410.0], [70434.5, 10.0], [70435.5, 7340.0], [70436.0, 24580.0], [70437.5, 500.0], [70438.0, 3110.0], [70438.5, 2170.0], [70439.0, 500.0], [70441.0, 11600.0], [70441.5, 9790.0], [70442.5, 1000.0], [70447.5, 3880.0], [70448.0, 88020.0], [70449.0, 5500.0], [70450.0, 25000.0], [70450.5, 50000.0], [70451.0, 3640.0], [70452.5, 7290.0]]}}}
{"jsonrpc": "2.0", "method": "subscription", "params": {"channel": "book.BTC-PERPETUAL.none.20.100ms", "data": {"timestamp": 1772776938895, "change_id": 143994701577, "instrument_name": "BTC-PERPETUAL", "bids": [[70428.5, 36370.0], [70427.0, 30.0], [70426.5, 5500.0], [70426.0, 2880.0], [70424.0, 2140.0], [70423.0, 12990.0], [70422.0, 37440.0], [70421.5, 6890.0], [70421.0, 21090.0], [70418.0, 22380.0], [70417.5, 74990.0], [70415.5, 5120.0], [70415.0, 13990.0], [70413.5, 3160.0], [70409.5, 3290.0], [70409.0, 3670.0], [70408.5, 7350.0], [70406.5, 5000.0], [70405.5, 6000.0], [70404.0, 12400.0]], "asks": [[70429.0, 3020.0], [70431.0, 200.0], [70432.0, 410.0], [70434.5, 10.0], [70435.5, 7340.0], [70436.0, 24580.0], [70437.5, 500.0], [70438.0, 3110.0], [70438.5, 2170.0], [70439.0, 500.0], [70441.0, 11600.0], [70441.5, 9790.0], [70442.5, 1000.0], [70445.5, 24040.0], [70448.0, 80520.0], [70449.5, 13000.0], [70450.0, 25000.0], [70450.5, 50000.0], [70451.0, 3640.0], [70452.5, 7290.0]]}}}
{"jsonrpc": "2.0", "method": "subscription", "params": {"channel": "book.BTC-PERPETUAL.none.20.100ms", "data": {"timestamp": 1772776939231, "change_id": 143994702272, "instrument_name": "BTC-PERPETUAL", "bids": [[70428.5, 52200.0], [70427.0, 30.0], [70426.5, 5500.0], [70426.0, 2880.0], [70424.0, 2140.0], [70423.0, 12990.0], [70422.5, 490.0], [70422.0, 36950.0], [70421.5, 6890.0], [70421.0, 21090.0], [70418.5, 22380.0], [70416.5, 74990.0], [70415.5, 5120.0], [70415.0, 13990.0], [70413.5, 3160.0], [70409.5, 3290.0], [70409.0, 3670.0], [70408.5, 7350.0], [70406.5, 5000.0], [70405.5, 6000.0]], "asks": [[70429.0, 2930.0], [70431.0, 200.0], [70432.0, 410.0], [70434.5, 10.0], [70435.5, 7340.0], [70436.0, 24580.0], [70437.5, 500.0], [70438.0, 3110.0], [70438.5, 2170.0], [70439.0, 500.0], [70441.0, 8380.0], [70441.5, 9790.0], [70442.5, 1000.0], [70444.0, 23830.0], [70444.5, 80520.0], [70449.5, 13000.0], [70450.0, 25000.0], [70450.5, 50000.0], [70451.0, 3640.0], [70452.5, 7290.0]]}}}
{"jsonrpc": "2.0", "method": "subscription", "params": {"channel": "book.BTC-PERPETUAL.none.20.100ms", "data": {"timestamp": 1772776939535, "change_id": 143994702699, "instrument_name": "BTC-PERPETUAL", "bids": [[70428.5, 49690.0], [70427.0, 30.0], [70426.0, 2880.0], [70424.5, 5500.0], [70424.0, 2140.0], [70423.5, 490.0], [70423.0, 12990.0], [70422.0, 36950.0], [70421.5, 6890.0], [70421.0, 21090.0], [70417.0, 22380.0], [70416.5, 74990.0], [70415.5, 5120.0], [70415.0, 13990.0], [70413.5, 3160.0], [70409.5, 3290.0], [70409.0, 3670.0], [70408.5, 7350.0], [70406.5, 5000.0], [70405.5, 6000.0]], "asks": [[70429.0, 3100.0], [70431.0, 200.0], [70432.0, 410.0], [70434.5, 10.0], [70435.5, 7340.0], [70436.0, 24580.0], [70438.0, 3610.0], [70438.5, 2170.0], [70439.0, 500.0], [70441.0, 11600.0], [70441.5, 9790.0], [70442.5, 1000.0], [70448.5, 5500.0], [70449.0, 75020.0], [70449.5, 13000.0], [70450.0, 25000.0], [70450.5, 50000.0], [70451.0, 3640.0], [70452.5, 7290.0], [70453.5, 2360.0]]}}}
{"jsonrpc": "2.0", "method": "subscription", "params": {"channel": "book.BTC-PERPETUAL.none.20.100ms", "data": {"timestamp": 1772776939886, "change_id": 143994703152, "instrument_name": "BTC-PERPETUAL", "bids": [[70428.5, 26520.0], [70427.0, 30.0], [70426.5, 5500.0], [70426.0, 2880.0], [70424.0, 2140.0], [70423.5, 5500.0], [70423.0, 12990.0], [70421.5, 7380.0], [70421.0, 21090.0], [70420.0, 2000.0], [70419.0, 11030.0], [70418.5, 36950.0], [70416.0, 27500.0], [70415.5, 74990.0], [70415.0, 13990.0], [70413.5, 3160.0], [70409.5, 3290.0], [70409.0, 3670.0], [70408.5, 7350.0], [70406.5, 5000.0]], "asks": [[70429.0, 12530.0], [70431.0, 200.0], [70432.0, 410.0], [70434.5, 10.0], [70435.5, 7340.0], [70436.0, 24580.0], [70437.5, 3800.0], [70438.5, 7670.0], [70441.0, 2880.0], [70441.5, 9790.0], [70442.0, 5500.0], [70442.5, 1000.0], [70449.0, 75020.0], [70449.5, 38000.0], [70450.5, 50000.0], [70451.0, 3640.0], [70452.5, 7290.0], [70453.5, 2360.0], [70458.5, 6600.0], [70459.0, 39180.0]]}}}
{"jsonrpc": "2.0", "method": "subscription", "params": {"channel": "book.BTC-PERPETUAL.none.20.100ms", "data": {"timestamp": 1772776940198, "change_id": 143994703662, "instrument_name": "BTC-PERPETUAL", "bids": [[70428.5, 28390.0], [70428.0, 6000.0], [70427.0, 30.0], [70426.5, 5500.0], [70426.0, 2880.0], [70424.0, 12140.0], [70423.5, 5500.0], [70422.5, 500.0], [70422.0, 12990.0], [70421.5, 6890.0], [70421.0, 21090.0], [70419.0, 11030.0], [70418.5, 36950.0], [70416.0, 27500.0], [70415.5, 74990.0], [70415.0, 13990.0], [70413.5, 3160.0], [70409.5, 3290.0], [70409.0, 3670.0], [70408.5, 7350.0]], "asks": [[70429.0, 3100.0], [70431.0, 200.0], [70432.0, 410.0], [70434.5, 10.0], [70435.5, 7340.0], [70436.0, 24580.0], [70437.5, 3300.0], [70438.0, 500.0], [70438.5, 7670.0], [70441.0, 8380.0], [70441.5, 9790.0], [70442.5, 1000.0], [70448.5, 51410.0], [70449.0, 75020.0], [70450.5, 50000.0], [70451.0, 3640.0], [70452.5, 7290.0], [70453.5, 2360.0], [70458.5, 6600.0], [70459.0, 39180.0]]}}}
{"jsonrpc": "2.0", "method": "subscription", "params": {"channel": "book.BTC-PERPETUAL.none.20.100ms", "data": {"timestamp": 1772776940555, "change_id": 143994704328, "instrument_name": "BTC-PERPETUAL", "bids": [[70428.5, 30670.0], [70428.0, 6000.0], [70427.0, 30.0], [70424.5, 5500.0], [70424.0, 12140.0], [70423.5, 5500.0], [70422.5, 500.0], [70422.0, 12990.0], [70421.5, 6890.0], [70421.0, 21090.0], [70419.0, 11030.0], [70418.5, 36950.0], [70417.0, 74990.0], [70416.0, 27500.0], [70415.0, 13990.0], [70413.5, 3160.0], [70409.5, 3290.0], [70409.0, 3670.0], [70408.5, 7350.0], [70406.5, 5000.0]], "asks": [[70429.0, 3000.0], [70431.0, 200.0], [70432.0, 2710.0], [70434.5, 10.0], [70435.5, 7340.0], [70436.0, 24580.0], [70437.0, 500.0], [70437.5, 5500.0], [70438.5, 2670.0], [70441.0, 5500.0], [70441.5, 9790.0], [70442.5, 1000.0], [70444.0, 22390.0], [70444.5, 78900.0], [70445.0, 13000.0], [70450.5, 50000.0], [70451.0, 3640.0], [70452.5, 7290.0], [70453.5, 2360.0], [70457.0, 25000.0]]}}}
{"jsonrpc": "2.0", "method": "subscription", "params": {"channel": "book.BTC-PERPETUAL.none.20.100ms", "data": {"timestamp": 1772776940885, "change_id": 143994704696, "instrument_name": "BTC-PERPETUAL", "bids": [[70428.5, 30670.0], [70428.0, 6000.0], [70427.0, 30.0], [70424.5, 5500.0], [70424.0, 12140.0], [70423.5, 5500.0], [70422.0, 13490.0], [70421.5, 6890.0], [70421.0, 21090.0], [70419.0, 11030.0], [70418.5, 36950.0], [70416.5, 74990.0], [70416.0, 5120.0], [70415.0, 13990.0], [70413.5, 3160.0], [70409.5, 3290.0], [70409.0, 3670.0], [70408.5, 7350.0], [70406.5, 5000.0], [70405.5, 6000.0]], "asks": [[70429.0, 15380.0], [70431.0, 200.0], [70432.0, 2710.0], [70434.5, 10.0], [70435.5, 7340.0], [70436.0, 24580.0], [70437.0, 500.0], [70437.5, 4080.0], [70438.5, 2670.0], [70440.5, 5500.0], [70441.0, 8720.0], [70441.5, 9790.0], [70442.5, 1000.0], [70449.5, 75020.0], [70450.0, 13000.0], [70450.5, 50000.0], [70451.0, 3640.0], [70451.5, 25000.0], [70452.5, 7290.0], [70453.5, 2360.0]]}}}
{"jsonrpc": "2.0", "method": "subscription", "params": {"channel": "book.BTC-PERPETUAL.none.20.100ms", "data": {"timestamp": 1772776941205, "change_id": 143994705163, "instrument_name": "BTC-PERPETUAL", "bids": [[70428.5, 30670.0], [70428.0, 6000.0], [70427.0, 30.0], [70424.5, 11000.0], [70424.0, 12140.0], [70422.0, 13490.0], [70421.5, 6890.0], [70421.0, 21090.0], [70419.0, 11030.0], [70418.5, 36950.0], [70416.5, 74990.0], [70416.0, 5120.0], [70415.0, 13990.0], [70413.5, 3160.0], [70409.5, 3290.0], [70409.0, 3670.0], [70408.5, 7350.0], [70406.5, 5000.0], [70405.5, 6000.0], [70404.5, 18630.0]], "asks": [[70429.0, 15820.0], [70431.0, 200.0], [70432.0, 2710.0], [70434.5, 10.0], [70435.5, 7340.0], [70436.0, 24580.0], [70437.0, 500.0], [70437.5, 4080.0], [70438.0, 5500.0], [70438.5, 2670.0], [70441.0, 8720.0], [70441.5, 9790.0], [70442.5, 1000.0], [70448.0, 49750.0], [70449.5, 75020.0], [70450.0, 38000.0], [70450.5, 50000.0], [70451.0, 3640.0], [70452.5, 7290.0], [70453.5, 2360.0]]}}}
{"jsonrpc": "2.0", "method": "subscription", "params": {"channel": "book.BTC-PERPETUAL.none.20.100ms", "data": {"timestamp": 1772776941536, "change_id": 143994705652, "instrument_name": "BTC-PERPETUAL", "bids": [[70428.5, 30670.0], [70428.0, 6000.0], [70427.0, 30.0], [70424.5, 11000.0], [70424.0, 12140.0], [70422.0, 13490.0], [70421.5, 6890.0], [70421.0, 21090.0], [70419.0, 11030.0], [70418.5, 36950.0], [70416.5, 74990.0], [70416.0, 5120.0], [70415.0, 13990.0], [70413.5, 3160.0], [70409.5, 3290.0], [70409.0, 3670.0], [70408.5, 7350.0], [70406.5, 5000.0], [70405.5, 6000.0], [70404.5, 18630.0]], "asks": [[70429.0, 15820.0], [70431.0, 200.0], [70432.0, 2710.0], [70434.5, 10.0], [70435.5, 7340.0], [70436.0, 24580.0], [70437.0, 500.0], [70437.5, 4080.0], [70438.0, 5500.0], [70438.5, 2670.0], [70441.0, 8720.0], [70441.5, 9790.0], [70442.5, 1000.0], [70446.0, 26270.0], [70446.5, 75020.0], [70448.0, 13000.0], [70450.0, 25000.0], [70450.5, 50000.0], [70451.0, 3640.0], [70452.5, 7290.0]]}}}
{"jsonrpc": "2.0", "method": "subscription", "params": {"channel": "book.BTC-PERPETUAL.none.20.100ms", "data": {"timestamp": 1772776941876, "change_id": 143994705888, "instrument_name": "BTC-PERPETUAL", "bids": [[70428.5, 30590.0], [70428.0, 6000.0], [70427.0, 30.0], [70424.5, 11000.0], [70424.0, 12140.0], [70422.0, 13490.0], [70421.5, 6890.0], [70421.0, 21090.0], [70419.0, 32000.0], [70418.5, 36950.0], [70416.5, 74990.0], [70416.0, 5120.0], [70415.0, 13990.0], [70413.5, 3160.0], [70409.5, 3290.0], [70409.0, 3670.0], [70408.5, 7350.0], [70406.5, 5000.0], [70405.5, 6000.0], [70404.5, 18630.0]], "asks": [[70429.0, 6160.0], [70431.0, 200.0], [70432.0, 2710.0], [70434.5, 10.0], [70435.5, 7340.0], [70436.0, 24580.0], [70437.0, 500.0], [70437.5, 4080.0], [70438.0, 5500.0], [70438.5, 2670.0], [70441.0, 30700.0], [70441.5, 9790.0], [70442.5, 1000.0], [70444.5, 75020.0], [70445.5, 3880.0], [70446.0, 13000.0], [70450.0, 25000.0], [70450.5, 50000.0], [70451.0, 3640.0], [70452.5, 7290.0]]}}}
{"jsonrpc": "2.0", "method": "subscription", "params": {"channel": "book.BTC-PERPETUAL.none.20.100ms", "data": {"timestamp": 1772776942206, "change_id": 143994706526, "instrument_name": "BTC-PERPETUAL", "bids": [[70428.5, 24080.0], [70427.0, 30.0], [70425.0, 6600.0], [70424.5, 11000.0], [70424.0, 2140.0], [70423.5, 10000.0], [70422.0, 500.0], [70421.5, 19880.0], [70421.0, 21090.0], [70419.5, 36950.0], [70417.5, 20970.0], [70416.5, 74990.0], [70416.0, 5120.0], [70415.0, 13990.0], [70413.5, 3160.0], [70409.5, 3290.0], [70409.0, 3670.0], [70408.5, 7350.0], [70406.5, 5000.0], [70405.5, 6000.0]], "asks": [[70429.0, 6160.0], [70431.0, 200.0], [70432.0, 2710.0], [70434.5, 10.0], [70435.5, 7340.0], [70436.0, 24580.0], [70437.0, 500.0], [70437.5, 3770.0], [70438.0, 5500.0], [70438.5, 2670.0], [70441.0, 30700.0], [70441.5, 9790.0], [70442.5, 1000.0], [70444.5, 78900.0], [70445.0, 13000.0], [70449.0, 23470.0], [70449.5, 25000.0], [70450.5, 50000.0], [70451.0, 3640.0], [70452.5, 7290.0]]}}}
{"jsonrpc": "2.0", "method": "subscription", "params": {"channel": "book.BTC-PERPETUAL.none.20.100ms", "data": {"timestamp": 1772776942526, "change_id": 143994707063, "instrument_name": "BTC-PERPETUAL", "bids": [[70428.5, 30780.0], [70427.0, 30.0], [70424.5, 11000.0], [70424.0, 2140.0], [70422.0, 500.0], [70421.5, 19880.0], [70421.0, 21090.0], [70419.0, 36950.0], [70417.0, 74990.0], [70416.0, 5120.0], [70415.0, 13990.0], [70413.5, 3160.0], [70409.5, 3290.0], [70409.0, 3670.0], [70408.5, 7350.0], [70406.5, 5000.0], [70405.5, 6000.0], [70404.5, 18630.0], [70404.0, 12400.0], [70402.5, 50000.0]], "asks": [[70429.0, 5990.0], [70431.0, 200.0], [70432.0, 2710.0], [70434.5, 10.0], [70435.5, 7340.0], [70436.0, 24580.0], [70437.0, 500.0], [70437.5, 3770.0], [70438.0, 5500.0], [70438.5, 2670.0], [70441.0, 8720.0], [70441.5, 9790.0], [70442.5, 1000.0], [70448.5, 75020.0], [70449.0, 23470.0], [70449.5, 38000.0], [70450.5, 50000.0], [70451.0, 3640.0], [70452.5, 7290.0], [70453.5, 2360.0]]}}}
{"jsonrpc": "2.0", "method": "subscription", "params": {"channel": "book.BTC-PERPETUAL.none.20.100ms", "data": {"timestamp": 1772776942863, "change_id": 143994707328, "instrument_name": "BTC-PERPETUAL", "bids": [[70428.5, 30790.0], [70427.0, 30.0], [70424.5, 11000.0], [70424.0, 2140.0], [70421.5, 20380.0], [70421.0, 21090.0], [70418.0, 32000.0], [70417.5, 36950.0], [70416.5, 74990.0], [70416.0, 5120.0], [70415.0, 13990.0], [70413.5, 3160.0], [70409.5, 3290.0], [70409.0, 3670.0], [70408.5, 7350.0], [70406.5, 5000.0], [70405.5, 6000.0], [70404.5, 18630.0], [70404.0, 12400.0], [70402.5, 50000.0]], "asks": [[70429.0, 5990.0], [70431.0, 200.0], [70432.0, 2710.0], [70434.5, 10.0], [70435.5, 7340.0], [70436.0, 24580.0], [70437.0, 500.0], [70437.5, 3770.0], [70438.0, 5500.0], [70438.5, 2670.0], [70441.0, 8720.0], [70441.5, 9790.0], [70442.5, 1000.0], [70445.5, 26270.0], [70446.0, 75020.0], [70447.5, 13000.0], [70449.0, 23470.0], [70449.5, 25000.0], [70450.5, 50000.0], [70451.0, 3640.0]]}}}
{"jsonrpc": "2.0", "method": "subscription", "params": {"channel": "book.BTC-PERPETUAL.none.20.100ms", "data": {"timestamp": 1772776943194, "change_id": 143994707917, "instrument_name": "BTC-PERPETUAL", "bids": [[70428.5, 30790.0], [70427.0, 30.0], [70424.5, 11000.0], [70424.0, 2140.0], [70421.5, 20380.0], [70421.0, 21090.0], [70419.0, 11030.0], [70418.5, 36950.0], [70416.0, 26850.0], [70415.5, 74990.0], [70415.0, 13990.0], [70413.5, 3160.0], [70409.5, 3290.0], [70409.0, 3670.0], [70408.5, 7350.0], [70406.5, 5000.0], [70405.5, 6000.0], [70404.5, 18630.0], [70404.0, 12400.0], [70402.5, 50000.0]], "asks": [[70429.0, 6090.0], [70431.0, 200.0], [70432.0, 2710.0], [70432.5, 440.0], [70434.5, 10.0], [70435.5, 7340.0], [70436.0, 24580.0], [70437.0, 500.0], [70437.5, 3770.0], [70438.0, 5500.0], [70438.5, 2670.0], [70441.0, 30700.0], [70441.5, 9790.0], [70442.5, 1000.0], [70444.0, 75020.0], [70448.5, 13000.0], [70449.0, 23470.0], [70449.5, 25000.0], [70450.5, 50000.0], [70451.0, 3640.0]]}}}
{"jsonrpc": "2.0", "method": "subscription", "params": {"channel": "book.BTC-PERPETUAL.none.20.100ms", "data": {"timestamp": 1772776943532, "change_id": 143994708441, "instrument_name": "BTC-PERPETUAL", "bids": [[70428.5, 30780.0], [70427.0, 30.0], [70424.5, 5500.0], [70424.0, 2140.0], [70422.5, 500.0], [70422.0, 5500.0], [70421.5, 19880.0], [70421.0, 21090.0], [70419.0, 11030.0], [70418.5, 36950.0], [70417.0, 74990.0], [70416.5, 26850.0], [70415.0, 13990.0], [70413.5, 3160.0], [70409.5, 3290.0], [70409.0, 3670.0], [70408.5, 7350.0], [70406.5, 5000.0], [70405.5, 6000.0], [70404.5, 18630.0]], "asks": [[70429.0, 15530.0], [70431.0, 200.0], [70432.0, 2710.0], [70432.5, 440.0], [70434.5, 10.0], [70435.5, 7340.0], [70436.0, 24580.0], [70437.0, 500.0], [70437.5, 3770.0], [70438.0, 5500.0], [70438.5, 2670.0], [70441.0, 34140.0], [70441.5, 9790.0], [70442.5, 1000.0], [70444.0, 75020.0], [70447.0, 3880.0], [70447.5, 13000.0], [70449.0, 23470.0], [70449.5, 25000.0], [70450.5, 50000.0]]}}}
{"jsonrpc": "2.0", "method": "subscription", "params": {"channel": "book.BTC-PERPETUAL.none.20.100ms", "data": {"timestamp": 1772776943863, "change_id": 143994708714, "instrument_name": "BTC-PERPETUAL", "bids": [[70428.5, 30710.0], [70427.0, 30.0], [70425.0, 10000.0], [70424.5, 11000.0], [70424.0, 2140.0], [70422.5, 500.0], [70421.5, 19880.0], [70421.0, 21090.0], [70419.0, 32000.0], [70418.5, 36950.0], [70417.0, 74990.0], [70416.5, 5120.0], [70415.0, 13990.0], [70413.5, 3160.0], [70409.5, 3290.0], [70409.0, 3670.0], [70408.5, 7350.0], [70406.5, 5000.0], [70405.5, 6000.0], [70404.5, 18630.0]], "asks": [[70429.0, 15500.0], [70431.0, 200.0], [70432.0, 2710.0], [70432.5, 440.0], [70434.5, 10.0], [70435.5, 7340.0], [70436.0, 24580.0], [70437.0, 500.0], [70437.5, 3770.0], [70438.0, 5500.0], [70438.5, 2670.0], [70441.0, 5500.0], [70441.5, 9790.0], [70442.5, 1000.0], [70445.5, 26270.0], [70446.0, 75020.0], [70446.5, 13000.0], [70449.0, 23470.0], [70449.5, 25000.0], [70451.0, 3640.0]]}}}
{"jsonrpc": "2.0", "method": "subscription", "params": {"channel": "book.BTC-PERPETUAL.none.20.100ms", "data": {"timestamp": 1772776944191, "change_id": 143994709310, "instrument_name": "BTC-PERPETUAL", "bids": [[70428.5, 30790.0], [70427.0, 30.0], [70425.0, 10000.0], [70424.5, 11000.0], [70424.0, 2140.0], [70422.0, 500.0], [70421.5, 19880.0], [70421.0, 21090.0], [70419.0, 11030.0], [70418.5, 36950.0], [70416.5, 26850.0], [70415.5, 74990.0], [70415.0, 13990.0], [70413.5, 3160.0], [70409.5, 3290.0], [70409.0, 3670.0], [70408.5, 7350.0], [70406.5, 5000.0], [70405.5, 6000.0], [70404.5, 18630.0]], "asks": [[70429.0, 15510.0], [70431.0, 200.0], [70432.0, 2710.0], [70432.5, 440.0], [70434.5, 10.0], [70435.5, 7340.0], [70436.0, 24580.0], [70437.0, 500.0], [70437.5, 3770.0], [70438.0, 5500.0], [70438.5, 2670.0], [70441.0, 5500.0], [70441.5, 9790.0], [70442.5, 1000.0], [70443.5, 22390.0], [70444.0, 75020.0], [70448.5, 13000.0], [70449.0, 23470.0], [70449.5, 25000.0], [70451.0, 3640.0]]}}}
{"jsonrpc": "2.0", "method": "subscription", "params": {"channel": "book.BTC-PERPETUAL.none.20.100ms", "data": {"timestamp": 1772776944524, "change_id": 143994709946, "instrument_name": "BTC-PERPETUAL", "bids": [[70428.5, 61920.0], [70428.0, 6000.0], [70427.0, 30.0], [70426.5, 10000.0], [70425.5, 36950.0], [70425.0, 500.0], [70424.5, 18490.0], [70422.0, 21200.0], [70421.5, 74990.0], [70421.0, 90.0], [70419.5, 4180.0], [70417.0, 13990.0], [70413.5, 3160.0], [70409.5, 3290.0], [70409.0, 3670.0], [70408.5, 7350.0], [70406.5, 5000.0], [70405.5, 6000.0], [70405.0, 25000.0], [70404.5, 18630.0]], "asks": [[70429.0, 3630.0], [70431.0, 200.0], [70432.0, 2710.0], [70432.5, 440.0], [70434.5, 10.0], [70435.5, 7340.0], [70436.0, 24580.0], [70438.5, 2170.0], [70441.0, 500.0], [70441.5, 5500.0], [70442.5, 1000.0], [70445.0, 22390.0], [70446.0, 5500.0], [70446.5, 8440.0], [70448.0, 75020.0], [70450.5, 13000.0], [70451.0, 3640.0], [70452.0, 2880.0], [70452.5, 7290.0], [70453.0, 50000.0]]}}}
{"jsonrpc": "2.0", "method": "subscription", "params": {"channel": "book.BTC-PERPETUAL.none.20.100ms", "data": {"timestamp": 1772776944854, "change_id": 143994710276, "instrument_name": "BTC-PERPETUAL", "bids": [[70428.5, 95500.0], [70428.0, 6000.0], [70427.0, 30.0], [70426.0, 13480.0], [70423.5, 36950.0], [70422.5, 22410.0], [70422.0, 74990.0], [70421.0, 90.0], [70414.5, 5120.0], [70414.0, 13990.0], [70413.5, 3160.0], [70409.5, 19290.0], [70409.0, 3670.0], [70408.5, 7350.0], [70406.5, 5000.0], [70406.0, 50000.0], [70405.5, 31000.0], [70404.0, 12400.0], [70402.5, 1790.0], [70402.0, 4090.0]], "asks": [[70429.0, 3620.0], [70431.0, 200.0], [70432.0, 410.0], [70432.5, 440.0], [70434.5, 10.0], [70435.5, 7340.0], [70436.0, 26880.0], [70438.5, 2170.0], [70441.5, 2240.0], [70442.0, 6000.0], [70442.5, 1000.0], [70445.0, 2520.0], [70446.5, 8440.0], [70449.5, 5500.0], [70451.0, 78660.0], [70451.5, 13000.0], [70452.0, 2880.0], [70452.5, 7290.0], [70453.5, 2360.0], [70454.5, 50000.0]]}}}
{"jsonrpc": "2.0", "method": "subscription", "params": {"channel": "book.BTC-PERPETUAL.none.20.100ms", "data": {"timestamp": 1772776945183, "change_id": 143994710938, "instrument_name": "BTC-PERPETUAL", "bids": [[70428.5, 95500.0], [70428.0, 6000.0], [70427.0, 490.0], [70426.5, 36950.0], [70426.0, 12990.0], [70422.0, 22410.0], [70421.5, 74990.0], [70421.0, 90.0], [70420.0, 4180.0], [70419.5, 13990.0], [70413.5, 3160.0], [70409.5, 19290.0], [70409.0, 3670.0], [70408.5, 7350.0], [70406.5, 5000.0], [70406.0, 50000.0], [70405.5, 31000.0], [70404.0, 12400.0], [70402.5, 1790.0], [70402.0, 4090.0]], "asks": [[70429.0, 2050.0], [70431.0, 200.0], [70432.0, 410.0], [70432.5, 440.0], [70434.5, 10.0], [70435.5, 7340.0], [70436.0, 26880.0], [70438.5, 2170.0], [70441.5, 2740.0], [70442.0, 5500.0], [70442.5, 1000.0], [70446.0, 2520.0], [70446.5, 8440.0], [70450.5, 5500.0], [70451.0, 78660.0], [70451.5, 13000.0], [70452.0, 2880.0], [70452.5, 7290.0], [70453.5, 2360.0], [70454.5, 50000.0]]}}}
{"jsonrpc": "2.0", "method": "subscription", "params": {"channel": "book.BTC-PERPETUAL.none.20.100ms", "data": {"timestamp": 1772776945515, "change_id": 143994711529, "instrument_name": "BTC-PERPETUAL", "bids": [[70428.5, 95400.0], [70428.0, 6000.0], [70427.5, 12990.0], [70427.0, 490.0], [70422.0, 22410.0], [70421.5, 125930.0], [70421.0, 90.0], [70413.5, 3160.0], [70409.5, 19290.0], [70409.0, 3670.0], [70408.5, 7350.0], [70406.5, 5000.0], [70406.0, 62950.0], [70405.5, 31000.0], [70404.0, 12400.0], [70402.5, 1790.0], [70402.0, 4090.0], [70401.0, 2300.0], [70400.0, 500.0], [70399.5, 90.0]], "asks": [[70429.0, 2050.0], [70431.0, 200.0], [70432.0, 410.0], [70432.5, 440.0], [70434.5, 10.0], [70435.5, 7340.0], [70436.0, 26880.0], [70438.5, 2170.0], [70442.0, 6000.0], [70442.5, 1000.0], [70444.5, 500.0], [70446.0, 2520.0], [70446.5, 8440.0], [70450.0, 80520.0], [70451.0, 3640.0], [70451.5, 13000.0], [70452.0, 2880.0], [70452.5, 7290.0], [70453.5, 2360.0], [70454.5, 50000.0]]}}}
{"jsonrpc": "2.0", "method": "subscription", "params": {"channel": "book.BTC-PERPETUAL.none.20.100ms", "data": {"timestamp": 1772776945844, "change_id": 143994711863, "instrument_name": "BTC-PERPETUAL", "bids": [[70428.5, 89820.0], [70428.0, 6000.0], [70426.0, 55440.0], [70425.5, 10000.0], [70422.5, 490.0], [70421.0, 90.0], [70415.0, 37320.0], [70414.5, 74990.0], [70413.5, 3160.0], [70409.5, 3290.0], [70409.0, 3670.0], [70408.5, 7350.0], [70406.5, 5000.0], [70406.0, 12950.0], [70405.5, 6000.0], [70404.5, 50000.0], [70404.0, 12400.0], [70402.5, 1790.0], [70402.0, 4090.0], [70401.0, 2300.0]], "asks": [[70429.0, 2830.0], [70431.0, 200.0], [70432.0, 410.0], [70432.5, 440.0], [70434.5, 10.0], [70435.5, 7340.0], [70436.0, 26880.0], [70438.5, 2170.0], [70441.5, 500.0], [70442.0, 5500.0], [70442.5, 1000.0], [70444.5, 500.0], [70445.5, 26060.0], [70446.0, 80520.0], [70446.5, 8440.0], [70450.5, 13000.0], [70451.0, 3640.0], [70452.0, 2880.0], [70452.5, 7290.0], [70453.5, 2360.0]]}}}
{"jsonrpc": "2.0", "method": "subscription", "params": {"channel": "book.BTC-PERPETUAL.none.20.100ms", "data": {"timestamp": 1772776946176, "change_id": 143994712481, "instrument_name": "BTC-PERPETUAL", "bids": [[70428.5, 95400.0], [70428.0, 6000.0], [70426.0, 50430.0], [70425.5, 10000.0], [70421.0, 90.0], [70417.5, 22380.0], [70417.0, 88980.0], [70413.5, 3160.0], [70409.5, 3290.0], [70409.0, 3670.0], [70408.5, 7350.0], [70406.5, 5000.0], [70406.0, 12950.0], [70405.5, 6000.0], [70404.5, 50000.0], [70404.0, 12400.0], [70402.5, 1790.0], [70402.0, 4090.0], [70401.0, 2300.0], [70400.0, 500.0]], "asks": [[70429.0, 2840.0], [70431.0, 200.0], [70432.0, 410.0], [70432.5, 440.0], [70434.5, 10.0], [70435.5, 7340.0], [70436.0, 26880.0], [70438.5, 2170.0], [70441.0, 500.0], [70441.5, 2090.0], [70442.0, 5500.0], [70442.5, 1000.0], [70444.5, 500.0], [70445.5, 2520.0], [70446.5, 8440.0], [70450.0, 5500.0], [70451.0, 78660.0], [70451.5, 13000.0], [70452.0, 2880.0], [70452.5, 7290.0]]}}}
{"jsonrpc": "2.0", "method": "subscription", "params": {"channel": "book.BTC-PERPETUAL.none.20.100ms", "data": {"timestamp": 1772776946501, "change_id": 143994713060, "instrument_name": "BTC-PERPETUAL", "bids": [[70428.5, 95820.0], [70428.0, 6000.0], [70426.5, 12990.0], [70426.0, 36950.0], [70425.5, 10000.0], [70421.0, 90.0], [70419.5, 26030.0], [70419.0, 88980.0], [70413.5, 3160.0], [70409.5, 3290.0], [70409.0, 3670.0], [70408.5, 7350.0], [70406.5, 5000.0], [70406.0, 12950.0], [70405.5, 6000.0], [70404.5, 50000.0], [70404.0, 12400.0], [70402.5, 1790.0], [70402.0, 4090.0], [70401.0, 2300.0]], "asks": [[70429.0, 2870.0], [70431.0, 200.0], [70432.0, 410.0], [70432.5, 440.0], [70434.5, 10.0], [70435.5, 7340.0], [70436.0, 26880.0], [70438.5, 2170.0], [70441.5, 2090.0], [70442.0, 5500.0], [70442.5, 1000.0], [70444.5, 500.0], [70445.0, 500.0], [70445.5, 2520.0], [70446.5, 8440.0], [70450.0, 80520.0], [70451.0, 3640.0], [70451.5, 13000.0], [70452.0, 2880.0], [70452.5, 7290.0]]}}}
{"jsonrpc": "2.0", "method": "subscription", "params": {"channel": "book.BTC-PERPETUAL.none.20.100ms", "data": {"timestamp": 1772776946832, "change_id": 143994713354, "instrument_name": "BTC-PERPETUAL", "bids": [[70428.5, 95400.0], [70428.0, 6000.0], [70427.0, 500.0], [70426.5, 12990.0], [70426.0, 36950.0], [70425.5, 10000.0], [70421.0, 34820.0], [70420.5, 74990.0], [70420.0, 13990.0], [70413.5, 3160.0], [70409.5, 3290.0], [70409.0, 3670.0], [70408.5, 7350.0], [70406.5, 5000.0], [70406.0, 12950.0], [70405.5, 6000.0], [70404.5, 50000.0], [70404.0, 12400.0], [70402.5, 1790.0], [70402.0, 4090.0]], "asks": [[70429.0, 2080.0], [70431.0, 200.0], [70432.0, 410.0], [70432.5, 440.0], [70434.5, 10.0], [70435.5, 7340.0], [70436.0, 26880.0], [70438.5, 2170.0], [70441.5, 2590.0], [70442.0, 5500.0], [70442.5, 1000.0], [70444.5, 500.0], [70445.5, 3840.0], [70446.0, 5500.0], [70446.5, 8440.0], [70450.0, 13000.0], [70451.0, 78660.0], [70452.0, 2880.0], [70452.5, 7290.0], [70453.5, 2360.0]]}}}
{"jsonrpc": "2.0", "method": "subscription", "params": {"channel": "book.BTC-PERPETUAL.none.20.100ms", "data": {"timestamp": 1772776947155, "change_id": 143994713918, "instrument_name": "BTC-PERPETUAL", "bids": [[70428.5, 89900.0], [70428.0, 6000.0], [70427.5, 5500.0], [70427.0, 500.0], [70426.5, 12990.0], [70425.5, 10000.0], [70422.5, 36950.0], [70422.0, 74990.0], [70421.0, 90.0], [70415.5, 5120.0], [70415.0, 13990.0], [70413.5, 3160.0], [70409.5, 3290.0], [70409.0, 3670.0], [70408.5, 7350.0], [70406.5, 5000.0], [70406.0, 12950.0], [70405.5, 6000.0], [70404.5, 50000.0], [70404.0, 12400.0]], "asks": [[70429.0, 2110.0], [70431.0, 200.0], [70432.0, 410.0], [70432.5, 440.0], [70434.5, 10.0], [70435.5, 7340.0], [70436.0, 26880.0], [70438.5, 2170.0], [70441.5, 2590.0], [70442.0, 5500.0], [70442.5, 1000.0], [70444.5, 500.0], [70445.5, 3840.0], [70446.0, 5500.0], [70446.5, 8440.0], [70449.5, 75020.0], [70450.0, 13000.0], [70451.0, 3640.0], [70452.0, 2880.0], [70452.5, 7290.0]]}}}
{"jsonrpc": "2.0", "method": "subscription", "params": {"channel": "book.BTC-PERPETUAL.none.20.100ms", "data": {"timestamp": 1772776947477, "change_id": 143994714560, "instrument_name": "BTC-PERPETUAL", "bids": [[70428.5, 89900.0], [70428.0, 6000.0], [70427.0, 5500.0], [70426.5, 12990.0], [70425.5, 10000.0], [70423.0, 37440.0], [70421.0, 90.0], [70420.0, 26030.0], [70417.0, 74990.0], [70416.5, 13990.0], [70413.5, 3160.0], [70409.5, 3290.0], [70409.0, 3670.0], [70408.5, 7350.0], [70406.5, 5000.0], [70406.0, 18760.0], [70405.5, 6000.0], [70404.5, 50000.0], [70404.0, 12400.0], [70402.5, 1790.0]], "asks": [[70429.0, 2110.0], [70431.0, 200.0], [70432.0, 410.0], [70432.5, 440.0], [70434.5, 10.0], [70435.5, 7340.0], [70436.0, 26880.0], [70438.5, 2170.0], [70441.0, 500.0], [70441.5, 2090.0], [70442.0, 5500.0], [70442.5, 1000.0], [70444.5, 27050.0], [70445.0, 75020.0], [70446.0, 5500.0], [70446.5, 8440.0], [70450.0, 13000.0], [70451.0, 3640.0], [70452.0, 2880.0], [70452.5, 7290.0]]}}}
{"jsonrpc": "2.0", "method": "subscription", "params": {"channel": "book.BTC-PERPETUAL.none.20.100ms", "data": {"timestamp": 1772776947830, "change_id": 143994714945, "instrument_name": "BTC-PERPETUAL", "bids": [[70428.5, 89900.0], [70428.0, 6000.0], [70427.0, 5500.0], [70426.5, 12990.0], [70425.5, 10000.0], [70424.0, 37440.0], [70421.0, 90.0], [70416.0, 23330.0], [70415.5, 13990.0], [70414.5, 74990.0], [70413.5, 3160.0], [70409.5, 3290.0], [70409.0, 3670.0], [70408.5, 7350.0], [70406.5, 5000.0], [70406.0, 18760.0], [70405.5, 6000.0], [70404.5, 50000.0], [70404.0, 12400.0], [70402.5, 1790.0]], "asks": [[70429.0, 2050.0], [70431.0, 200.0], [70432.0, 410.0], [70432.5, 440.0], [70434.5, 10.0], [70435.5, 7340.0], [70436.0, 26880.0], [70438.5, 2170.0], [70441.0, 500.0], [70441.5, 2090.0], [70442.0, 5500.0], [70442.5, 1000.0], [70444.5, 27050.0], [70446.0, 80520.0], [70446.5, 8440.0], [70450.0, 13000.0], [70451.0, 3640.0], [70452.0, 2880.0], [70452.5, 7290.0], [70453.5, 2360.0]]}}}
{"jsonrpc": "2.0", "method": "subscription", "params": {"channel": "book.BTC-PERPETUAL.none.20.100ms", "data": {"timestamp": 1772776948156, "change_id": 143994715457, "instrument_name": "BTC-PERPETUAL", "bids": [[70428.5, 89900.0], [70428.0, 6000.0], [70427.0, 5500.0], [70426.5, 12990.0], [70425.5, 10000.0], [70425.0, 37440.0], [70421.0, 90.0], [70420.0, 26560.0], [70417.0, 74990.0], [70416.5, 13990.0], [70413.5, 3160.0], [70409.5, 3290.0], [70409.0, 3670.0], [70408.5, 7350.0], [70406.5, 5000.0], [70406.0, 18760.0], [70405.5, 6000.0], [70404.5, 50000.0], [70404.0, 12400.0], [70402.5, 1790.0]], "asks": [[70429.0, 2040.0], [70431.0, 200.0], [70432.0, 410.0], [70432.5, 440.0], [70434.5, 10.0], [70435.5, 7340.0], [70436.0, 26880.0], [70438.5, 2170.0], [70440.0, 500.0], [70441.5, 2090.0], [70442.0, 5500.0], [70442.5, 1000.0], [70444.5, 27050.0], [70446.0, 80520.0], [70446.5, 8440.0], [70450.0, 13000.0], [70451.0, 3640.0], [70452.0, 2880.0], [70452.5, 7290.0], [70453.5, 2360.0]]}}}
{"jsonrpc": "2.0", "method": "subscription", "params": {"channel": "book.BTC-PERPETUAL.none.20.100ms", "data": {"timestamp": 1772776948488, "change_id": 143994716054, "instrument_name": "BTC-PERPETUAL", "bids": [[70428.5, 89820.0], [70428.0, 6000.0], [70427.0, 5500.0], [70426.5, 12990.0], [70425.5, 10000.0], [70421.0, 37530.0], [70418.5, 22380.0], [70418.0, 88980.0], [70413.5, 3160.0], [70409.5, 3290.0], [70409.0, 3670.0], [70408.5, 7350.0], [70406.5, 5000.0], [70406.0, 18760.0], [70405.5, 6000.0], [70404.5, 50000.0], [70404.0, 12400.0], [70402.5, 1790.0], [70402.0, 4090.0], [70401.0, 2300.0]], "asks": [[70429.0, 2040.0], [70431.0, 200.0], [70432.0, 410.0], [70432.5, 440.0], [70434.5, 10.0], [70435.5, 7340.0], [70436.0, 26880.0], [70438.0, 2440.0], [70438.5, 2170.0], [70440.5, 5500.0], [70441.0, 500.0], [70442.5, 1000.0], [70444.5, 27050.0], [70446.0, 80520.0], [70446.5, 8440.0], [70450.0, 13000.0], [70451.0, 3640.0], [70452.0, 2880.0], [70452.5, 7290.0], [70453.5, 2360.0]]}}}
{"jsonrpc": "2.0", "method": "subscription", "params": {"channel": "book.BTC-PERPETUAL.none.20.100ms", "data": {"timestamp": 1772776948819, "change_id": 143994716358, "instrument_name": "BTC-PERPETUAL", "bids": [[70428.5, 89900.0], [70428.0, 6000.0], [70427.0, 5500.0], [70426.5, 12990.0], [70426.0, 36950.0], [70425.5, 10000.0], [70422.0, 490.0], [70421.0, 90.0], [70420.5, 22380.0], [70420.0, 79310.0], [70418.0, 13990.0], [70413.5, 3160.0], [70409.5, 3290.0], [70409.0, 3670.0], [70408.5, 7350.0], [70406.5, 5000.0], [70406.0, 18760.0], [70405.5, 6000.0], [70404.5, 50000.0], [70404.0, 12400.0]], "asks": [[70429.0, 2080.0], [70431.0, 200.0], [70432.0, 410.0], [70432.5, 440.0], [70434.5, 10.0], [70435.5, 7340.0], [70436.0, 26880.0], [70438.5, 2170.0], [70441.0, 500.0], [70441.5, 2090.0], [70442.0, 5500.0], [70442.5, 1000.0], [70444.5, 27050.0], [70446.0, 80520.0], [70446.5, 8440.0], [70450.0, 13000.0], [70451.0, 3640.0], [70452.0, 2880.0], [70452.5, 7290.0], [70453.5, 2360.0]]}}}
{"jsonrpc": "2.0", "method": "subscription", "params": {"channel": "book.BTC-PERPETUAL.none.20.100ms", "data": {"timestamp": 1772776949155, "change_id": 143994716885, "instrument_name": "BTC-PERPETUAL", "bids": [[70428.5, 89900.0], [70428.0, 6000.0], [70427.0, 5500.0], [70426.5, 12990.0], [70425.5, 10000.0], [70422.0, 11200.0], [70421.5, 36950.0], [70421.0, 90.0], [70420.5, 75480.0], [70420.0, 26010.0], [70418.0, 13990.0], [70413.5, 3160.0], [70409.5, 3290.0], [70409.0, 3670.0], [70408.5, 7350.0], [70406.5, 5000.0], [70406.0, 18760.0], [70405.5, 6000.0], [70404.5, 50000.0], [70404.0, 12400.0]], "asks": [[70429.0, 1940.0], [70431.0, 200.0], [70432.0, 410.0], [70432.5, 440.0], [70434.5, 10.0], [70435.5, 7340.0], [70436.0, 26880.0], [70438.5, 2170.0], [70441.0, 500.0], [70441.5, 2090.0], [70442.0, 5500.0], [70442.5, 1000.0], [70444.5, 27050.0], [70446.0, 80520.0], [70446.5, 8440.0], [70451.0, 3640.0], [70451.5, 13000.0], [70452.0, 2880.0], [70452.5, 7290.0], [70453.5, 2360.0]]}}}
{"jsonrpc": "2.0", "method": "subscription", "params": {"channel": "book.BTC-PERPETUAL.none.20.100ms", "data": {"timestamp": 1772776949460, "change_id": 143994717446, "instrument_name": "BTC-PERPETUAL", "bids": [[70428.5, 95400.0], [70428.0, 6000.0], [70426.5, 12990.0], [70426.0, 36950.0], [70425.5, 10000.0], [70423.0, 490.0], [70421.0, 90.0], [70420.0, 26030.0], [70419.5, 74990.0], [70419.0, 13990.0], [70413.5, 3160.0], [70409.5, 3290.0], [70409.0, 3670.0], [70408.5, 7350.0], [70406.5, 5000.0], [70406.0, 18760.0], [70405.5, 6000.0], [70404.5, 50000.0], [70404.0, 12400.0], [70402.5, 1790.0]], "asks": [[70429.0, 2070.0], [70431.0, 200.0], [70432.0, 410.0], [70432.5, 440.0], [70434.5, 10.0], [70435.5, 7340.0], [70436.0, 26880.0], [70438.5, 2170.0], [70441.0, 500.0], [70441.5, 2090.0], [70442.0, 5500.0], [70442.5, 1000.0], [70444.5, 27050.0], [70446.0, 80520.0], [70446.5, 8440.0], [70451.0, 3640.0], [70451.5, 13000.0], [70452.0, 2880.0], [70452.5, 7290.0], [70453.5, 2360.0]]}}}
{"jsonrpc": "2.0", "method": "subscription", "params": {"channel": "book.BTC-PERPETUAL.none.20.100ms", "data": {"timestamp": 1772776949817, "change_id": 143994717911, "instrument_name": "BTC-PERPETUAL", "bids": [[70428.5, 38260.0], [70428.0, 6000.0], [70426.0, 5500.0], [70424.0, 22990.0], [70422.5, 21000.0], [70422.0, 37440.0], [70421.0, 90.0], [70414.5, 5120.0], [70414.0, 13990.0], [70413.5, 3160.0], [70409.5, 3290.0], [70409.0, 3670.0], [70408.5, 7350.0], [70406.5, 79990.0], [70406.0, 18760.0], [70405.5, 6000.0], [70404.5, 50000.0], [70404.0, 12400.0], [70402.5, 1790.0], [70402.0, 4090.0]], "asks": [[70429.0, 5100.0], [70431.0, 200.0], [70432.0, 410.0], [70432.5, 440.0], [70434.5, 10.0], [70435.5, 7340.0], [70436.0, 26880.0], [70438.0, 2790.0], [70438.5, 2170.0], [70440.5, 5500.0], [70441.5, 24220.0], [70442.5, 1000.0], [70444.0, 80520.0], [70444.5, 500.0], [70445.5, 2520.0], [70446.5, 8440.0], [70450.0, 13000.0], [70451.0, 3640.0], [70452.0, 2880.0], [70452.5, 7290.0]]}}}
{"jsonrpc": "2.0", "method": "subscription", "params": {"channel": "book.BTC-PERPETUAL.none.20.100ms", "data": {"timestamp": 1772776950139, "change_id": 143994718498, "instrument_name": "BTC-PERPETUAL", "bids": [[70428.5, 61820.0], [70428.0, 6000.0], [70425.5, 10000.0], [70425.0, 5500.0], [70424.5, 50440.0], [70421.0, 90.0], [70419.5, 26560.0], [70419.0, 74990.0], [70418.0, 13990.0], [70413.5, 3160.0], [70409.5, 3290.0], [70409.0, 3670.0], [70408.5, 7350.0], [70406.5, 5000.0], [70406.0, 18760.0], [70405.5, 6000.0], [70404.0, 12400.0], [70403.0, 50000.0], [70402.5, 1790.0], [70402.0, 4090.0]], "asks": [[70429.0, 4960.0], [70431.0, 200.0], [70432.0, 410.0], [70432.5, 440.0], [70434.5, 10.0], [70435.5, 7340.0], [70436.0, 26880.0], [70440.5, 500.0], [70441.5, 2770.0], [70442.0, 5500.0], [70442.5, 1000.0], [70443.0, 2270.0], [70444.5, 27050.0], [70445.0, 80520.0], [70446.5, 8440.0], [70450.0, 13000.0], [70451.0, 3640.0], [70452.0, 2880.0], [70452.5, 7290.0], [70453.5, 2360.0]]}}}
{"jsonrpc": "2.0", "method": "subscription", "params": {"channel": "book.BTC-PERPETUAL.none.20.100ms", "data": {"timestamp": 1772776950475, "change_id": 143994719076, "instrument_name": "BTC-PERPETUAL", "bids": [[70428.5, 40910.0], [70428.0, 6000.0], [70426.5, 12990.0], [70425.0, 5500.0], [70424.5, 37440.0], [70424.0, 10000.0], [70423.0, 21000.0], [70421.0, 90.0], [70420.0, 26560.0], [70419.5, 74990.0], [70418.0, 13990.0], [70413.5, 3160.0], [70409.5, 3290.0], [70409.0, 3670.0], [70408.5, 7350.0], [70406.5, 5000.0], [70406.0, 18760.0], [70405.5, 6000.0], [70404.0, 12400.0], [70403.0, 50000.0]], "asks": [[70429.0, 5060.0], [70431.0, 200.0], [70432.0, 410.0], [70432.5, 440.0], [70433.0, 500.0], [70434.5, 10.0], [70435.5, 7340.0], [70436.0, 26880.0], [70440.0, 1790.0], [70440.5, 5500.0], [70441.0, 500.0], [70442.0, 1130.0], [70442.5, 1000.0], [70443.0, 2270.0], [70444.5, 500.0], [70445.5, 26060.0], [70446.0, 80520.0], [70446.5, 8440.0], [70450.0, 13000.0], [70451.0, 3640.0]]}}}
{"jsonrpc": "2.0", "method": "subscription", "params": {"channel": "book.BTC-PERPETUAL.none.20.100ms", "data": {"timestamp": 1772776950810, "change_id": 143994719734, "instrument_name": "BTC-PERPETUAL", "bids": [[70428.5, 7200.0], [70424.5, 16600.0], [70424.0, 5500.0], [70423.0, 2240.0], [70422.5, 5500.0], [70422.0, 21000.0], [70421.0, 90.0], [70419.5, 2500.0], [70415.0, 16000.0], [70414.5, 111940.0], [70414.0, 12990.0], [70413.5, 3160.0], [70409.0, 11530.0], [70408.5, 7350.0], [70407.0, 13990.0], [70406.5, 5000.0], [70406.0, 5810.0], [70405.5, 6000.0], [70404.0, 12400.0], [70402.5, 1790.0]], "asks": [[70429.0, 14380.0], [70429.5, 2300.0], [70431.0, 200.0], [70432.0, 410.0], [70432.5, 440.0], [70433.0, 500.0], [70433.5, 2270.0], [70434.5, 10.0], [70435.0, 500.0], [70435.5, 7340.0], [70436.0, 24580.0], [70437.0, 5500.0], [70439.0, 2640.0], [70439.5, 5500.0], [70443.5, 22390.0], [70444.0, 88020.0], [70446.0, 2520.0], [70446.5, 8440.0], [70448.5, 25000.0], [70450.0, 50000.0]]}}}
{"jsonrpc": "2.0", "method": "subscription", "params": {"channel": "book.BTC-PERPETUAL.none.20.100ms", "data": {"timestamp": 1772776951132, "change_id": 143994720339, "instrument_name": "BTC-PERPETUAL", "bids": [[70428.5, 7290.0], [70424.5, 10000.0], [70423.5, 6600.0], [70423.0, 2240.0], [70422.5, 5500.0], [70422.0, 21000.0], [70421.0, 90.0], [70420.5, 5500.0], [70419.5, 2000.0], [70416.0, 12990.0], [70415.5, 12470.0], [70414.5, 36950.0], [70413.5, 3160.0], [70412.0, 26560.0], [70410.0, 74990.0], [70409.5, 18770.0], [70409.0, 3670.0], [70408.5, 7350.0], [70406.5, 5000.0], [70406.0, 5810.0]], "asks": [[70429.0, 15220.0], [70429.5, 2300.0], [70431.0, 200.0], [70432.0, 410.0], [70432.5, 440.0], [70433.0, 1000.0], [70433.5, 2270.0], [70434.5, 10.0], [70435.5, 12840.0], [70436.0, 24580.0], [70437.5, 5500.0], [70439.0, 1000.0], [70441.5, 26280.0], [70442.0, 88020.0], [70447.5, 7460.0], [70448.0, 25000.0], [70450.0, 50000.0], [70451.0, 3640.0], [70452.0, 6600.0], [70452.5, 7290.0]]}}}
{"jsonrpc": "2.0", "method": "subscription", "params": {"channel": "book.BTC-PERPETUAL.none.20.100ms", "data": {"timestamp": 1772776951471, "change_id": 143994721004, "instrument_name": "BTC-PERPETUAL", "bids": [[70428.5, 7390.0], [70424.0, 21000.0], [70423.5, 6600.0], [70423.0, 2240.0], [70421.0, 10090.0], [70420.5, 500.0], [70419.5, 2000.0], [70417.0, 49940.0], [70416.5, 21000.0], [70415.5, 32830.0], [70415.0, 74990.0], [70414.0, 13990.0], [70413.5, 3160.0], [70409.5, 4780.0], [70409.0, 3670.0], [70408.5, 7350.0], [70406.5, 5000.0], [70406.0, 5810.0], [70405.5, 6000.0], [70404.0, 12400.0]], "asks": [[70429.0, 15210.0], [70429.5, 2300.0], [70431.0, 200.0], [70432.0, 410.0], [70432.5, 440.0], [70433.0, 500.0], [70433.5, 2270.0], [70434.5, 10.0], [70435.0, 500.0], [70435.5, 7340.0], [70436.0, 24580.0], [70438.0, 3580.0], [70438.5, 11000.0], [70439.0, 1000.0], [70441.5, 500.0], [70442.5, 13000.0], [70443.0, 75020.0], [70445.5, 33740.0], [70447.5, 25000.0], [70449.5, 16010.0]]}}}
{"jsonrpc": "2.0", "method": "subscription", "params": {"channel": "book.BTC-PERPETUAL.none.20.100ms", "data": {"timestamp": 1772776951777, "change_id": 143994721351, "instrument_name": "BTC-PERPETUAL", "bids": [[70428.5, 7490.0], [70424.0, 15500.0], [70423.5, 12100.0], [70423.0, 2240.0], [70421.0, 10090.0], [70420.0, 500.0], [70419.5, 2000.0], [70417.5, 21180.0], [70417.0, 49940.0], [70416.5, 21000.0], [70413.5, 3160.0], [70411.0, 26560.0], [70410.5, 74990.0], [70410.0, 13990.0], [70409.5, 4780.0], [70409.0, 3670.0], [70408.5, 7350.0], [70406.5, 5000.0], [70406.0, 5810.0], [70405.5, 6000.0]], "asks": [[70429.0, 43400.0], [70429.5, 2300.0], [70431.0, 200.0], [70432.0, 410.0], [70432.5, 440.0], [70433.0, 500.0], [70433.5, 2270.0], [70434.5, 10.0], [70435.0, 500.0], [70435.5, 7340.0], [70436.0, 24580.0], [70438.0, 25520.0], [70438.5, 11000.0], [70439.0, 1000.0], [70441.0, 75020.0], [70441.5, 500.0], [70445.0, 11340.0], [70446.5, 13000.0], [70447.5, 25000.0], [70449.5, 16010.0]]}}}
{"jsonrpc": "2.0", "method": "subscription", "params": {"channel": "book.BTC-PERPETUAL.none.20.100ms", "data": {"timestamp": 1772776952127, "change_id": 143994721888, "instrument_name": "BTC-PERPETUAL", "bids": [[70428.5, 7580.0], [70424.5, 5500.0], [70424.0, 15500.0], [70423.5, 6600.0], [70423.0, 2240.0], [70421.0, 90.0], [70420.0, 500.0], [70419.5, 2000.0], [70418.0, 36950.0], [70417.0, 12990.0], [70416.5, 21000.0], [70414.0, 23330.0], [70413.5, 78150.0], [70410.5, 4180.0], [70410.0, 13990.0], [70409.5, 4780.0], [70409.0, 3670.0], [70408.5, 7350.0], [70406.5, 5000.0], [70406.0, 5810.0]], "asks": [[70429.0, 43300.0], [70429.5, 2300.0], [70431.0, 200.0], [70432.0, 410.0], [70432.5, 440.0], [70433.0, 500.0], [70433.5, 2270.0], [70434.5, 10.0], [70435.0, 500.0], [70435.5, 7340.0], [70436.0, 24580.0], [70437.5, 11000.0], [70438.0, 3150.0], [70439.0, 10560.0], [70441.5, 22890.0], [70442.0, 75020.0], [70443.5, 13000.0], [70447.0, 7460.0], [70447.5, 25000.0], [70449.5, 16010.0]]}}}
{"jsonrpc": "2.0", "method": "subscription", "params": {"channel": "book.BTC-PERPETUAL.none.20.100ms", "data": {"timestamp": 1772776952463, "change_id": 143994722418, "instrument_name": "BTC-PERPETUAL", "bids": [[70428.5, 7520.0], [70424.5, 5500.0], [70424.0, 10000.0], [70423.5, 12100.0], [70423.0, 2240.0], [70421.0, 90.0], [70420.0, 500.0], [70419.5, 2000.0], [70418.0, 36950.0], [70417.0, 12990.0], [70416.5, 21000.0], [70413.5, 3160.0], [70411.0, 26560.0], [70410.5, 74990.0], [70410.0, 13990.0], [70409.5, 4780.0], [70409.0, 3670.0], [70408.5, 7350.0], [70406.5, 5000.0], [70406.0, 5810.0]], "asks": [[70429.0, 44070.0], [70429.5, 2300.0], [70431.0, 200.0], [70432.0, 410.0], [70432.5, 440.0], [70433.0, 500.0], [70433.5, 2270.0], [70434.5, 10.0], [70435.0, 500.0], [70435.5, 7340.0], [70436.0, 24580.0], [70437.5, 5500.0], [70438.0, 4790.0], [70438.5, 5500.0], [70439.0, 10560.0], [70441.5, 26270.0], [70442.0, 75020.0], [70442.5, 13000.0], [70447.0, 7460.0], [70447.5, 25000.0]]}}}
{"jsonrpc": "2.0", "method": "subscription", "params": {"channel": "book.BTC-PERPETUAL.none.20.100ms", "data": {"timestamp": 1772776952793, "change_id": 143994722913, "instrument_name": "BTC-PERPETUAL", "bids": [[70428.5, 7530.0], [70424.0, 10000.0], [70423.5, 17600.0], [70423.0, 2240.0], [70421.5, 10000.0], [70421.0, 90.0], [70420.0, 500.0], [70419.5, 2000.0], [70417.5, 49940.0], [70416.5, 21000.0], [70413.5, 3160.0], [70413.0, 26030.0], [70411.5, 74990.0], [70410.0, 13990.0], [70409.5, 4780.0], [70409.0, 3670.0], [70408.5, 7350.0], [70406.5, 5000.0], [70406.0, 5810.0], [70405.5, 6000.0]], "asks": [[70429.0, 15870.0], [70429.5, 2300.0], [70431.0, 200.0], [70432.0, 410.0], [70432.5, 440.0], [70433.0, 500.0], [70433.5, 2270.0], [70434.5, 10.0], [70435.0, 500.0], [70435.5, 7340.0], [70436.0, 24580.0], [70437.5, 5500.0], [70438.0, 4890.0], [70438.5, 5500.0], [70439.0, 10560.0], [70441.0, 25780.0], [70444.0, 88020.0], [70446.0, 7460.0], [70447.0, 25000.0], [70450.0, 50000.0]]}}}
{"jsonrpc": "2.0", "method": "subscription", "params": {"channel": "book.BTC-PERPETUAL.none.20.100ms", "data": {"timestamp": 1772776953127, "change_id": 143994723451, "instrument_name": "BTC-PERPETUAL", "bids": [[70428.5, 7460.0], [70424.0, 10000.0], [70423.5, 17600.0], [70423.0, 2240.0], [70421.5, 10000.0], [70421.0, 90.0], [70420.0, 500.0], [70419.5, 2000.0], [70417.5, 49940.0], [70416.5, 21000.0], [70413.5, 3160.0], [70413.0, 26030.0], [70410.5, 74990.0], [70410.0, 13990.0], [70409.5, 4780.0], [70409.0, 3670.0], [70408.5, 7350.0], [70406.5, 5000.0], [70406.0, 5810.0], [70405.5, 6000.0]], "asks": [[70429.0, 15870.0], [70429.5, 2300.0], [70431.0, 200.0], [70432.0, 410.0], [70432.5, 440.0], [70433.0, 500.0], [70433.5, 2270.0], [70434.5, 10.0], [70435.0, 500.0], [70435.5, 7340.0], [70436.0, 24580.0], [70437.5, 5500.0], [70438.0, 2440.0], [70438.5, 5500.0], [70439.0, 1000.0], [70442.0, 35390.0], [70442.5, 75020.0], [70443.0, 8140.0], [70444.5, 7460.0], [70447.0, 25000.0]]}}}
{"jsonrpc": "2.0", "method": "subscription", "params": {"channel": "book.BTC-PERPETUAL.none.20.100ms", "data": {"timestamp": 1772776953457, "change_id": 143994723949, "instrument_name": "BTC-PERPETUAL", "bids": [[70428.5, 7420.0], [70424.0, 10000.0], [70423.5, 17600.0], [70423.0, 2240.0], [70421.5, 10000.0], [70421.0, 90.0], [70420.0, 500.0], [70419.5, 2000.0], [70417.5, 49940.0], [70416.5, 21000.0], [70415.5, 23330.0], [70413.5, 3160.0], [70413.0, 4180.0], [70410.5, 74990.0], [70410.0, 13990.0], [70409.5, 4780.0], [70409.0, 3670.0], [70408.5, 7350.0], [70406.5, 5000.0], [70406.0, 5810.0]], "asks": [[70429.0, 15160.0], [70429.5, 2300.0], [70431.0, 200.0], [70432.0, 410.0], [70432.5, 440.0], [70433.0, 500.0], [70433.5, 2270.0], [70434.5, 10.0], [70435.0, 500.0], [70435.5, 7340.0], [70436.0, 24580.0], [70437.5, 5500.0], [70438.0, 500.0], [70438.5, 5500.0], [70439.0, 1000.0], [70440.0, 22390.0], [70440.5, 75020.0], [70441.5, 6310.0], [70442.0, 13000.0], [70443.0, 8140.0]]}}}
{"jsonrpc": "2.0", "method": "subscription", "params": {"channel": "book.BTC-PERPETUAL.none.20.100ms", "data": {"timestamp": 1772776953781, "change_id": 143994724522, "instrument_name": "BTC-PERPETUAL", "bids": [[70428.5, 23710.0], [70428.0, 10000.0], [70427.0, 2240.0], [70424.5, 5500.0], [70423.5, 6000.0], [70423.0, 10000.0], [70421.5, 21000.0], [70421.0, 90.0], [70420.0, 12990.0], [70419.0, 11030.0], [70418.5, 36950.0], [70415.0, 27500.0], [70414.5, 74990.0], [70414.0, 13990.0], [70413.5, 3160.0], [70409.5, 4780.0], [70409.0, 3670.0], [70408.5, 7350.0], [70406.5, 5000.0], [70406.0, 5810.0]], "asks": [[70429.0, 15660.0], [70431.0, 200.0], [70432.0, 410.0], [70432.5, 2740.0], [70433.0, 500.0], [70434.5, 10.0], [70435.5, 7340.0], [70436.0, 24580.0], [70437.5, 5500.0], [70438.5, 3120.0], [70439.0, 1000.0], [70439.5, 2270.0], [70440.5, 5500.0], [70441.0, 2430.0], [70443.0, 8140.0], [70449.0, 75020.0], [70449.5, 13000.0], [70451.0, 53640.0], [70452.5, 7290.0], [70453.5, 2360.0]]}}}
{"jsonrpc": "2.0", "method": "subscription", "params": {"channel": "book.BTC-PERPETUAL.none.20.100ms", "data": {"timestamp": 1772776954113, "change_id": 143994725244, "instrument_name": "BTC-PERPETUAL", "bids": [[70428.5, 23330.0], [70428.0, 10000.0], [70427.0, 2240.0], [70424.0, 5500.0], [70423.5, 5500.0], [70423.0, 10000.0], [70421.5, 21000.0], [70421.0, 90.0], [70419.5, 13490.0], [70419.0, 11030.0], [70418.5, 36950.0], [70416.5, 74990.0], [70416.0, 5120.0], [70414.0, 13990.0], [70413.5, 3160.0], [70410.5, 3090.0], [70409.5, 4780.0], [70409.0, 3670.0], [70408.5, 7350.0], [70406.5, 5000.0]], "asks": [[70429.0, 15760.0], [70431.0, 200.0], [70432.0, 410.0], [70432.5, 2740.0], [70433.0, 500.0], [70434.5, 10.0], [70435.5, 7340.0], [70436.0, 24580.0], [70437.5, 5060.0], [70438.0, 6000.0], [70439.0, 1000.0], [70439.5, 2270.0], [70440.5, 5500.0], [70441.0, 24510.0], [70442.5, 75020.0], [70443.0, 8140.0], [70449.5, 13000.0], [70451.0, 53640.0], [70452.5, 7290.0], [70453.5, 2360.0]]}}}
{"jsonrpc": "2.0", "method": "subscription", "params": {"channel": "book.BTC-PERPETUAL.none.20.100ms", "data": {"timestamp": 1772776954448, "change_id": 143994725801, "instrument_name": "BTC-PERPETUAL", "bids": [[70428.5, 33940.0], [70427.0, 2240.0], [70424.0, 12990.0], [70423.5, 6000.0], [70422.0, 36950.0], [70421.5, 21000.0], [70421.0, 90.0], [70416.5, 74990.0], [70414.0, 13990.0], [70413.5, 3160.0], [70409.5, 4780.0], [70409.0, 3670.0], [70408.5, 7350.0], [70406.5, 5000.0], [70406.0, 19670.0], [70405.5, 6000.0], [70404.0, 12400.0], [70403.5, 50000.0], [70401.0, 2300.0], [70400.0, 500.0]], "asks": [[70429.0, 15150.0], [70431.0, 200.0], [70432.0, 410.0], [70432.5, 2740.0], [70433.0, 500.0], [70434.5, 10.0], [70435.5, 7340.0], [70436.0, 24580.0], [70437.5, 2770.0], [70438.5, 500.0], [70439.0, 1000.0], [70439.5, 2270.0], [70440.0, 5500.0], [70442.0, 24510.0], [70442.5, 75020.0], [70443.0, 8140.0], [70450.0, 5500.0], [70450.5, 13000.0], [70451.0, 3640.0], [70452.5, 57290.0]]}}}
{"jsonrpc": "2.0", "method": "subscription", "params": {"channel": "book.BTC-PERPETUAL.none.20.100ms", "data": {"timestamp": 1772776954779, "change_id": 143994726704, "instrument_name": "BTC-PERPETUAL", "bids": [[70428.5, 7090.0], [70427.5, 6600.0], [70427.0, 2240.0], [70425.5, 10000.0], [70424.5, 5500.0], [70422.0, 6000.0], [70421.5, 31000.0], [70421.0, 90.0], [70420.5, 2000.0], [70418.5, 3880.0], [70418.0, 12990.0], [70416.0, 86960.0], [70415.5, 36950.0], [70413.5, 3160.0], [70412.5, 4180.0], [70412.0, 13990.0], [70409.5, 4780.0], [70409.0, 3670.0], [70408.5, 7350.0], [70406.5, 5000.0]], "asks": [[70429.0, 15110.0], [70431.0, 200.0], [70432.0, 410.0], [70432.5, 2740.0], [70433.0, 500.0], [70434.5, 10.0], [70435.5, 7340.0], [70436.0, 24580.0], [70437.5, 3910.0], [70438.0, 6000.0], [70439.0, 1000.0], [70439.5, 7770.0], [70440.0, 500.0], [70441.0, 2430.0], [70443.0, 8140.0], [70450.0, 75020.0], [70450.5, 13000.0], [70451.0, 3640.0], [70452.5, 57290.0], [70453.5, 2360.0]]}}}
{"jsonrpc": "2.0", "method": "subscription", "params": {"channel": "book.BTC-PERPETUAL.none.20.100ms", "data": {"timestamp": 1772776955110, "change_id": 143994727272, "instrument_name": "BTC-PERPETUAL", "bids": [[70428.5, 33980.0], [70427.0, 2240.0], [70423.5, 10000.0], [70423.0, 5500.0], [70422.5, 13490.0], [70421.5, 57950.0], [70421.0, 90.0], [70418.5, 22380.0], [70418.0, 74990.0], [70414.5, 5120.0], [70414.0, 13990.0], [70413.5, 3160.0], [70409.5, 4780.0], [70409.0, 3670.0], [70408.5, 7350.0], [70406.5, 5000.0], [70406.0, 5810.0], [70405.5, 6000.0], [70404.0, 12400.0], [70403.0, 50000.0]], "asks": [[70429.0, 6350.0], [70431.0, 200.0], [70432.0, 410.0], [70432.5, 2740.0], [70433.0, 500.0], [70434.5, 10.0], [70435.5, 7340.0], [70436.0, 24580.0], [70437.5, 2770.0], [70439.0, 1000.0], [70439.5, 7770.0], [70440.5, 500.0], [70441.0, 3910.0], [70442.5, 5500.0], [70443.0, 8140.0], [70450.0, 75020.0], [70450.5, 13000.0], [70451.0, 3640.0], [70452.5, 57290.0], [70453.5, 2360.0]]}}}
{"jsonrpc": "2.0", "method": "subscription", "params": {"channel": "book.BTC-PERPETUAL.none.20.100ms", "data": {"timestamp": 1772776955433, "change_id": 143994727706, "instrument_name": "BTC-PERPETUAL", "bids": [[70428.5, 33890.0], [70427.0, 2240.0], [70424.0, 18490.0], [70423.5, 10000.0], [70421.5, 57950.0], [70421.0, 90.0], [70416.0, 27500.0], [70415.5, 75480.0], [70414.0, 13990.0], [70413.5, 3160.0], [70411.0, 3090.0], [70409.5, 4780.0], [70409.0, 3670.0], [70408.5, 7350.0], [70406.5, 5000.0], [70406.0, 19670.0], [70405.5, 6000.0], [70404.0, 12400.0], [70403.0, 50000.0], [70401.0, 27300.0]], "asks": [[70429.0, 5730.0], [70431.0, 200.0], [70432.0, 410.0], [70432.5, 2740.0], [70433.0, 500.0], [70434.5, 10.0], [70435.5, 7340.0], [70436.0, 24580.0], [70437.0, 500.0], [70437.5, 2770.0], [70439.0, 1000.0], [70439.5, 2270.0], [70440.5, 5500.0], [70441.0, 25970.0], [70442.0, 500.0], [70442.5, 75020.0], [70443.0, 8140.0], [70449.5, 5500.0], [70450.5, 13000.0], [70451.0, 3640.0]]}}}
{"jsonrpc": "2.0", "method": "subscription", "params": {"channel": "book.BTC-PERPETUAL.none.20.100ms", "data": {"timestamp": 1772776955772, "change_id": 143994728318, "instrument_name": "BTC-PERPETUAL", "bids": [[70428.5, 61890.0], [70427.0, 2240.0], [70424.0, 18490.0], [70423.5, 10000.0], [70421.5, 57950.0], [70421.0, 90.0], [70418.0, 4320.0], [70417.5, 14480.0], [70415.0, 27500.0], [70414.5, 74990.0], [70413.5, 3160.0], [70409.5, 4780.0], [70409.0, 3670.0], [70408.5, 7350.0], [70406.5, 5000.0], [70406.0, 19670.0], [70405.5, 6000.0], [70404.0, 12400.0], [70403.0, 50000.0], [70401.0, 27300.0]], "asks": [[70429.0, 6390.0], [70431.0, 200.0], [70432.0, 410.0], [70432.5, 2740.0], [70433.0, 500.0], [70434.5, 10.0], [70435.5, 7340.0], [70436.0, 24580.0], [70437.0, 500.0], [70437.5, 2770.0], [70439.0, 1000.0], [70439.5, 2270.0], [70440.5, 5500.0], [70441.0, 25970.0], [70442.0, 500.0], [70442.5, 75020.0], [70443.0, 8140.0], [70450.0, 5500.0], [70450.5, 13000.0], [70451.0, 3640.0]]}}}
{"jsonrpc": "2.0", "method": "subscription", "params": {"channel": "book.BTC-PERPETUAL.none.20.100ms", "data": {"timestamp": 1772776956091, "change_id": 143994728757, "instrument_name": "BTC-PERPETUAL", "bids": [[70428.5, 25710.0], [70427.5, 5500.0], [70427.0, 2240.0], [70424.0, 5500.0], [70422.0, 22990.0], [70421.5, 21000.0], [70421.0, 90.0], [70419.5, 11180.0], [70419.0, 36950.0], [70418.5, 490.0], [70416.0, 5120.0], [70415.5, 13990.0], [70413.5, 3160.0], [70409.5, 4780.0], [70409.0, 3670.0], [70408.5, 7350.0], [70406.5, 79990.0], [70406.0, 19670.0], [70405.5, 6000.0], [70404.0, 12400.0]], "asks": [[70429.0, 15810.0], [70431.0, 200.0], [70432.0, 410.0], [70432.5, 2740.0], [70433.0, 500.0], [70434.5, 10.0], [70435.0, 500.0], [70435.5, 7340.0], [70436.0, 24580.0], [70437.5, 2770.0], [70438.5, 5500.0], [70439.0, 1000.0], [70439.5, 2270.0], [70442.0, 26440.0], [70442.5, 80520.0], [70443.0, 8140.0], [70450.5, 13000.0], [70451.0, 3640.0], [70452.5, 57290.0], [70453.5, 2360.0]]}}}
{"jsonrpc": "2.0", "method": "subscription", "params": {"channel": "book.BTC-PERPETUAL.none.20.100ms", "data": {"timestamp": 1772776956432, "change_id": 143994729265, "instrument_name": "BTC-PERPETUAL", "bids": [[70428.5, 25700.0], [70427.5, 5500.0], [70427.0, 2240.0], [70422.5, 5500.0], [70422.0, 22990.0], [70421.5, 21000.0], [70421.0, 90.0], [70420.5, 490.0], [70420.0, 36950.0], [70416.0, 5120.0], [70414.0, 13990.0], [70413.5, 3160.0], [70409.5, 4780.0], [70409.0, 3670.0], [70408.5, 7350.0], [70406.5, 5000.0], [70406.0, 5810.0], [70405.5, 6000.0], [70404.5, 74990.0], [70404.0, 12400.0]], "asks": [[70429.0, 15810.0], [70431.0, 200.0], [70432.0, 410.0], [70432.5, 2740.0], [70433.0, 500.0], [70434.5, 10.0], [70435.0, 500.0], [70435.5, 7340.0], [70436.0, 24580.0], [70437.5, 26150.0], [70439.0, 6500.0], [70439.5, 2270.0], [70440.5, 75020.0], [70441.0, 4220.0], [70441.5, 5500.0], [70442.0, 500.0], [70443.0, 8140.0], [70450.5, 13000.0], [70451.0, 3640.0], [70452.0, 17810.0]]}}}
{"jsonrpc": "2.0", "method": "subscription", "params": {"channel": "book.BTC-PERPETUAL.none.20.100ms", "data": {"timestamp": 1772776956751, "change_id": 143994729750, "instrument_name": "BTC-PERPETUAL", "bids": [[70428.5, 61570.0], [70427.0, 2240.0], [70423.0, 10000.0], [70422.5, 42450.0], [70422.0, 12990.0], [70421.5, 21000.0], [70421.0, 90.0], [70418.5, 490.0], [70414.5, 5120.0], [70414.0, 13990.0], [70413.5, 3160.0], [70409.5, 4780.0], [70409.0, 3670.0], [70408.5, 7350.0], [70406.5, 5000.0], [70406.0, 5810.0], [70405.5, 6000.0], [70404.5, 74990.0], [70404.0, 12400.0], [70402.5, 50000.0]], "asks": [[70429.0, 15810.0], [70431.0, 200.0], [70432.0, 1740.0], [70432.5, 2740.0], [70433.0, 500.0], [70433.5, 1200.0], [70434.5, 10.0], [70435.5, 7340.0], [70436.0, 24580.0], [70437.0, 500.0], [70437.5, 2620.0], [70439.0, 1000.0], [70439.5, 2270.0], [70440.5, 5500.0], [70441.0, 26070.0], [70442.0, 500.0], [70442.5, 75020.0], [70443.0, 8140.0], [70450.0, 5500.0], [70450.5, 13000.0]]}}}
{"jsonrpc": "2.0", "method": "subscription", "params": {"channel": "book.BTC-PERPETUAL.none.20.100ms", "data": {"timestamp": 1772776957067, "change_id": 143994730051, "instrument_name": "BTC-PERPETUAL", "bids": [[70428.5, 61490.0], [70427.0, 2240.0], [70423.0, 10000.0], [70422.5, 42450.0], [70422.0, 12990.0], [70421.5, 21000.0], [70421.0, 90.0], [70416.0, 27500.0], [70415.5, 75480.0], [70415.0, 13990.0], [70413.5, 3160.0], [70409.5, 4780.0], [70409.0, 3670.0], [70408.5, 7350.0], [70406.5, 5000.0], [70406.0, 5810.0], [70405.5, 6000.0], [70404.0, 12400.0], [70402.5, 50000.0], [70401.0, 27300.0]], "asks": [[70429.0, 15160.0], [70431.0, 200.0], [70432.0, 1740.0], [70432.5, 2740.0], [70433.0, 500.0], [70433.5, 1200.0], [70434.5, 10.0], [70435.5, 7340.0], [70436.0, 24580.0], [70437.0, 500.0], [70437.5, 2620.0], [70439.0, 1000.0], [70439.5, 2270.0], [70440.5, 5500.0], [70441.0, 26070.0], [70442.0, 500.0], [70442.5, 75020.0], [70443.0, 8140.0], [70450.0, 5500.0], [70450.5, 13000.0]]}}}
{"jsonrpc": "2.0", "method": "subscription", "params": {"channel": "book.BTC-PERPETUAL.none.20.100ms", "data": {"timestamp": 1772776957414, "change_id": 143994730575, "instrument_name": "BTC-PERPETUAL", "bids": [[70428.5, 61470.0], [70427.0, 2240.0], [70423.0, 10000.0], [70422.5, 42450.0], [70422.0, 12990.0], [70421.5, 21000.0], [70421.0, 90.0], [70417.5, 490.0], [70416.0, 27500.0], [70415.5, 74990.0], [70415.0, 13990.0], [70413.5, 3160.0], [70409.5, 4780.0], [70409.0, 3670.0], [70408.5, 7350.0], [70406.5, 5000.0], [70406.0, 19670.0], [70405.5, 6000.0], [70404.0, 12400.0], [70402.5, 50000.0]], "asks": [[70429.0, 15170.0], [70431.0, 200.0], [70432.0, 1740.0], [70432.5, 2740.0], [70433.0, 500.0], [70433.5, 1200.0], [70434.5, 10.0], [70435.5, 7340.0], [70436.0, 24580.0], [70437.0, 500.0], [70437.5, 2620.0], [70439.0, 1000.0], [70439.5, 2270.0], [70440.5, 5500.0], [70441.0, 26070.0], [70442.0, 500.0], [70442.5, 80520.0], [70443.0, 8140.0], [70450.5, 13000.0], [70451.0, 3640.0]]}}}
{"jsonrpc": "2.0", "method": "subscription", "params": {"channel": "book.BTC-PERPETUAL.none.20.100ms", "data": {"timestamp": 1772776957749, "change_id": 143994731102, "instrument_name": "BTC-PERPETUAL", "bids": [[70428.5, 61470.0], [70427.0, 2240.0], [70423.0, 10000.0], [70422.5, 42940.0], [70422.0, 12990.0], [70421.5, 21000.0], [70421.0, 90.0], [70418.0, 22380.0], [70417.5, 74990.0], [70415.5, 5120.0], [70415.0, 13990.0], [70413.5, 3160.0], [70409.5, 4780.0], [70409.0, 3670.0], [70408.5, 7350.0], [70406.5, 5000.0], [70406.0, 19670.0], [70405.5, 6000.0], [70404.0, 12400.0], [70402.5, 50000.0]], "asks": [[70429.0, 15870.0], [70431.0, 200.0], [70432.0, 1740.0], [70432.5, 2740.0], [70433.0, 500.0], [70433.5, 1200.0], [70434.5, 10.0], [70435.5, 7340.0], [70436.0, 24580.0], [70437.0, 500.0], [70437.5, 2620.0], [70439.0, 1000.0], [70439.5, 2270.0], [70440.5, 5500.0], [70441.0, 26070.0], [70442.0, 500.0], [70442.5, 75020.0], [70443.0, 8140.0], [70450.0, 5500.0], [70450.5, 13000.0]]}}}
{"jsonrpc": "2.0", "method": "subscription", "params": {"channel": "book.BTC-PERPETUAL.none.20.100ms", "data": {"timestamp": 1772776958061, "change_id": 143994731390, "instrument_name": "BTC-PERPETUAL", "bids": [[70428.5, 61570.0], [70427.0, 2240.0], [70423.0, 10000.0], [70422.5, 42940.0], [70422.0, 12990.0], [70421.5, 21000.0], [70421.0, 90.0], [70415.5, 80110.0], [70415.0, 13990.0], [70413.5, 3160.0], [70409.5, 4780.0], [70409.0, 3670.0], [70408.5, 7350.0], [70406.5, 5000.0], [70406.0, 19670.0], [70405.5, 6000.0], [70404.0, 12400.0], [70402.5, 50000.0], [70401.5, 25000.0], [70401.0, 2300.0]], "asks": [[70429.0, 15880.0], [70431.0, 200.0], [70432.0, 1740.0], [70432.5, 2740.0], [70433.0, 500.0], [70433.5, 1200.0], [70434.5, 10.0], [70435.5, 7340.0], [70436.0, 24580.0], [70437.0, 500.0], [70437.5, 2620.0], [70439.0, 1000.0], [70439.5, 2270.0], [70440.5, 5500.0], [70441.0, 26070.0], [70442.0, 500.0], [70442.5, 75020.0], [70443.0, 8140.0], [70450.0, 5500.0], [70450.5, 13000.0]]}}}
{"jsonrpc": "2.0", "method": "subscription", "params": {"channel": "book.BTC-PERPETUAL.none.20.100ms", "data": {"timestamp": 1772776958385, "change_id": 143994732091, "instrument_name": "BTC-PERPETUAL", "bids": [[70428.5, 61680.0], [70427.0, 2240.0], [70422.5, 42940.0], [70422.0, 12990.0], [70421.5, 31000.0], [70421.0, 90.0], [70415.5, 80110.0], [70415.0, 13990.0], [70413.5, 3160.0], [70409.5, 4780.0], [70409.0, 3670.0], [70408.5, 7350.0], [70406.5, 5000.0], [70406.0, 19670.0], [70405.5, 6000.0], [70404.0, 12400.0], [70402.5, 50000.0], [70401.0, 27300.0], [70400.0, 500.0], [70399.5, 90.0]], "asks": [[70429.0, 15870.0], [70431.0, 200.0], [70432.0, 1740.0], [70432.5, 2740.0], [70433.0, 500.0], [70433.5, 1200.0], [70434.5, 10.0], [70435.5, 7340.0], [70436.0, 24580.0], [70437.0, 500.0], [70437.5, 2620.0], [70439.0, 1000.0], [70439.5, 2270.0], [70440.5, 5500.0], [70441.0, 26070.0], [70442.0, 500.0], [70442.5, 75020.0], [70443.0, 8140.0], [70450.0, 5500.0], [70450.5, 13000.0]]}}}
{"jsonrpc": "2.0", "method": "subscription", "params": {"channel": "book.BTC-PERPETUAL.none.20.100ms", "data": {"timestamp": 1772776958750, "change_id": 143994732508, "instrument_name": "BTC-PERPETUAL", "bids": [[70428.5, 33680.0], [70427.0, 2240.0], [70422.5, 42450.0], [70422.0, 13480.0], [70421.5, 31000.0], [70421.0, 90.0], [70415.5, 80110.0], [70415.0, 13990.0], [70413.5, 3160.0], [70409.5, 4780.0], [70409.0, 3670.0], [70408.5, 7350.0], [70406.5, 5000.0], [70406.0, 19670.0], [70405.5, 6000.0], [70404.0, 12400.0], [70402.5, 50000.0], [70401.0, 27300.0], [70400.0, 500.0], [70399.5, 90.0]], "asks": [[70429.0, 15870.0], [70431.0, 200.0], [70432.0, 1740.0], [70432.5, 2740.0], [70433.0, 500.0], [70433.5, 1200.0], [70434.5, 10.0], [70435.5, 7340.0], [70436.0, 24580.0], [70437.0, 500.0], [70438.5, 2620.0], [70439.0, 6500.0], [70439.5, 2270.0], [70441.0, 26070.0], [70442.0, 500.0], [70442.5, 75020.0], [70443.0, 8140.0], [70450.0, 5500.0], [70450.5, 13000.0], [70451.0, 3640.0]]}}}
{"jsonrpc": "2.0", "method": "subscription", "params": {"channel": "book.BTC-PERPETUAL.none.20.100ms", "data": {"timestamp": 1772776959068, "change_id": 143994732787, "instrument_name": "BTC-PERPETUAL", "bids": [[70428.5, 33680.0], [70427.0, 2240.0], [70422.5, 42940.0], [70422.0, 12990.0], [70421.5, 31000.0], [70421.0, 90.0], [70417.0, 22380.0], [70416.5, 74990.0], [70415.5, 5120.0], [70415.0, 13990.0], [70413.5, 3160.0], [70409.5, 4780.0], [70409.0, 3670.0], [70408.5, 7350.0], [70406.5, 5000.0], [70406.0, 19670.0], [70405.5, 6000.0], [70404.0, 12400.0], [70402.5, 50000.0], [70401.0, 27300.0]], "asks": [[70429.0, 15870.0], [70431.0, 200.0], [70432.0, 1740.0], [70432.5, 2740.0], [70433.0, 500.0], [70433.5, 1200.0], [70434.5, 10.0], [70435.5, 7340.0], [70436.0, 24580.0], [70438.0, 500.0], [70438.5, 2620.0], [70439.0, 6500.0], [70439.5, 2270.0], [70441.0, 26070.0], [70442.0, 500.0], [70442.5, 80520.0], [70443.0, 8140.0], [70450.5, 13000.0], [70451.0, 3640.0], [70452.0, 17810.0]]}}}
{"jsonrpc": "2.0", "method": "subscription", "params": {"channel": "book.BTC-PERPETUAL.none.20.100ms", "data": {"timestamp": 1772776959393, "change_id": 143994733323, "instrument_name": "BTC-PERPETUAL", "bids": [[70428.5, 33780.0], [70427.0, 2240.0], [70424.0, 5500.0], [70423.5, 12990.0], [70422.5, 10490.0], [70422.0, 36950.0], [70421.5, 21000.0], [70421.0, 90.0], [70419.0, 22380.0], [70418.5, 74990.0], [70415.5, 5120.0], [70415.0, 13990.0], [70413.5, 3160.0], [70409.5, 4780.0], [70409.0, 3670.0], [70408.5, 7350.0], [70406.5, 5000.0], [70406.0, 19670.0], [70405.5, 6000.0], [70404.0, 12400.0]], "asks": [[70429.0, 15870.0], [70431.0, 200.0], [70432.0, 1740.0], [70432.5, 2740.0], [70433.0, 500.0], [70433.5, 1200.0], [70434.5, 10.0], [70435.5, 7340.0], [70436.0, 24580.0], [70438.0, 500.0], [70438.5, 2620.0], [70439.0, 6500.0], [70439.5, 2270.0], [70441.0, 26070.0], [70442.0, 500.0], [70442.5, 80520.0], [70443.0, 8140.0], [70450.5, 13000.0], [70451.0, 3640.0], [70452.0, 17810.0]]}}}
{"jsonrpc": "2.0", "method": "subscription", "params": {"channel": "book.BTC-PERPETUAL.none.20.100ms", "data": {"timestamp": 1772776959691, "change_id": 143994733749, "instrument_name": "BTC-PERPETUAL", "bids": [[70428.5, 56580.0], [70427.0, 2240.0], [70424.0, 5500.0], [70423.5, 12990.0], [70422.5, 10490.0], [70422.0, 36950.0], [70421.5, 21000.0], [70421.0, 90.0], [70417.0, 22380.0], [70416.5, 74990.0], [70415.5, 5120.0], [70415.0, 13990.0], [70413.5, 3160.0], [70409.5, 4780.0], [70409.0, 3670.0], [70408.5, 7350.0], [70406.5, 5000.0], [70406.0, 19670.0], [70405.5, 6000.0], [70404.0, 12400.0]], "asks": [[70429.0, 15870.0], [70431.0, 200.0], [70432.0, 1740.0], [70432.5, 2740.0], [70433.0, 500.0], [70433.5, 1200.0], [70434.5, 10.0], [70435.5, 7340.0], [70436.0, 24580.0], [70438.0, 500.0], [70438.5, 2620.0], [70439.0, 6500.0], [70439.5, 2270.0], [70441.0, 26070.0], [70442.0, 500.0], [70442.5, 80520.0], [70443.0, 8140.0], [70450.0, 4970.0], [70450.5, 13000.0], [70451.0, 3640.0]]}}}
{"jsonrpc": "2.0", "method": "subscription", "params": {"channel": "book.BTC-PERPETUAL.none.20.100ms", "data": {"timestamp": 1772776960050, "change_id": 143994734023, "instrument_name": "BTC-PERPETUAL", "bids": [[70428.5, 33680.0], [70427.0, 2240.0], [70424.0, 5500.0], [70423.5, 12990.0], [70422.5, 10490.0], [70422.0, 36950.0], [70421.5, 21000.0], [70421.0, 90.0], [70419.0, 22380.0], [70418.5, 74990.0], [70415.5, 5120.0], [70415.0, 13990.0], [70413.5, 3160.0], [70409.5, 4780.0], [70409.0, 3670.0], [70408.5, 7350.0], [70406.5, 5000.0], [70406.0, 19670.0], [70405.5, 6000.0], [70404.0, 12400.0]], "asks": [[70429.0, 15870.0], [70431.0, 200.0], [70432.0, 1740.0], [70432.5, 2740.0], [70433.0, 500.0], [70433.5, 1200.0], [70434.5, 10.0], [70435.5, 7340.0], [70436.0, 24580.0], [70438.0, 500.0], [70438.5, 2620.0], [70439.0, 6500.0], [70439.5, 2270.0], [70441.0, 26070.0], [70442.0, 500.0], [70442.5, 80520.0], [70443.0, 8140.0], [70450.0, 4970.0], [70450.5, 13000.0], [70451.0, 3640.0]]}}}
{"jsonrpc": "2.0", "method": "subscription", "params": {"channel": "book.BTC-PERPETUAL.none.20.100ms", "data": {"timestamp": 1772776960398, "change_id": 143994734639, "instrument_name": "BTC-PERPETUAL", "bids": [[70428.5, 33600.0], [70427.0, 2240.0], [70424.0, 5500.0], [70423.5, 12990.0], [70423.0, 490.0], [70422.5, 10000.0], [70422.0, 36950.0], [70421.5, 21000.0], [70421.0, 90.0], [70416.0, 27500.0], [70415.5, 74990.0], [70415.0, 13990.0], [70413.5, 3160.0], [70409.5, 4780.0], [70409.0, 3670.0], [70408.5, 7350.0], [70406.5, 5000.0], [70406.0, 19670.0], [70405.5, 6000.0], [70404.0, 12400.0]], "asks": [[70429.0, 15870.0], [70431.0, 200.0], [70432.0, 1740.0], [70432.5, 2740.0], [70433.0, 500.0], [70433.5, 1200.0], [70434.5, 10.0], [70435.5, 7340.0], [70436.0, 24580.0], [70438.0, 500.0], [70438.5, 2620.0], [70439.0, 1000.0], [70439.5, 2270.0], [70440.5, 5500.0], [70441.0, 2580.0], [70442.0, 500.0], [70443.0, 8140.0], [70449.5, 5500.0], [70450.0, 79990.0], [70450.5, 13000.0]]}}}
{"jsonrpc": "2.0", "method": "subscription", "params": {"channel": "book.BTC-PERPETUAL.none.20.100ms", "data": {"timestamp": 1772776960727, "change_id": 143994735105, "instrument_name": "BTC-PERPETUAL", "bids": [[70428.5, 61690.0], [70427.0, 2240.0], [70424.0, 5500.0], [70423.5, 12990.0], [70423.0, 490.0], [70422.5, 10000.0], [70422.0, 36950.0], [70421.5, 21000.0], [70421.0, 90.0], [70419.0, 22380.0], [70418.5, 74990.0], [70415.5, 5120.0], [70415.0, 13990.0], [70413.5, 3160.0], [70409.5, 4780.0], [70409.0, 3670.0], [70408.5, 7350.0], [70406.5, 5000.0], [70406.0, 19670.0], [70405.5, 6000.0]], "asks": [[70429.0, 15870.0], [70431.0, 200.0], [70432.0, 1740.0], [70432.5, 2740.0], [70433.0, 500.0], [70433.5, 1200.0], [70434.5, 10.0], [70435.5, 7340.0], [70436.0, 24580.0], [70438.5, 3120.0], [70439.0, 1000.0], [70439.5, 2270.0], [70440.5, 5500.0], [70441.0, 2580.0], [70442.0, 500.0], [70443.0, 8140.0], [70449.0, 75020.0], [70449.5, 5500.0], [70450.5, 13000.0], [70451.0, 3640.0]]}}}
{"jsonrpc": "2.0", "method": "subscription", "params": {"channel": "book.BTC-PERPETUAL.none.20.100ms", "data": {"timestamp": 1772776961065, "change_id": 143994735422, "instrument_name": "BTC-PERPETUAL", "bids": [[70428.5, 61610.0], [70427.0, 2240.0], [70424.0, 5500.0], [70423.5, 12990.0], [70423.0, 490.0], [70422.0, 36950.0], [70421.5, 21000.0], [70421.0, 10090.0], [70416.5, 26850.0], [70414.5, 74990.0], [70414.0, 13990.0], [70413.5, 3160.0], [70409.5, 4780.0], [70409.0, 3670.0], [70408.5, 7350.0], [70406.5, 5000.0], [70406.0, 19670.0], [70405.5, 6000.0], [70404.0, 12400.0], [70403.0, 50000.0]], "asks": [[70429.0, 15870.0], [70431.0, 200.0], [70432.0, 1740.0], [70432.5, 2740.0], [70433.0, 500.0], [70433.5, 1200.0], [70434.5, 10.0], [70435.5, 7340.0], [70436.0, 24580.0], [70438.0, 500.0], [70438.5, 2620.0], [70439.0, 1000.0], [70439.5, 2270.0], [70440.5, 5500.0], [70441.0, 2580.0], [70442.0, 500.0], [70443.0, 8140.0], [70447.5, 23830.0], [70448.0, 80520.0], [70448.5, 13000.0]]}}}
{"jsonrpc": "2.0", "method": "subscription", "params": {"channel": "book.BTC-PERPETUAL.none.20.100ms", "data": {"timestamp": 1772776961394, "change_id": 143994736014, "instrument_name": "BTC-PERPETUAL", "bids": [[70428.5, 31320.0], [70426.0, 2240.0], [70423.0, 6000.0], [70422.5, 12990.0], [70422.0, 36950.0], [70421.5, 21000.0], [70421.0, 10090.0], [70418.5, 22380.0], [70418.0, 74990.0], [70416.5, 5120.0], [70414.0, 13990.0], [70413.5, 3160.0], [70409.5, 4780.0], [70409.0, 3670.0], [70408.5, 7350.0], [70406.5, 5000.0], [70406.0, 5810.0], [70405.5, 6000.0], [70404.0, 12400.0], [70401.5, 50000.0]], "asks": [[70429.0, 15160.0], [70431.0, 200.0], [70432.0, 1740.0], [70432.5, 2740.0], [70433.0, 500.0], [70433.5, 1200.0], [70434.5, 10.0], [70435.5, 7340.0], [70436.0, 24580.0], [70438.0, 500.0], [70438.5, 2620.0], [70439.0, 6500.0], [70439.5, 2270.0], [70441.0, 3890.0], [70442.0, 500.0], [70442.5, 5500.0], [70443.0, 8140.0], [70446.5, 26270.0], [70447.0, 75020.0], [70447.5, 13000.0]]}}}
{"jsonrpc": "2.0", "method": "subscription", "params": {"channel": "book.BTC-PERPETUAL.none.20.100ms", "data": {"timestamp": 1772776961715, "change_id": 143994736486, "instrument_name": "BTC-PERPETUAL", "bids": [[70428.5, 25920.0], [70426.5, 5500.0], [70426.0, 2240.0], [70423.5, 500.0], [70423.0, 5500.0], [70422.5, 12990.0], [70421.5, 21000.0], [70421.0, 10090.0], [70420.0, 74990.0], [70418.5, 11030.0], [70418.0, 36950.0], [70416.5, 5120.0], [70414.0, 13990.0], [70413.5, 3160.0], [70409.5, 4780.0], [70409.0, 3670.0], [70408.5, 7350.0], [70406.5, 5000.0], [70406.0, 5810.0], [70405.5, 6000.0]], "asks": [[70429.0, 15170.0], [70431.0, 200.0], [70432.0, 1740.0], [70432.5, 2740.0], [70433.0, 500.0], [70433.5, 1200.0], [70434.5, 10.0], [70435.5, 7340.0], [70436.0, 24580.0], [70438.5, 3120.0], [70439.0, 6500.0], [70439.5, 2270.0], [70441.0, 3890.0], [70442.0, 500.0], [70442.5, 5500.0], [70443.0, 8140.0], [70444.5, 26270.0], [70445.0, 75020.0], [70445.5, 13000.0], [70451.0, 3640.0]]}}}
{"jsonrpc": "2.0", "method": "subscription", "params": {"channel": "book.BTC-PERPETUAL.none.20.100ms", "data": {"timestamp": 1772776962033, "change_id": 143994736849, "instrument_name": "BTC-PERPETUAL", "bids": [[70428.5, 25720.0], [70426.5, 5500.0], [70426.0, 2240.0], [70423.5, 500.0], [70423.0, 5500.0], [70422.5, 12990.0], [70421.5, 21000.0], [70421.0, 10090.0], [70420.5, 36950.0], [70420.0, 74990.0], [70416.5, 5120.0], [70414.0, 13990.0], [70413.5, 3160.0], [70409.5, 4780.0], [70409.0, 3670.0], [70408.5, 7350.0], [70406.5, 5000.0], [70406.0, 5810.0], [70405.5, 6000.0], [70404.0, 12400.0]], "asks": [[70429.0, 15160.0], [70431.0, 200.0], [70432.0, 1740.0], [70432.5, 2740.0], [70433.0, 500.0], [70433.5, 1200.0], [70434.5, 10.0], [70435.5, 7340.0], [70436.0, 24580.0], [70438.5, 3120.0], [70439.0, 6500.0], [70439.5, 2270.0], [70441.0, 4220.0], [70442.0, 6000.0], [70443.0, 8140.0], [70450.0, 75020.0], [70450.5, 13000.0], [70451.0, 3640.0], [70452.0, 17810.0], [70452.5, 57290.0]]}}}
{"jsonrpc": "2.0", "method": "subscription", "params": {"channel": "book.BTC-PERPETUAL.none.20.100ms", "data": {"timestamp": 1772776962380, "change_id": 143994737464, "instrument_name": "BTC-PERPETUAL", "bids": [[70428.5, 17030.0], [70427.0, 6600.0], [70426.5, 5500.0], [70426.0, 2240.0], [70423.5, 5500.0], [70421.5, 33990.0], [70421.0, 590.0], [70420.5, 2000.0], [70419.5, 10000.0], [70417.5, 11030.0], [70417.0, 111940.0], [70416.5, 5120.0], [70414.0, 13990.0], [70413.5, 3160.0], [70409.5, 4780.0], [70409.0, 3670.0], [70408.5, 7350.0], [70406.5, 5000.0], [70406.0, 5810.0], [70405.5, 6000.0]], "asks": [[70429.0, 15170.0], [70431.0, 200.0], [70432.0, 1740.0], [70432.5, 2740.0], [70433.0, 500.0], [70433.5, 1200.0], [70434.5, 10.0], [70435.5, 7840.0], [70436.0, 24580.0], [70438.0, 2770.0], [70438.5, 5500.0], [70439.0, 1000.0], [70439.5, 2270.0], [70441.0, 26070.0], [70441.5, 80520.0], [70442.0, 500.0], [70443.0, 8140.0], [70450.5, 13000.0], [70451.0, 3640.0], [70452.0, 17810.0]]}}}
{"jsonrpc": "2.0", "method": "subscription", "params": {"channel": "book.BTC-PERPETUAL.none.20.100ms", "data": {"timestamp": 1772776962714, "change_id": 143994738151, "instrument_name": "BTC-PERPETUAL", "bids": [[70428.5, 7120.0], [70422.0, 10000.0], [70421.5, 6600.0], [70421.0, 2330.0], [70420.5, 2000.0], [70418.5, 11000.0], [70417.0, 500.0], [70416.5, 5120.0], [70415.5, 31000.0], [70415.0, 74990.0], [70414.0, 12990.0], [70413.5, 3160.0], [70411.5, 11030.0], [70411.0, 36950.0], [70409.5, 8350.0], [70409.0, 3670.0], [70408.5, 7350.0], [70407.0, 13990.0], [70406.5, 5000.0], [70406.0, 5810.0]], "asks": [[70429.0, 43340.0], [70429.5, 2300.0], [70431.0, 200.0], [70432.0, 410.0], [70432.5, 2590.0], [70433.0, 6000.0], [70433.5, 1200.0], [70434.5, 10.0], [70435.0, 12100.0], [70435.5, 6500.0], [70436.0, 26850.0], [70437.5, 26270.0], [70440.0, 88020.0], [70441.0, 1700.0], [70443.0, 8140.0], [70448.5, 50000.0], [70450.0, 61970.0], [70451.0, 3640.0], [70451.5, 6600.0], [70452.5, 7290.0]]}}}
{"jsonrpc": "2.0", "method": "subscription", "params": {"channel": "book.BTC-PERPETUAL.none.20.100ms", "data": {"timestamp": 1772776963042, "change_id": 143994738549, "instrument_name": "BTC-PERPETUAL", "bids": [[70428.5, 2510.0], [70422.0, 11000.0], [70421.5, 16600.0], [70421.0, 2330.0], [70420.5, 2000.0], [70419.5, 500.0], [70416.5, 5120.0], [70416.0, 12990.0], [70415.5, 21000.0], [70415.0, 36950.0], [70414.5, 74990.0], [70413.5, 3160.0], [70409.5, 8350.0], [70409.0, 3670.0], [70408.5, 7350.0], [70407.0, 13990.0], [70406.5, 5000.0], [70406.0, 5810.0], [70405.5, 6000.0], [70404.0, 12400.0]], "asks": [[70429.0, 44200.0], [70429.5, 2300.0], [70431.0, 200.0], [70432.0, 410.0], [70432.5, 440.0], [70433.0, 500.0], [70433.5, 1200.0], [70434.0, 500.0], [70434.5, 10.0], [70435.0, 13810.0], [70435.5, 6500.0], [70436.0, 26850.0], [70437.5, 25910.0], [70438.5, 500.0], [70440.0, 75020.0], [70440.5, 13000.0], [70441.0, 1700.0], [70443.0, 8140.0], [70448.5, 75000.0], [70450.5, 6600.0]]}}}
{"jsonrpc": "2.0", "method": "subscription", "params": {"channel": "book.BTC-PERPETUAL.none.20.100ms", "data": {"timestamp": 1772776963380, "change_id": 143994739175, "instrument_name": "BTC-PERPETUAL", "bids": [[70428.5, 280.0], [70421.0, 2330.0], [70420.5, 2000.0], [70418.0, 10000.0], [70417.5, 17600.0], [70417.0, 500.0], [70416.5, 5120.0], [70415.5, 21000.0], [70413.5, 3160.0], [70410.5, 34430.0], [70410.0, 124930.0], [70409.5, 8350.0], [70409.0, 3670.0], [70408.5, 7350.0], [70407.0, 13990.0], [70406.5, 5000.0], [70406.0, 5810.0], [70405.5, 6000.0], [70404.0, 12400.0], [70401.0, 2300.0]], "asks": [[70429.0, 43530.0], [70429.5, 2300.0], [70431.0, 200.0], [70432.0, 410.0], [70432.5, 440.0], [70433.0, 4660.0], [70433.5, 12200.0], [70434.0, 1060.0], [70434.5, 10.0], [70435.0, 8310.0], [70435.5, 1000.0], [70436.0, 26850.0], [70437.0, 13000.0], [70437.5, 25910.0], [70438.5, 500.0], [70440.0, 75020.0], [70441.0, 1700.0], [70443.0, 8140.0], [70447.5, 11040.0], [70448.0, 43570.0]]}}}
{"jsonrpc": "2.0", "method": "subscription", "params": {"channel": "book.BTC-PERPETUAL.none.20.100ms", "data": {"timestamp": 1772776963709, "change_id": 143994739805, "instrument_name": "BTC-PERPETUAL", "bids": [[70428.5, 280.0], [70428.0, 2300.0], [70421.5, 15500.0], [70421.0, 14430.0], [70420.5, 2000.0], [70418.0, 500.0], [70416.5, 5120.0], [70415.5, 21000.0], [70414.0, 49940.0], [70413.5, 3160.0], [70412.0, 22380.0], [70411.5, 74990.0], [70409.5, 8350.0], [70409.0, 3670.0], [70408.5, 7350.0], [70407.0, 13990.0], [70406.5, 5000.0], [70406.0, 5810.0], [70405.5, 6000.0], [70404.0, 12400.0]], "asks": [[70429.0, 43980.0], [70429.5, 2300.0], [70431.0, 200.0], [70431.5, 1230.0], [70432.0, 410.0], [70432.5, 940.0], [70433.0, 500.0], [70433.5, 1200.0], [70434.0, 1060.0], [70434.5, 10.0], [70435.0, 19310.0], [70435.5, 1000.0], [70436.0, 26850.0], [70438.5, 26280.0], [70440.5, 88020.0], [70441.0, 1700.0], [70443.0, 8140.0], [70448.5, 50000.0], [70450.0, 6600.0], [70451.0, 3640.0]]}}}
{"jsonrpc": "2.0", "method": "subscription", "params": {"channel": "book.BTC-PERPETUAL.none.20.100ms", "data": {"timestamp": 1772776964036, "change_id": 143994740233, "instrument_name": "BTC-PERPETUAL", "bids": [[70428.5, 280.0], [70428.0, 2300.0], [70421.0, 8930.0], [70420.5, 2000.0], [70419.5, 10000.0], [70419.0, 11000.0], [70417.0, 500.0], [70416.5, 5120.0], [70415.5, 31000.0], [70413.5, 91140.0], [70413.0, 36950.0], [70409.5, 8350.0], [70409.0, 3670.0], [70408.5, 7350.0], [70407.0, 13990.0], [70406.5, 5000.0], [70406.0, 5810.0], [70405.5, 6000.0], [70404.0, 12400.0], [70401.0, 2300.0]], "asks": [[70429.0, 43350.0], [70429.5, 2300.0], [70431.0, 200.0], [70431.5, 4510.0], [70432.0, 410.0], [70432.5, 5940.0], [70433.0, 6500.0], [70433.5, 1200.0], [70434.0, 1060.0], [70434.5, 10.0], [70435.5, 9010.0], [70436.0, 26850.0], [70437.5, 39270.0], [70438.0, 75020.0], [70441.5, 2430.0], [70443.0, 8140.0], [70447.5, 1970.0], [70448.0, 6600.0], [70448.5, 50000.0], [70450.5, 36970.0]]}}}
{"jsonrpc": "2.0", "method": "subscription", "params": {"channel": "book.BTC-PERPETUAL.none.20.100ms", "data": {"timestamp": 1772776964365, "change_id": 143994741006, "instrument_name": "BTC-PERPETUAL", "bids": [[70428.0, 2300.0], [70421.5, 15500.0], [70421.0, 8930.0], [70420.5, 2000.0], [70420.0, 5500.0], [70417.0, 500.0], [70416.5, 5120.0], [70415.5, 21000.0], [70414.5, 49940.0], [70414.0, 74990.0], [70413.5, 3160.0], [70411.5, 4180.0], [70409.5, 18770.0], [70409.0, 3670.0], [70408.5, 7350.0], [70406.5, 5000.0], [70406.0, 5810.0], [70405.5, 6000.0], [70404.0, 12400.0], [70401.0, 52300.0]], "asks": [[70428.5, 53980.0], [70429.0, 1550.0], [70429.5, 2300.0], [70431.0, 200.0], [70432.0, 1510.0], [70432.5, 440.0], [70433.0, 1000.0], [70433.5, 1200.0], [70434.0, 1060.0], [70434.5, 10.0], [70435.0, 6000.0], [70435.5, 14510.0], [70436.0, 26850.0], [70440.0, 26270.0], [70440.5, 75020.0], [70441.0, 13000.0], [70442.0, 2430.0], [70443.0, 8140.0], [70447.0, 16900.0], [70447.5, 50000.0]]}}}
{"jsonrpc": "2.0", "method": "subscription", "params": {"channel": "book.BTC-PERPETUAL.none.20.100ms", "data": {"timestamp": 1772776964696, "change_id": 143994741575, "instrument_name": "BTC-PERPETUAL", "bids": [[70428.0, 2650.0], [70421.5, 10000.0], [70421.0, 2330.0], [70420.5, 2000.0], [70418.5, 6600.0], [70418.0, 6000.0], [70417.5, 5500.0], [70416.5, 5120.0], [70415.5, 21000.0], [70414.5, 74990.0], [70414.0, 12990.0], [70413.5, 3160.0], [70413.0, 11030.0], [70410.0, 36950.0], [70409.5, 8350.0], [70409.0, 3670.0], [70408.5, 7350.0], [70407.0, 13990.0], [70406.5, 5000.0], [70406.0, 5810.0]], "asks": [[70428.5, 35660.0], [70429.0, 860.0], [70429.5, 2300.0], [70431.0, 200.0], [70432.0, 4460.0], [70432.5, 5940.0], [70433.0, 6500.0], [70433.5, 1200.0], [70434.0, 1060.0], [70434.5, 10.0], [70435.0, 500.0], [70435.5, 9010.0], [70436.0, 26850.0], [70438.0, 26270.0], [70438.5, 75020.0], [70439.0, 13000.0], [70442.0, 2430.0], [70443.0, 8140.0], [70447.0, 16900.0], [70447.5, 50000.0]]}}}
{"jsonrpc": "2.0", "method": "subscription", "params": {"channel": "book.BTC-PERPETUAL.none.20.100ms", "data": {"timestamp": 1772776965031, "change_id": 143994741971, "instrument_name": "BTC-PERPETUAL", "bids": [[70428.0, 2510.0], [70421.0, 8930.0], [70420.5, 2000.0], [70420.0, 10000.0], [70419.5, 11000.0], [70418.5, 500.0], [70416.5, 5120.0], [70415.5, 21000.0], [70414.0, 12990.0], [70413.5, 115100.0], [70409.5, 8350.0], [70409.0, 3670.0], [70408.5, 7350.0], [70407.0, 13990.0], [70406.5, 5000.0], [70406.0, 5810.0], [70405.5, 6000.0], [70404.0, 12400.0], [70401.0, 2300.0], [70400.0, 500.0]], "asks": [[70428.5, 35800.0], [70429.0, 680.0], [70429.5, 2300.0], [70431.0, 200.0], [70432.0, 3020.0], [70432.5, 440.0], [70433.0, 6500.0], [70433.5, 1200.0], [70434.0, 16690.0], [70434.5, 5510.0], [70435.0, 500.0], [70435.5, 1000.0], [70436.0, 26850.0], [70437.5, 13000.0], [70441.0, 27900.0], [70442.5, 75020.0], [70443.0, 8140.0], [70447.0, 16900.0], [70447.5, 50000.0], [70448.5, 7270.0]]}}}
{"jsonrpc": "2.0", "method": "subscription", "params": {"channel": "book.BTC-PERPETUAL.none.20.100ms", "data": {"timestamp": 1772776965364, "change_id": 143994742637, "instrument_name": "BTC-PERPETUAL", "bids": [[70428.0, 2310.0], [70421.0, 8930.0], [70420.5, 2000.0], [70420.0, 15500.0], [70417.5, 5500.0], [70417.0, 500.0], [70416.5, 5120.0], [70415.5, 21000.0], [70414.5, 74990.0], [70414.0, 12990.0], [70413.5, 3160.0], [70412.5, 11030.0], [70410.0, 36950.0], [70409.5, 8350.0], [70409.0, 3670.0], [70408.5, 7350.0], [70407.0, 13990.0], [70406.5, 5000.0], [70406.0, 5810.0], [70405.5, 6000.0]], "asks": [[70428.5, 35620.0], [70429.5, 2300.0], [70431.0, 200.0], [70431.5, 2270.0], [70432.0, 4460.0], [70432.5, 440.0], [70433.0, 6500.0], [70433.5, 6700.0], [70434.0, 11170.0], [70434.5, 10.0], [70435.5, 1000.0], [70436.0, 24580.0], [70437.5, 3880.0], [70440.5, 13000.0], [70441.0, 24510.0], [70442.5, 75020.0], [70443.0, 8140.0], [70447.0, 41900.0], [70447.5, 50000.0], [70448.5, 7270.0]]}}}
{"jsonrpc": "2.0", "method": "subscription", "params": {"channel": "book.BTC-PERPETUAL.none.20.100ms", "data": {"timestamp": 1772776965694, "change_id": 143994743241, "instrument_name": "BTC-PERPETUAL", "bids": [[70428.0, 90.0], [70426.0, 2300.0], [70421.0, 16690.0], [70418.0, 5500.0], [70416.0, 5500.0], [70415.5, 23240.0], [70414.5, 500.0], [70414.0, 12990.0], [70413.5, 13160.0], [70412.5, 2000.0], [70411.5, 33410.0], [70411.0, 36950.0], [70410.0, 74990.0], [70409.5, 8350.0], [70409.0, 3670.0], [70408.5, 7350.0], [70407.0, 13990.0], [70406.5, 5000.0], [70406.0, 5810.0], [70405.5, 6000.0]], "asks": [[70428.5, 46220.0], [70429.0, 500.0], [70429.5, 2300.0], [70431.0, 5230.0], [70431.5, 2270.0], [70432.0, 6910.0], [70432.5, 440.0], [70433.0, 6000.0], [70433.5, 1200.0], [70434.0, 31290.0], [70434.5, 510.0], [70435.5, 75020.0], [70436.0, 24580.0], [70437.0, 13000.0], [70437.5, 3880.0], [70441.0, 2430.0], [70443.0, 8140.0], [70444.5, 24360.0], [70445.0, 50000.0], [70446.0, 25000.0]]}}}
{"jsonrpc": "2.0", "method": "subscription", "params": {"channel": "book.BTC-PERPETUAL.none.20.100ms", "data": {"timestamp": 1772776966024, "change_id": 143994744024, "instrument_name": "BTC-PERPETUAL", "bids": [[70428.0, 90.0], [70421.0, 90.0], [70415.5, 2300.0], [70413.0, 6600.0], [70412.5, 12000.0], [70411.0, 2240.0], [70410.5, 5500.0], [70410.0, 21000.0], [70407.5, 6000.0], [70405.5, 6000.0], [70404.5, 87980.0], [70402.5, 5000.0], [70402.0, 11210.0], [70401.5, 36950.0], [70400.5, 3630.0], [70399.5, 90.0], [70398.0, 7810.0], [70397.5, 13990.0], [70397.0, 7330.0], [70396.0, 3090.0]], "asks": [[70428.5, 148780.0], [70429.5, 2300.0], [70430.0, 3850.0], [70431.0, 200.0], [70432.0, 1410.0], [70432.5, 440.0], [70433.0, 500.0], [70433.5, 9900.0], [70434.0, 1060.0], [70434.5, 510.0], [70435.5, 7340.0], [70436.0, 24580.0], [70439.5, 25230.0], [70440.0, 50000.0], [70440.5, 36970.0], [70445.5, 25000.0], [70447.5, 2300.0], [70448.5, 7270.0], [70451.0, 3640.0], [70452.5, 7290.0]]}}}
{"jsonrpc": "2.0", "method": "subscription", "params": {"channel": "book.BTC-PERPETUAL.none.20.100ms", "data": {"timestamp": 1772776966351, "change_id": 143994744756, "instrument_name": "BTC-PERPETUAL", "bids": [[70428.0, 90.0], [70421.0, 90.0], [70418.5, 2300.0], [70413.0, 27600.0], [70412.5, 2000.0], [70411.0, 2240.0], [70410.0, 21000.0], [70409.0, 10000.0], [70407.5, 500.0], [70406.0, 12990.0], [70405.5, 6000.0], [70405.0, 111940.0], [70402.5, 12040.0], [70401.0, 21260.0], [70400.5, 3630.0], [70399.5, 90.0], [70397.5, 3110.0], [70397.0, 7330.0], [70396.0, 3090.0], [70395.5, 17770.0]], "asks": [[70428.5, 66630.0], [70429.0, 29890.0], [70429.5, 2300.0], [70430.0, 75020.0], [70431.0, 200.0], [70431.5, 13000.0], [70432.0, 1410.0], [70432.5, 440.0], [70433.0, 500.0], [70433.5, 9900.0], [70434.0, 1060.0], [70434.5, 510.0], [70435.5, 7340.0], [70436.0, 24580.0], [70439.5, 43630.0], [70440.0, 50000.0], [70441.0, 6600.0], [70442.0, 11040.0], [70442.5, 36970.0], [70447.5, 2300.0]]}}}
{"jsonrpc": "2.0", "method": "subscription", "params": {"channel": "book.BTC-PERPETUAL.none.20.100ms", "data": {"timestamp": 1772776966685, "change_id": 143994745251, "instrument_name": "BTC-PERPETUAL", "bids": [[70428.0, 90.0], [70421.0, 90.0], [70418.5, 2300.0], [70413.0, 27600.0], [70412.5, 2000.0], [70411.0, 2240.0], [70410.0, 31000.0], [70408.5, 500.0], [70406.0, 12990.0], [70405.5, 80990.0], [70405.0, 36950.0], [70402.5, 12040.0], [70401.0, 21260.0], [70400.5, 3630.0], [70399.5, 90.0], [70397.5, 3110.0], [70397.0, 7330.0], [70396.0, 3160.0], [70395.5, 17770.0], [70395.0, 6030.0]], "asks": [[70428.5, 67500.0], [70429.0, 29890.0], [70429.5, 2300.0], [70431.0, 75220.0], [70431.5, 13000.0], [70432.0, 1410.0], [70432.5, 440.0], [70433.0, 500.0], [70433.5, 9900.0], [70434.0, 1060.0], [70434.5, 10.0], [70435.5, 7340.0], [70436.0, 24580.0], [70439.5, 43630.0], [70440.0, 50000.0], [70446.5, 18320.0], [70447.0, 36970.0], [70447.5, 2300.0], [70448.5, 7270.0], [70451.0, 3640.0]]}}}
{"jsonrpc": "2.0", "method": "subscription", "params": {"channel": "book.BTC-PERPETUAL.none.20.100ms", "data": {"timestamp": 1772776967006, "change_id": 143994745598, "instrument_name": "BTC-PERPETUAL", "bids": [[70428.0, 10.0], [70421.0, 90.0], [70418.5, 2300.0], [70413.0, 27600.0], [70412.5, 2000.0], [70411.0, 2240.0], [70410.0, 31000.0], [70406.5, 500.0], [70406.0, 12990.0], [70405.5, 80990.0], [70405.0, 36950.0], [70402.5, 12040.0], [70401.0, 21260.0], [70400.5, 3630.0], [70399.5, 90.0], [70397.5, 3110.0], [70397.0, 7330.0], [70396.0, 3160.0], [70395.5, 17770.0], [70395.0, 6030.0]], "asks": [[70428.5, 66280.0], [70429.0, 29890.0], [70429.5, 2300.0], [70431.0, 75220.0], [70431.5, 13000.0], [70432.0, 1410.0], [70432.5, 440.0], [70433.0, 500.0], [70433.5, 9900.0], [70434.0, 1060.0], [70434.5, 10.0], [70435.5, 7340.0], [70436.0, 24580.0], [70439.5, 43630.0], [70440.0, 50000.0], [70446.0, 36970.0], [70446.5, 6600.0], [70447.5, 2300.0], [70448.5, 7270.0], [70451.0, 3640.0]]}}}
{"jsonrpc": "2.0", "method": "subscription", "params": {"channel": "book.BTC-PERPETUAL.none.20.100ms", "data": {"timestamp": 1772776967335, "change_id": 143994746257, "instrument_name": "BTC-PERPETUAL", "bids": [[70428.0, 90.0], [70421.0, 90.0], [70418.5, 2300.0], [70413.0, 27600.0], [70412.5, 2000.0], [70411.0, 2240.0], [70410.0, 31000.0], [70407.0, 36950.0], [70406.5, 500.0], [70406.0, 12990.0], [70405.5, 6000.0], [70403.5, 23880.0], [70403.0, 74990.0], [70402.5, 12040.0], [70401.0, 21260.0], [70400.5, 3630.0], [70399.5, 90.0], [70397.5, 3110.0], [70397.0, 7330.0], [70396.0, 3160.0]], "asks": [[70428.5, 65770.0], [70429.0, 29890.0], [70429.5, 2300.0], [70431.0, 75220.0], [70431.5, 13000.0], [70432.0, 1410.0], [70432.5, 440.0], [70433.0, 500.0], [70433.5, 9900.0], [70434.0, 1060.0], [70434.5, 10.0], [70435.5, 7340.0], [70436.0, 24580.0], [70439.5, 43630.0], [70440.0, 50000.0], [70446.5, 6600.0], [70447.0, 36970.0], [70447.5, 2300.0], [70448.5, 7270.0], [70451.0, 3640.0]]}}}
{"jsonrpc": "2.0", "method": "subscription", "params": {"channel": "book.BTC-PERPETUAL.none.20.100ms", "data": {"timestamp": 1772776967637, "change_id": 143994746701, "instrument_name": "BTC-PERPETUAL", "bids": [[70428.0, 90.0], [70421.0, 90.0], [70418.5, 2300.0], [70413.0, 27600.0], [70412.5, 2000.0], [70411.0, 2240.0], [70410.0, 31000.0], [70407.5, 13490.0], [70406.5, 36950.0], [70405.5, 6000.0], [70405.0, 74990.0], [70404.5, 1490.0], [70402.5, 12040.0], [70401.5, 13990.0], [70401.0, 7270.0], [70400.5, 3630.0], [70399.5, 90.0], [70397.5, 3130.0], [70397.0, 7330.0], [70396.0, 3160.0]], "asks": [[70428.5, 65460.0], [70429.0, 29890.0], [70429.5, 2300.0], [70431.0, 75220.0], [70431.5, 13000.0], [70432.0, 1410.0], [70432.5, 440.0], [70433.0, 500.0], [70433.5, 9900.0], [70434.0, 1060.0], [70434.5, 10.0], [70435.5, 7340.0], [70436.0, 24580.0], [70439.5, 43630.0], [70440.0, 50000.0], [70446.5, 18320.0], [70447.0, 36970.0], [70447.5, 2300.0], [70448.5, 7270.0], [70451.0, 3640.0]]}}}
{"jsonrpc": "2.0", "method": "subscription", "params": {"channel": "book.BTC-PERPETUAL.none.20.100ms", "data": {"timestamp": 1772776968006, "change_id": 143994747078, "instrument_name": "BTC-PERPETUAL", "bids": [[70428.0, 90.0], [70421.0, 90.0], [70418.5, 2300.0], [70413.0, 27600.0], [70412.5, 2000.0], [70411.0, 2240.0], [70410.0, 31000.0], [70408.5, 500.0], [70407.0, 87980.0], [70406.5, 36950.0], [70405.5, 6000.0], [70404.5, 1490.0], [70402.5, 8280.0], [70401.0, 7270.0], [70400.5, 3630.0], [70399.5, 90.0], [70398.5, 7310.0], [70398.0, 13990.0], [70397.0, 7330.0], [70396.0, 3160.0]], "asks": [[70428.5, 64470.0], [70429.0, 29890.0], [70429.5, 2300.0], [70431.0, 75220.0], [70431.5, 13000.0], [70432.0, 1410.0], [70432.5, 440.0], [70433.0, 500.0], [70433.5, 9900.0], [70434.0, 1060.0], [70434.5, 10.0], [70435.5, 7340.0], [70436.0, 24580.0], [70439.5, 43630.0], [70440.0, 50000.0], [70446.5, 18320.0], [70447.0, 36970.0], [70447.5, 2300.0], [70448.5, 7270.0], [70451.0, 3640.0]]}}}
{"jsonrpc": "2.0", "method": "subscription", "params": {"channel": "book.BTC-PERPETUAL.none.20.100ms", "data": {"timestamp": 1772776968314, "change_id": 143994747639, "instrument_name": "BTC-PERPETUAL", "bids": [[70428.0, 90.0], [70421.0, 90.0], [70418.5, 2300.0], [70413.0, 27600.0], [70412.5, 2000.0], [70411.0, 12240.0], [70410.0, 21000.0], [70407.5, 500.0], [70407.0, 12990.0], [70406.5, 36950.0], [70405.5, 6000.0], [70405.0, 74990.0], [70404.5, 1490.0], [70402.5, 12040.0], [70401.5, 13990.0], [70401.0, 7270.0], [70400.5, 3630.0], [70399.5, 90.0], [70397.5, 3130.0], [70397.0, 7330.0]], "asks": [[70428.5, 64360.0], [70429.0, 29890.0], [70429.5, 2300.0], [70431.0, 75220.0], [70431.5, 13000.0], [70432.0, 1410.0], [70432.5, 440.0], [70433.0, 500.0], [70433.5, 9900.0], [70434.0, 1060.0], [70434.5, 10.0], [70435.5, 7340.0], [70436.0, 24580.0], [70439.5, 18630.0], [70440.0, 50000.0], [70446.5, 18320.0], [70447.0, 36970.0], [70447.5, 2300.0], [70448.5, 7270.0], [70449.0, 25000.0]]}}}
{"jsonrpc": "2.0", "method": "subscription", "params": {"channel": "book.BTC-PERPETUAL.none.20.100ms", "data": {"timestamp": 1772776968671, "change_id": 143994748493, "instrument_name": "BTC-PERPETUAL", "bids": [[70421.0, 90.0], [70419.0, 140.0], [70413.0, 12300.0], [70408.0, 12100.0], [70407.0, 5500.0], [70405.5, 8240.0], [70402.5, 23000.0], [70402.0, 74990.0], [70401.5, 12990.0], [70401.0, 1110.0], [70400.5, 3630.0], [70399.5, 90.0], [70398.5, 12310.0], [70398.0, 36950.0], [70397.0, 7330.0], [70396.0, 3160.0], [70395.5, 17770.0], [70395.0, 6030.0], [70393.5, 13990.0], [70393.0, 50330.0]], "asks": [[70421.5, 57450.0], [70424.0, 2270.0], [70427.5, 44450.0], [70428.0, 28100.0], [70428.5, 117730.0], [70429.0, 13000.0], [70430.5, 3420.0], [70431.0, 200.0], [70432.0, 410.0], [70432.5, 440.0], [70433.0, 500.0], [70433.5, 9900.0], [70434.5, 10.0], [70435.5, 21320.0], [70436.0, 24580.0], [70437.0, 50000.0], [70439.5, 43570.0], [70441.5, 7270.0], [70443.0, 7460.0], [70443.5, 28610.0]]}}}
{"jsonrpc": "2.0", "method": "subscription", "params": {"channel": "book.BTC-PERPETUAL.none.20.100ms", "data": {"timestamp": 1772776968999, "change_id": 143994749562, "instrument_name": "BTC-PERPETUAL", "bids": [[70412.0, 2300.0], [70407.0, 6600.0], [70406.5, 10000.0], [70406.0, 11000.0], [70405.5, 8240.0], [70404.5, 10000.0], [70402.5, 23000.0], [70401.0, 13490.0], [70399.5, 90.0], [70398.5, 79990.0], [70398.0, 36950.0], [70397.0, 7330.0], [70396.0, 3160.0], [70395.5, 8370.0], [70395.0, 6030.0], [70393.5, 13990.0], [70393.0, 7830.0], [70392.5, 200.0], [70392.0, 3580.0], [70391.5, 6000.0]], "asks": [[70412.5, 16700.0], [70421.0, 13180.0], [70421.5, 45490.0], [70426.0, 26270.0], [70426.5, 75020.0], [70427.0, 13000.0], [70427.5, 20940.0], [70428.0, 28100.0], [70428.5, 34260.0], [70431.0, 200.0], [70432.0, 410.0], [70432.5, 440.0], [70433.0, 18000.0], [70433.5, 9900.0], [70434.0, 57270.0], [70434.5, 23960.0], [70435.0, 43570.0], [70436.0, 24580.0], [70437.5, 2360.0], [70441.0, 10290.0]]}}}
