{"jsonrpc": "2.0", "id": 1, "result": ["book.BTC-PERPETUAL.none.20.100ms"], "usIn": 1772763417504270, "usOut": 1772763417504493, "usDiff": 223, "testnet": false}
{"jsonrpc": "2.0", "method": "subscription", "params": {"channel": "book.BTC-PERPETUAL.none.20.100ms", "data": {"timestamp": 1772763417500, "change_id": 143965756863, "instrument_name": "BTC-PERPETUAL", "bids": [[71261.5, 75740.0], [71261.0, 12350.0], [71260.5, 10000.0], [71257.0, 5490.0], [71256.5, 57880.0], [71256.0, 11000.0], [71253.5, 74970.0], [71252.5, 60.0], [71249.5, 18800.0], [71248.5, 12990.0], [71248.0, 72790.0], [71246.0, 3630.0], [71245.0, 130.0], [71244.5, 6700.0], [71244.0, 1170.0], [71243.5, 1000.0], [71243.0, 2020.0], [71242.5, 1800.0], [71242.0, 25000.0], [71241.5, 9460.0]], "asks": [[71262.0, 31860.0], [71270.0, 2240.0], [71270.5, 7490.0], [71271.0, 15730.0], [71273.0, 18990.0], [71273.5, 32080.0], [71274.0, 21090.0], [71276.0, 36960.0], [71276.5, 800.0], [71277.0, 12800.0], [71277.5, 1790.0], [71278.5, 6000.0], [71281.0, 2960.0], [71283.0, 9430.0], [71283.5, 500.0], [71285.5, 1790.0], [71286.0, 6000.0], [71288.5, 6000.0], [71289.0, 81000.0], [71289.5, 9430.0]]}}}
{"jsonrpc": "2.0", "method": "subscription", "params": {"channel": "book.BTC-PERPETUAL.none.20.100ms", "data": {"timestamp": 1772763417612, "change_id": 143965757036, "instrument_name": "BTC-PERPETUAL", "bids": [[71261.5, 74790.0], [71261.0, 12350.0], [71260.5, 10000.0], [71257.0, 5490.0], [71256.5, 34280.0], [71256.0, 11000.0], [71252.5, 60.0], [71252.0, 22380.0], [71251.5, 74970.0], [71249.5, 18800.0], [71248.5, 12990.0], [71248.0, 72790.0], [71246.5, 6590.0], [71246.0, 1530.0], [71245.0, 130.0], [71244.5, 110.0], [71244.0, 1170.0], [71243.5, 1000.0], [71243.0, 2020.0], [71242.5, 1800.0]], "asks": [[71262.0, 31860.0], [71270.0, 2240.0], [71270.5, 7490.0], [71271.0, 15730.0], [71273.0, 18990.0], [71273.5, 32080.0], [71274.0, 21090.0], [71276.0, 36960.0], [71276.5, 800.0], [71277.0, 12800.0], [71277.5, 1790.0], [71278.5, 6000.0], [71281.0, 2960.0], [71283.0, 9430.0], [71283.5, 500.0], [71285.5, 1790.0], [71286.0, 6000.0], [71288.5, 6000.0], [71289.0, 81000.0], [71289.5, 9430.0]]}}}
{"jsonrpc": "2.0", "method": "subscription", "params": {"channel": "book.BTC-PERPETUAL.none.20.100ms", "data": {"timestamp": 1772763417945, "change_id": 143965757987, "instrument_name": "BTC-PERPETUAL", "bids": [[71261.5, 165920.0], [71261.0, 15070.0], [71260.5, 10000.0], [71257.0, 2000.0], [71256.5, 56290.0], [71256.0, 11000.0], [71254.0, 50000.0], [71253.0, 1990.0], [71252.5, 6650.0], [71249.0, 29770.0], [71248.5, 25000.0], [71248.0, 22790.0], [71247.0, 36940.0], [71246.0, 5540.0], [71245.0, 130.0], [71244.5, 14100.0], [71244.0, 1170.0], [71243.0, 2020.0], [71242.5, 1800.0], [71241.5, 9960.0]], "asks": [[71262.0, 7360.0], [71273.0, 6000.0], [71274.0, 30500.0], [71276.5, 1650.0], [71277.0, 5490.0], [71277.5, 8090.0], [71278.5, 6000.0], [71279.0, 2000.0], [71280.5, 18480.0], [71281.0, 2870.0], [71282.0, 2620.0], [71282.5, 6590.0], [71284.5, 12970.0], [71285.0, 37460.0], [71286.0, 6000.0], [71288.5, 11310.0], [71289.0, 6000.0], [71289.5, 9430.0], [71291.0, 500.0], [71291.5, 2350.0]]}}}
{"jsonrpc": "2.0", "method": "subscription", "params": {"channel": "book.BTC-PERPETUAL.none.20.100ms", "data": {"timestamp": 1772763418260, "change_id": 143965758570, "instrument_name": "BTC-PERPETUAL", "bids": [[71261.5, 122180.0], [71261.0, 35530.0], [71260.5, 10000.0], [71257.5, 24700.0], [71257.0, 74970.0], [71256.5, 56290.0], [71256.0, 11000.0], [71254.0, 72800.0], [71253.0, 1990.0], [71252.5, 6650.0], [71248.5, 6800.0], [71248.0, 22790.0], [71247.0, 5010.0], [71246.0, 16060.0], [71245.5, 25000.0], [71245.0, 1770.0], [71244.5, 51040.0], [71244.0, 1170.0], [71243.0, 2020.0], [71241.5, 9960.0]], "asks": [[71262.0, 7360.0], [71273.0, 6000.0], [71274.0, 30500.0], [71276.5, 10.0], [71277.5, 13370.0], [71278.0, 5490.0], [71278.5, 11490.0], [71279.0, 2000.0], [71280.5, 26590.0], [71281.0, 9390.0], [71281.5, 12990.0], [71282.0, 10100.0], [71283.5, 500.0], [71285.0, 36960.0], [71285.5, 23950.0], [71286.0, 6000.0], [71288.0, 75000.0], [71288.5, 11310.0], [71289.0, 6000.0], [71289.5, 9430.0]]}}}
{"jsonrpc": "2.0", "method": "subscription", "params": {"channel": "book.BTC-PERPETUAL.none.20.100ms", "data": {"timestamp": 1772763418606, "change_id": 143965759399, "instrument_name": "BTC-PERPETUAL", "bids": [[71261.5, 129040.0], [71261.0, 35530.0], [71260.5, 10000.0], [71258.0, 74970.0], [71257.5, 24700.0], [71256.5, 62400.0], [71256.0, 11000.0], [71254.0, 72800.0], [71252.5, 60.0], [71250.0, 1970.0], [71249.5, 6590.0], [71249.0, 44320.0], [71248.0, 22790.0], [71246.5, 36940.0], [71246.0, 5840.0], [71245.0, 2270.0], [71244.5, 14100.0], [71244.0, 1170.0], [71243.0, 2020.0], [71242.0, 9280.0]], "asks": [[71262.0, 7360.0], [71273.0, 6000.0], [71274.0, 30500.0], [71276.5, 10.0], [71277.0, 5490.0], [71277.5, 8490.0], [71278.0, 5490.0], [71278.5, 6000.0], [71279.0, 2000.0], [71280.5, 20000.0], [71281.0, 13090.0], [71281.5, 12990.0], [71282.0, 10110.0], [71284.0, 500.0], [71284.5, 15690.0], [71285.0, 36960.0], [71286.0, 6000.0], [71288.5, 11310.0], [71289.0, 6000.0], [71289.5, 9430.0]]}}}
{"jsonrpc": "2.0", "method": "subscription", "params": {"channel": "book.BTC-PERPETUAL.none.20.100ms", "data": {"timestamp": 1772763418933, "change_id": 143965759870, "instrument_name": "BTC-PERPETUAL", "bids": [[71261.5, 128840.0], [71261.0, 35530.0], [71260.5, 10000.0], [71258.0, 74970.0], [71257.5, 24700.0], [71256.5, 62400.0], [71256.0, 11000.0], [71254.0, 72800.0], [71253.5, 6590.0], [71253.0, 25000.0], [71252.5, 60.0], [71249.5, 11030.0], [71247.0, 5010.0], [71246.5, 36940.0], [71246.0, 5840.0], [71245.0, 2270.0], [71244.5, 14100.0], [71244.0, 1170.0], [71243.0, 2020.0], [71242.0, 9280.0]], "asks": [[71262.0, 7360.0], [71273.0, 6000.0], [71274.0, 30500.0], [71276.5, 10.0], [71277.5, 8490.0], [71278.0, 10980.0], [71278.5, 6000.0], [71279.0, 2000.0], [71280.5, 20000.0], [71281.0, 13090.0], [71281.5, 12990.0], [71282.0, 10110.0], [71284.0, 500.0], [71284.5, 15690.0], [71285.0, 36960.0], [71286.0, 6000.0], [71288.5, 11310.0], [71289.0, 6000.0], [71289.5, 9430.0], [71291.0, 500.0]]}}}
{"jsonrpc": "2.0", "method": "subscription", "params": {"channel": "book.BTC-PERPETUAL.none.20.100ms", "data": {"timestamp": 1772763419263, "change_id": 143965760318, "instrument_name": "BTC-PERPETUAL", "bids": [[71261.5, 127940.0], [71261.0, 35530.0], [71260.5, 10000.0], [71258.5, 24600.0], [71257.0, 74970.0], [71256.5, 75780.0], [71256.0, 11000.0], [71254.0, 95600.0], [71253.5, 6590.0], [71253.0, 25000.0], [71252.5, 60.0], [71252.0, 1000.0], [71249.5, 11030.0], [71246.5, 36940.0], [71246.0, 17740.0], [71245.0, 2270.0], [71244.5, 14100.0], [71244.0, 1170.0], [71243.0, 44380.0], [71242.0, 9280.0]], "asks": [[71262.0, 7360.0], [71273.0, 6000.0], [71274.0, 30500.0], [71276.5, 10.0], [71277.5, 8490.0], [71278.0, 10980.0], [71278.5, 6000.0], [71279.0, 2000.0], [71280.5, 20000.0], [71281.0, 13090.0], [71281.5, 13490.0], [71282.0, 10110.0], [71284.5, 36440.0], [71285.0, 36960.0], [71286.0, 6000.0], [71288.0, 75000.0], [71288.5, 11310.0], [71289.0, 6000.0], [71289.5, 9430.0], [71291.0, 500.0]]}}}
{"jsonrpc": "2.0", "method": "subscription", "params": {"channel": "book.BTC-PERPETUAL.none.20.100ms", "data": {"timestamp": 1772763419596, "change_id": 143965760997, "instrument_name": "BTC-PERPETUAL", "bids": [[71261.5, 127130.0], [71261.0, 35530.0], [71260.5, 10000.0], [71258.5, 24600.0], [71257.0, 74970.0], [71256.5, 75780.0], [71256.0, 11000.0], [71254.0, 95600.0], [71253.0, 27280.0], [71252.5, 6650.0], [71252.0, 1000.0], [71249.5, 11030.0], [71248.5, 500.0], [71246.5, 36940.0], [71246.0, 17740.0], [71245.5, 1880.0], [71245.0, 1770.0], [71244.5, 14100.0], [71244.0, 1170.0], [71243.0, 42360.0]], "asks": [[71262.0, 7360.0], [71273.0, 6000.0], [71274.0, 30500.0], [71276.5, 10.0], [71277.5, 12520.0], [71278.0, 10980.0], [71278.5, 6000.0], [71279.0, 2000.0], [71280.5, 20000.0], [71281.0, 13590.0], [71281.5, 12990.0], [71282.0, 10110.0], [71284.5, 36440.0], [71285.0, 36960.0], [71286.0, 6000.0], [71288.0, 75000.0], [71288.5, 11310.0], [71289.0, 6000.0], [71289.5, 9430.0], [71291.0, 500.0]]}}}
{"jsonrpc": "2.0", "method": "subscription", "params": {"channel": "book.BTC-PERPETUAL.none.20.100ms", "data": {"timestamp": 1772763419901, "change_id": 143965761344, "instrument_name": "BTC-PERPETUAL", "bids": [[71261.5, 127700.0], [71261.0, 35530.0], [71260.5, 10000.0], [71259.5, 24600.0], [71257.0, 74970.0], [71256.5, 75780.0], [71256.0, 11000.0], [71254.0, 95600.0], [71253.0, 27280.0], [71252.5, 6650.0], [71252.0, 1000.0], [71249.5, 11030.0], [71248.5, 500.0], [71246.5, 36940.0], [71246.0, 17740.0], [71245.5, 1880.0], [71245.0, 1770.0], [71244.5, 14100.0], [71244.0, 1170.0], [71243.0, 42360.0]], "asks": [[71262.0, 7360.0], [71273.0, 6000.0], [71274.0, 30500.0], [71276.5, 10.0], [71277.5, 12520.0], [71278.0, 10980.0], [71278.5, 6000.0], [71279.0, 2000.0], [71280.5, 20000.0], [71281.0, 13090.0], [71281.5, 12990.0], [71282.0, 10110.0], [71284.0, 500.0], [71284.5, 36440.0], [71285.0, 36960.0], [71286.0, 6000.0], [71288.0, 75000.0], [71288.5, 11310.0], [71289.0, 6000.0], [71289.5, 9430.0]]}}}
{"jsonrpc": "2.0", "method": "subscription", "params": {"channel": "book.BTC-PERPETUAL.none.20.100ms", "data": {"timestamp": 1772763420256, "change_id": 143965762886, "instrument_name": "BTC-PERPETUAL", "bids": [[71276.0, 71130.0], [71275.5, 6000.0], [71274.0, 20690.0], [71273.5, 65470.0], [71272.0, 3000.0], [71270.5, 10980.0], [71268.0, 1490.0], [71267.0, 5000.0], [71262.0, 42880.0], [71261.5, 104600.0], [71260.0, 104450.0], [71259.5, 50000.0], [71257.0, 2000.0], [71256.5, 49410.0], [71256.0, 16470.0], [71254.0, 45600.0], [71253.5, 25000.0], [71252.5, 37000.0], [71251.5, 9470.0], [71250.0, 13990.0]], "asks": [[71276.5, 32680.0], [71284.0, 5490.0], [71284.5, 4030.0], [71285.5, 5490.0], [71286.0, 6000.0], [71287.0, 2000.0], [71288.0, 30440.0], [71288.5, 28870.0], [71289.0, 26730.0], [71289.5, 9430.0], [71291.0, 36960.0], [71292.5, 4670.0], [71293.5, 15430.0], [71294.5, 200.0], [71297.5, 24870.0], [71298.0, 75100.0], [71298.5, 9430.0], [71299.0, 6500.0], [71299.5, 1000.0], [71305.5, 3520.0]]}}}
{"jsonrpc": "2.0", "method": "subscription", "params": {"channel": "book.BTC-PERPETUAL.none.20.100ms", "data": {"timestamp": 1772763420583, "change_id": 143965763967, "instrument_name": "BTC-PERPETUAL", "bids": [[71276.0, 76690.0], [71275.5, 6000.0], [71274.0, 14970.0], [71273.5, 34750.0], [71272.5, 490.0], [71272.0, 3000.0], [71271.5, 10980.0], [71269.5, 1490.0], [71267.0, 5000.0], [71264.0, 25760.0], [71263.5, 87960.0], [71262.0, 6400.0], [71261.5, 9830.0], [71260.5, 6590.0], [71260.0, 22890.0], [71259.5, 50000.0], [71257.5, 25000.0], [71256.5, 49410.0], [71256.0, 16470.0], [71254.5, 36940.0]], "asks": [[71276.5, 32680.0], [71284.5, 5810.0], [71285.0, 5490.0], [71285.5, 5490.0], [71286.0, 6000.0], [71287.0, 2000.0], [71288.0, 19750.0], [71288.5, 35460.0], [71289.0, 19640.0], [71289.5, 9430.0], [71291.5, 15700.0], [71292.0, 36960.0], [71293.5, 15430.0], [71294.5, 200.0], [71295.5, 25200.0], [71296.0, 75000.0], [71298.5, 9430.0], [71299.0, 6500.0], [71299.5, 1000.0], [71305.5, 3520.0]]}}}
{"jsonrpc": "2.0", "method": "subscription", "params": {"channel": "book.BTC-PERPETUAL.none.20.100ms", "data": {"timestamp": 1772763420909, "change_id": 143965764382, "instrument_name": "BTC-PERPETUAL", "bids": [[71276.0, 80390.0], [71275.5, 6000.0], [71274.0, 11100.0], [71273.5, 33470.0], [71272.5, 490.0], [71272.0, 3000.0], [71271.0, 5490.0], [71270.5, 3130.0], [71270.0, 5490.0], [71267.0, 5000.0], [71265.0, 26260.0], [71264.0, 74970.0], [71263.0, 7880.0], [71262.5, 12990.0], [71261.5, 6810.0], [71260.5, 6590.0], [71260.0, 22890.0], [71259.5, 50000.0], [71258.5, 25000.0], [71256.5, 24700.0]], "asks": [[71276.5, 32780.0], [71284.5, 11580.0], [71285.0, 5490.0], [71285.5, 5490.0], [71286.0, 6000.0], [71287.0, 2000.0], [71288.0, 35650.0], [71288.5, 8870.0], [71289.0, 19640.0], [71289.5, 9430.0], [71292.5, 15700.0], [71293.0, 36960.0], [71293.5, 15430.0], [71294.5, 200.0], [71297.0, 25200.0], [71298.0, 75000.0], [71298.5, 9430.0], [71299.0, 6500.0], [71299.5, 1000.0], [71305.5, 3520.0]]}}}
{"jsonrpc": "2.0", "method": "subscription", "params": {"channel": "book.BTC-PERPETUAL.none.20.100ms", "data": {"timestamp": 1772763421250, "change_id": 143965765234, "instrument_name": "BTC-PERPETUAL", "bids": [[71276.0, 89110.0], [71275.5, 6000.0], [71275.0, 5330.0], [71273.5, 8870.0], [71273.0, 5490.0], [71272.5, 5490.0], [71272.0, 3000.0], [71270.5, 1490.0], [71267.0, 5000.0], [71266.5, 47440.0], [71266.0, 74980.0], [71264.5, 50000.0], [71262.5, 10120.0], [71262.0, 26080.0], [71261.5, 6810.0], [71261.0, 1000.0], [71260.0, 7460.0], [71259.5, 25000.0], [71257.0, 2000.0], [71256.0, 15470.0]], "asks": [[71276.5, 8180.0], [71283.0, 24500.0], [71284.5, 4170.0], [71286.0, 6000.0], [71287.0, 2000.0], [71287.5, 5490.0], [71288.0, 13430.0], [71288.5, 11490.0], [71289.0, 26650.0], [71289.5, 9430.0], [71291.5, 24190.0], [71292.0, 19580.0], [71292.5, 2870.0], [71293.0, 37460.0], [71293.5, 15430.0], [71294.5, 200.0], [71296.0, 24840.0], [71298.0, 75000.0], [71298.5, 9430.0], [71299.0, 6500.0]]}}}
{"jsonrpc": "2.0", "method": "subscription", "params": {"channel": "book.BTC-PERPETUAL.none.20.100ms", "data": {"timestamp": 1772763421576, "change_id": 143965766055, "instrument_name": "BTC-PERPETUAL", "bids": [[71276.0, 95360.0], [71275.5, 6000.0], [71275.0, 3690.0], [71274.0, 5490.0], [71273.5, 8870.0], [71272.0, 3000.0], [71270.5, 27090.0], [71267.5, 12990.0], [71267.0, 79970.0], [71266.5, 12070.0], [71265.0, 6590.0], [71264.5, 50000.0], [71262.5, 20590.0], [71262.0, 67290.0], [71261.5, 6810.0], [71261.0, 1000.0], [71260.0, 7460.0], [71256.5, 36940.0], [71256.0, 15470.0], [71254.0, 500.0]], "asks": [[71276.5, 8180.0], [71283.0, 24500.0], [71284.5, 3720.0], [71286.0, 6000.0], [71287.0, 2000.0], [71288.0, 25490.0], [71288.5, 6000.0], [71289.0, 26000.0], [71290.5, 5980.0], [71291.0, 12990.0], [71292.0, 23340.0], [71292.5, 2870.0], [71293.5, 53040.0], [71294.5, 200.0], [71297.5, 25200.0], [71298.0, 75000.0], [71298.5, 9430.0], [71299.0, 6500.0], [71305.5, 4520.0], [71306.0, 9430.0]]}}}
{"jsonrpc": "2.0", "method": "subscription", "params": {"channel": "book.BTC-PERPETUAL.none.20.100ms", "data": {"timestamp": 1772763421912, "change_id": 143965766504, "instrument_name": "BTC-PERPETUAL", "bids": [[71276.0, 99390.0], [71275.5, 11490.0], [71275.0, 3690.0], [71273.5, 8870.0], [71272.0, 3000.0], [71270.5, 27090.0], [71267.5, 12990.0], [71267.0, 74970.0], [71266.5, 12070.0], [71265.0, 6590.0], [71264.5, 50000.0], [71262.5, 20590.0], [71262.0, 67290.0], [71261.5, 6810.0], [71261.0, 1000.0], [71257.5, 14670.0], [71257.0, 13990.0], [71256.5, 36940.0], [71256.0, 15470.0], [71254.0, 42500.0]], "asks": [[71276.5, 8180.0], [71283.0, 24500.0], [71284.5, 2390.0], [71286.0, 6000.0], [71287.0, 2000.0], [71288.0, 12080.0], [71288.5, 6000.0], [71289.0, 6000.0], [71290.5, 5490.0], [71291.0, 25980.0], [71291.5, 7680.0], [71292.5, 2870.0], [71293.0, 19580.0], [71293.5, 16080.0], [71294.5, 200.0], [71296.0, 36230.0], [71296.5, 75000.0], [71297.0, 36960.0], [71298.5, 11370.0], [71299.0, 6500.0]]}}}
{"jsonrpc": "2.0", "method": "subscription", "params": {"channel": "book.BTC-PERPETUAL.none.20.100ms", "data": {"timestamp": 1772763422235, "change_id": 143965767174, "instrument_name": "BTC-PERPETUAL", "bids": [[71276.0, 89260.0], [71275.5, 6000.0], [71275.0, 6350.0], [71274.0, 5490.0], [71273.5, 8870.0], [71273.0, 490.0], [71272.5, 5490.0], [71272.0, 3000.0], [71271.0, 5000.0], [71266.5, 18800.0], [71265.5, 12990.0], [71264.5, 50000.0], [71263.5, 46760.0], [71263.0, 74970.0], [71262.0, 42290.0], [71261.5, 13400.0], [71261.0, 1000.0], [71260.0, 25000.0], [71256.0, 15470.0], [71255.0, 24210.0]], "asks": [[71276.5, 32680.0], [71284.5, 12940.0], [71286.0, 6000.0], [71287.0, 7490.0], [71288.0, 29570.0], [71288.5, 11980.0], [71289.0, 6000.0], [71289.5, 12990.0], [71290.0, 6590.0], [71291.5, 36990.0], [71292.5, 2870.0], [71293.0, 36960.0], [71293.5, 16080.0], [71294.5, 200.0], [71295.0, 75000.0], [71298.0, 2810.0], [71298.5, 11370.0], [71299.0, 6500.0], [71305.5, 4520.0], [71306.0, 9430.0]]}}}
{"jsonrpc": "2.0", "method": "subscription", "params": {"channel": "book.BTC-PERPETUAL.none.20.100ms", "data": {"timestamp": 1772763422566, "change_id": 143965768008, "instrument_name": "BTC-PERPETUAL", "bids": [[71276.0, 95750.0], [71275.5, 6000.0], [71275.0, 6350.0], [71274.5, 5490.0], [71274.0, 5490.0], [71273.5, 8870.0], [71272.5, 490.0], [71272.0, 3000.0], [71271.0, 5000.0], [71266.5, 38780.0], [71265.5, 12990.0], [71264.5, 50000.0], [71264.0, 74970.0], [71263.5, 24380.0], [71262.5, 31590.0], [71262.0, 42290.0], [71261.5, 6810.0], [71261.0, 1000.0], [71256.0, 15470.0], [71255.5, 13990.0]], "asks": [[71276.5, 8180.0], [71282.0, 24500.0], [71284.5, 5190.0], [71286.0, 6000.0], [71287.0, 2000.0], [71288.0, 21450.0], [71288.5, 6490.0], [71289.0, 6000.0], [71290.0, 20000.0], [71290.5, 5490.0], [71291.0, 19580.0], [71291.5, 36990.0], [71292.5, 2870.0], [71293.5, 91080.0], [71294.0, 36960.0], [71294.5, 200.0], [71298.0, 2810.0], [71298.5, 11370.0], [71299.0, 6500.0], [71305.5, 4520.0]]}}}
{"jsonrpc": "2.0", "method": "subscription", "params": {"channel": "book.BTC-PERPETUAL.none.20.100ms", "data": {"timestamp": 1772763422887, "change_id": 143965768319, "instrument_name": "BTC-PERPETUAL", "bids": [[71276.0, 94200.0], [71275.5, 11490.0], [71275.0, 6350.0], [71273.5, 8870.0], [71273.0, 5490.0], [71272.5, 490.0], [71272.0, 3000.0], [71271.0, 5000.0], [71266.5, 38780.0], [71265.5, 12990.0], [71264.5, 50000.0], [71264.0, 74970.0], [71263.5, 24380.0], [71262.5, 31590.0], [71262.0, 42290.0], [71261.5, 6810.0], [71261.0, 1000.0], [71258.5, 2730.0], [71258.0, 9130.0], [71256.0, 15470.0]], "asks": [[71276.5, 32680.0], [71284.5, 5190.0], [71286.0, 6000.0], [71287.0, 2000.0], [71288.0, 21940.0], [71288.5, 6000.0], [71289.0, 6000.0], [71290.0, 20000.0], [71290.5, 5490.0], [71291.0, 19580.0], [71291.5, 36990.0], [71292.5, 2870.0], [71293.5, 91080.0], [71294.0, 36960.0], [71294.5, 200.0], [71298.0, 2810.0], [71298.5, 11370.0], [71299.0, 6500.0], [71305.5, 4520.0], [71306.0, 9430.0]]}}}
{"jsonrpc": "2.0", "method": "subscription", "params": {"channel": "book.BTC-PERPETUAL.none.20.100ms", "data": {"timestamp": 1772763423233, "change_id": 143965768960, "instrument_name": "BTC-PERPETUAL", "bids": [[71276.0, 95760.0], [71275.5, 6490.0], [71275.0, 13350.0], [71274.5, 5490.0], [71273.5, 8870.0], [71272.5, 5490.0], [71272.0, 3000.0], [71271.5, 24600.0], [71271.0, 5000.0], [71266.5, 40740.0], [71266.0, 74970.0], [71265.5, 12990.0], [71264.5, 50000.0], [71263.5, 24380.0], [71263.0, 6590.0], [71262.5, 25000.0], [71262.0, 42290.0], [71261.5, 6810.0], [71261.0, 1000.0], [71258.5, 2730.0]], "asks": [[71276.5, 8180.0], [71282.0, 24500.0], [71284.5, 2390.0], [71286.0, 6000.0], [71287.0, 2000.0], [71288.0, 15960.0], [71288.5, 16980.0], [71289.0, 6000.0], [71290.0, 20000.0], [71290.5, 490.0], [71291.0, 6590.0], [71291.5, 16750.0], [71292.0, 12990.0], [71292.5, 2870.0], [71293.5, 16080.0], [71294.0, 36960.0], [71294.5, 200.0], [71296.5, 25200.0], [71297.0, 75000.0], [71298.5, 11370.0]]}}}
{"jsonrpc": "2.0", "method": "subscription", "params": {"channel": "book.BTC-PERPETUAL.none.20.100ms", "data": {"timestamp": 1772763423554, "change_id": 143965769673, "instrument_name": "BTC-PERPETUAL", "bids": [[71276.0, 94430.0], [71275.5, 11490.0], [71275.0, 13350.0], [71273.5, 8870.0], [71273.0, 5980.0], [71272.0, 3000.0], [71271.5, 24600.0], [71266.5, 38780.0], [71266.0, 5000.0], [71265.5, 12990.0], [71264.5, 50000.0], [71264.0, 74970.0], [71263.5, 24380.0], [71263.0, 6590.0], [71262.0, 67290.0], [71261.5, 6810.0], [71261.0, 1000.0], [71258.5, 2730.0], [71258.0, 9130.0], [71256.0, 15470.0]], "asks": [[71276.5, 32680.0], [71284.5, 3870.0], [71286.0, 6000.0], [71287.0, 2000.0], [71287.5, 5980.0], [71288.0, 15960.0], [71288.5, 6000.0], [71289.0, 26000.0], [71289.5, 5490.0], [71291.0, 19580.0], [71291.5, 40870.0], [71292.5, 2870.0], [71293.0, 75000.0], [71293.5, 16080.0], [71294.0, 36960.0], [71294.5, 200.0], [71298.0, 2810.0], [71298.5, 11370.0], [71299.0, 6500.0], [71305.5, 4520.0]]}}}
{"jsonrpc": "2.0", "method": "subscription", "params": {"channel": "book.BTC-PERPETUAL.none.20.100ms", "data": {"timestamp": 1772763423892, "change_id": 143965769989, "instrument_name": "BTC-PERPETUAL", "bids": [[71276.0, 101350.0], [71275.5, 6000.0], [71275.0, 13350.0], [71273.5, 8870.0], [71273.0, 5490.0], [71272.5, 490.0], [71272.0, 3000.0], [71271.5, 24600.0], [71266.5, 38780.0], [71266.0, 5000.0], [71265.5, 12990.0], [71264.5, 50000.0], [71264.0, 74970.0], [71263.5, 24380.0], [71263.0, 6590.0], [71262.0, 67290.0], [71261.5, 11010.0], [71261.0, 1000.0], [71258.5, 2730.0], [71258.0, 9130.0]], "asks": [[71276.5, 32680.0], [71284.5, 3870.0], [71286.0, 6000.0], [71287.0, 2000.0], [71287.5, 5980.0], [71288.0, 15960.0], [71288.5, 6000.0], [71289.0, 6000.0], [71290.0, 20000.0], [71290.5, 5490.0], [71291.0, 19580.0], [71291.5, 40870.0], [71292.5, 2870.0], [71293.0, 75000.0], [71293.5, 16080.0], [71294.0, 36960.0], [71294.5, 200.0], [71298.0, 2810.0], [71298.5, 11370.0], [71299.0, 6500.0]]}}}
{"jsonrpc": "2.0", "method": "subscription", "params": {"channel": "book.BTC-PERPETUAL.none.20.100ms", "data": {"timestamp": 1772763424223, "change_id": 143965770501, "instrument_name": "BTC-PERPETUAL", "bids": [[71276.0, 102280.0], [71275.5, 6000.0], [71275.0, 3690.0], [71274.0, 5490.0], [71273.5, 8870.0], [71272.5, 490.0], [71272.0, 3000.0], [71266.5, 38780.0], [71266.0, 5000.0], [71265.5, 12990.0], [71264.5, 50000.0], [71264.0, 74970.0], [71263.5, 24380.0], [71263.0, 6590.0], [71262.0, 67290.0], [71261.5, 6000.0], [71261.0, 1000.0], [71259.0, 13750.0], [71258.0, 9130.0], [71256.5, 36940.0]], "asks": [[71276.5, 8180.0], [71282.5, 24500.0], [71285.5, 2530.0], [71286.0, 6000.0], [71287.0, 2000.0], [71288.0, 16450.0], [71288.5, 6000.0], [71289.0, 6000.0], [71289.5, 5490.0], [71290.5, 5490.0], [71291.0, 20000.0], [71291.5, 40870.0], [71292.0, 19580.0], [71292.5, 2870.0], [71293.5, 91080.0], [71294.0, 36960.0], [71294.5, 200.0], [71297.0, 2810.0], [71298.5, 11370.0], [71299.0, 6500.0]]}}}
{"jsonrpc": "2.0", "method": "subscription", "params": {"channel": "book.BTC-PERPETUAL.none.20.100ms", "data": {"timestamp": 1772763424538, "change_id": 143965771536, "instrument_name": "BTC-PERPETUAL", "bids": [[71276.0, 112690.0], [71275.5, 6000.0], [71275.0, 3690.0], [71273.5, 8870.0], [71272.0, 3000.0], [71268.5, 26260.0], [71268.0, 74970.0], [71267.0, 35680.0], [71266.5, 50000.0], [71266.0, 7590.0], [71264.0, 25000.0], [71263.5, 14710.0], [71262.0, 42290.0], [71261.5, 6000.0], [71259.5, 17090.0], [71259.0, 36940.0], [71258.0, 9630.0], [71257.0, 13990.0], [71256.0, 15470.0], [71254.0, 42500.0]], "asks": [[71276.5, 8180.0], [71282.5, 24500.0], [71286.0, 6000.0], [71287.0, 2000.0], [71288.5, 6000.0], [71289.0, 6000.0], [71290.5, 5490.0], [71291.0, 5490.0], [71291.5, 6210.0], [71292.5, 2870.0], [71293.0, 6590.0], [71293.5, 16080.0], [71294.5, 200.0], [71296.0, 37850.0], [71296.5, 12990.0], [71297.0, 75000.0], [71297.5, 36960.0], [71298.5, 11370.0], [71299.0, 6000.0], [71305.5, 3520.0]]}}}
{"jsonrpc": "2.0", "method": "subscription", "params": {"channel": "book.BTC-PERPETUAL.none.20.100ms", "data": {"timestamp": 1772763424876, "change_id": 143965772082, "instrument_name": "BTC-PERPETUAL", "bids": [[71276.0, 162700.0], [71275.5, 6000.0], [71275.0, 6950.0], [71273.5, 8870.0], [71272.0, 3000.0], [71271.0, 12990.0], [71270.5, 1000.0], [71269.5, 26260.0], [71267.5, 81560.0], [71267.0, 22690.0], [71266.5, 50000.0], [71265.5, 25000.0], [71263.5, 23560.0], [71262.0, 42290.0], [71261.5, 11010.0], [71260.0, 28040.0], [71259.5, 36940.0], [71259.0, 500.0], [71258.0, 9630.0], [71256.0, 15470.0]], "asks": [[71276.5, 8180.0], [71288.0, 24500.0], [71288.5, 6000.0], [71289.0, 6000.0], [71292.0, 5860.0], [71292.5, 10980.0], [71293.0, 490.0], [71293.5, 6650.0], [71295.0, 2000.0], [71295.5, 32990.0], [71296.0, 47310.0], [71297.5, 75000.0], [71298.5, 48330.0], [71299.0, 6000.0], [71305.5, 3520.0], [71306.0, 9430.0], [71308.0, 2950.0], [71309.0, 1790.0], [71309.5, 3040.0], [71310.0, 1000.0]]}}}
{"jsonrpc": "2.0", "method": "subscription", "params": {"channel": "book.BTC-PERPETUAL.none.20.100ms", "data": {"timestamp": 1772763425191, "change_id": 143965772649, "instrument_name": "BTC-PERPETUAL", "bids": [[71276.0, 148820.0], [71275.5, 6000.0], [71275.0, 10710.0], [71273.5, 8870.0], [71272.5, 24600.0], [71272.0, 3000.0], [71270.5, 1000.0], [71270.0, 12990.0], [71269.5, 26260.0], [71267.5, 74970.0], [71267.0, 22690.0], [71266.5, 50000.0], [71266.0, 6590.0], [71265.5, 25000.0], [71263.5, 9100.0], [71262.0, 19490.0], [71261.5, 11010.0], [71260.0, 24620.0], [71259.5, 36940.0], [71259.0, 500.0]], "asks": [[71276.5, 8180.0], [71288.0, 24500.0], [71288.5, 6000.0], [71289.0, 6000.0], [71292.0, 13540.0], [71292.5, 10980.0], [71293.0, 12990.0], [71293.5, 6650.0], [71294.5, 26590.0], [71295.0, 48940.0], [71295.5, 36960.0], [71296.0, 2870.0], [71298.0, 75000.0], [71298.5, 11370.0], [71299.0, 6000.0], [71305.5, 3520.0], [71306.0, 9430.0], [71308.0, 2950.0], [71309.0, 1790.0], [71309.5, 3040.0]]}}}
{"jsonrpc": "2.0", "method": "subscription", "params": {"channel": "book.BTC-PERPETUAL.none.20.100ms", "data": {"timestamp": 1772763425544, "change_id": 143965773500, "instrument_name": "BTC-PERPETUAL", "bids": [[71276.0, 136980.0], [71275.5, 6000.0], [71275.0, 10710.0], [71273.5, 8870.0], [71273.0, 5490.0], [71272.5, 24600.0], [71272.0, 3000.0], [71270.5, 6000.0], [71269.5, 26260.0], [71268.5, 97770.0], [71267.0, 22690.0], [71266.5, 62990.0], [71263.5, 17370.0], [71262.5, 6590.0], [71262.0, 19490.0], [71261.5, 11010.0], [71261.0, 25000.0], [71260.0, 24620.0], [71259.0, 500.0], [71258.0, 9630.0]], "asks": [[71276.5, 8180.0], [71287.5, 5490.0], [71288.0, 24500.0], [71288.5, 6000.0], [71289.0, 6000.0], [71291.5, 5990.0], [71292.0, 25400.0], [71292.5, 63550.0], [71293.0, 12990.0], [71293.5, 6650.0], [71295.0, 2000.0], [71296.0, 2870.0], [71297.5, 25200.0], [71298.0, 75000.0], [71298.5, 11370.0], [71299.0, 6000.0], [71305.5, 3520.0], [71306.0, 9430.0], [71308.0, 2950.0], [71309.0, 1790.0]]}}}
{"jsonrpc": "2.0", "method": "subscription", "params": {"channel": "book.BTC-PERPETUAL.none.20.100ms", "data": {"timestamp": 1772763425868, "change_id": 143965774127, "instrument_name": "BTC-PERPETUAL", "bids": [[71276.0, 48910.0], [71275.5, 5730.0], [71274.0, 490.0], [71273.5, 6000.0], [71273.0, 9880.0], [71272.5, 24600.0], [71272.0, 3000.0], [71270.5, 1640.0], [71269.0, 5490.0], [71267.0, 39390.0], [71266.0, 5000.0], [71264.0, 137960.0], [71263.5, 11220.0], [71263.0, 500.0], [71262.5, 25000.0], [71261.5, 7000.0], [71260.5, 6590.0], [71260.0, 2870.0], [71258.0, 9630.0], [71256.5, 17300.0]], "asks": [[71276.5, 8180.0], [71282.5, 7310.0], [71283.0, 24500.0], [71286.5, 3610.0], [71287.0, 5490.0], [71288.0, 31620.0], [71288.5, 41860.0], [71289.0, 6000.0], [71289.5, 650.0], [71290.5, 36960.0], [71291.0, 5990.0], [71292.0, 2390.0], [71293.5, 6000.0], [71295.0, 2000.0], [71296.0, 75000.0], [71298.5, 11370.0], [71299.0, 6000.0], [71304.0, 1000.0], [71305.5, 3520.0], [71306.0, 9430.0]]}}}
{"jsonrpc": "2.0", "method": "subscription", "params": {"channel": "book.BTC-PERPETUAL.none.20.100ms", "data": {"timestamp": 1772763426204, "change_id": 143965774762, "instrument_name": "BTC-PERPETUAL", "bids": [[71276.0, 77410.0], [71275.5, 5730.0], [71274.0, 5980.0], [71273.5, 6000.0], [71273.0, 9880.0], [71272.5, 24600.0], [71272.0, 3000.0], [71269.0, 6810.0], [71268.5, 22800.0], [71266.5, 12990.0], [71266.0, 46180.0], [71265.5, 74970.0], [71265.0, 50000.0], [71263.5, 17810.0], [71263.0, 25500.0], [71261.5, 7000.0], [71258.0, 500.0], [71256.5, 28820.0], [71256.0, 15470.0], [71255.5, 38920.0]], "asks": [[71276.5, 32680.0], [71286.5, 1640.0], [71287.0, 2000.0], [71287.5, 5490.0], [71288.0, 16820.0], [71288.5, 8870.0], [71289.0, 6000.0], [71289.5, 650.0], [71290.0, 32580.0], [71291.5, 12990.0], [71292.0, 13120.0], [71293.0, 36960.0], [71293.5, 6000.0], [71295.0, 25200.0], [71298.0, 75000.0], [71298.5, 11370.0], [71299.0, 6000.0], [71304.0, 1000.0], [71305.5, 3520.0], [71306.0, 9430.0]]}}}
{"jsonrpc": "2.0", "method": "subscription", "params": {"channel": "book.BTC-PERPETUAL.none.20.100ms", "data": {"timestamp": 1772763426534, "change_id": 143965775549, "instrument_name": "BTC-PERPETUAL", "bids": [[71276.0, 77820.0], [71275.5, 11730.0], [71274.5, 490.0], [71274.0, 5490.0], [71273.5, 6000.0], [71273.0, 9880.0], [71272.5, 24600.0], [71272.0, 3000.0], [71269.0, 28310.0], [71268.5, 22800.0], [71267.0, 74970.0], [71266.5, 38480.0], [71266.0, 28800.0], [71265.0, 50000.0], [71263.5, 17810.0], [71263.0, 25500.0], [71261.5, 6000.0], [71258.0, 500.0], [71256.5, 28820.0], [71256.0, 15470.0]], "asks": [[71276.5, 8180.0], [71282.0, 24500.0], [71286.5, 1640.0], [71287.0, 2000.0], [71288.0, 17750.0], [71288.5, 8870.0], [71289.0, 6000.0], [71289.5, 650.0], [71290.5, 5490.0], [71291.0, 490.0], [71291.5, 19580.0], [71292.0, 13120.0], [71293.5, 6000.0], [71294.5, 36960.0], [71295.0, 25200.0], [71298.0, 75000.0], [71298.5, 11370.0], [71299.0, 6000.0], [71304.0, 1000.0], [71305.5, 3520.0]]}}}
{"jsonrpc": "2.0", "method": "subscription", "params": {"channel": "book.BTC-PERPETUAL.none.20.100ms", "data": {"timestamp": 1772763426864, "change_id": 143965775857, "instrument_name": "BTC-PERPETUAL", "bids": [[71276.0, 78710.0], [71275.5, 11730.0], [71274.5, 490.0], [71273.5, 11490.0], [71273.0, 9880.0], [71272.5, 24600.0], [71272.0, 3000.0], [71269.0, 28310.0], [71268.5, 22800.0], [71267.5, 74970.0], [71266.5, 38480.0], [71266.0, 28800.0], [71265.0, 50000.0], [71263.5, 11220.0], [71263.0, 25500.0], [71262.0, 6590.0], [71261.5, 6000.0], [71258.0, 500.0], [71256.5, 28820.0], [71256.0, 15470.0]], "asks": [[71276.5, 8180.0], [71282.0, 24500.0], [71286.0, 2240.0], [71287.0, 2000.0], [71287.5, 5490.0], [71288.0, 12260.0], [71288.5, 8870.0], [71289.0, 6000.0], [71289.5, 650.0], [71290.5, 490.0], [71291.0, 25490.0], [71291.5, 19580.0], [71292.0, 12820.0], [71293.5, 6000.0], [71294.5, 36960.0], [71297.0, 25200.0], [71297.5, 75000.0], [71298.5, 11370.0], [71299.0, 6000.0], [71301.5, 25000.0]]}}}
{"jsonrpc": "2.0", "method": "subscription", "params": {"channel": "book.BTC-PERPETUAL.none.20.100ms", "data": {"timestamp": 1772763427196, "change_id": 143965776401, "instrument_name": "BTC-PERPETUAL", "bids": [[71276.0, 80190.0], [71275.5, 11730.0], [71274.0, 490.0], [71273.5, 11490.0], [71273.0, 9880.0], [71272.5, 24600.0], [71272.0, 3000.0], [71269.0, 28310.0], [71268.5, 22800.0], [71267.0, 74970.0], [71266.5, 38480.0], [71266.0, 28800.0], [71265.0, 50000.0], [71263.5, 11220.0], [71263.0, 25500.0], [71262.0, 6590.0], [71261.5, 6000.0], [71258.0, 500.0], [71256.5, 43140.0], [71256.0, 15470.0]], "asks": [[71276.5, 32680.0], [71286.0, 2240.0], [71287.0, 2000.0], [71287.5, 5490.0], [71288.0, 12260.0], [71288.5, 8870.0], [71289.0, 6000.0], [71289.5, 650.0], [71290.5, 490.0], [71291.0, 5490.0], [71291.5, 19580.0], [71292.0, 12820.0], [71293.5, 6000.0], [71294.5, 36960.0], [71295.0, 25200.0], [71295.5, 75000.0], [71298.5, 18440.0], [71299.0, 6000.0], [71301.5, 25000.0], [71304.0, 1000.0]]}}}
{"jsonrpc": "2.0", "method": "subscription", "params": {"channel": "book.BTC-PERPETUAL.none.20.100ms", "data": {"timestamp": 1772763427501, "change_id": 143965777012, "instrument_name": "BTC-PERPETUAL", "bids": [[71276.0, 86610.0], [71275.5, 6000.0], [71273.5, 11490.0], [71273.0, 9880.0], [71272.5, 24600.0], [71272.0, 3000.0], [71269.5, 29180.0], [71269.0, 74970.0], [71268.5, 22800.0], [71266.5, 38480.0], [71266.0, 28800.0], [71265.0, 50000.0], [71264.0, 6590.0], [71263.5, 11220.0], [71263.0, 25500.0], [71261.5, 6000.0], [71258.0, 500.0], [71257.0, 2000.0], [71256.5, 43140.0], [71256.0, 15470.0]], "asks": [[71276.5, 8180.0], [71282.0, 24500.0], [71287.0, 2000.0], [71288.0, 12260.0], [71288.5, 14360.0], [71289.0, 6000.0], [71289.5, 650.0], [71291.0, 5490.0], [71291.5, 20070.0], [71292.0, 12820.0], [71293.5, 6000.0], [71294.5, 36960.0], [71295.0, 25200.0], [71298.0, 75000.0], [71298.5, 11370.0], [71299.0, 6000.0], [71304.0, 1000.0], [71305.5, 3520.0], [71306.0, 9430.0], [71308.0, 2950.0]]}}}
{"jsonrpc": "2.0", "method": "subscription", "params": {"channel": "book.BTC-PERPETUAL.none.20.100ms", "data": {"timestamp": 1772763427827, "change_id": 143965777442, "instrument_name": "BTC-PERPETUAL", "bids": [[71276.0, 83170.0], [71275.5, 6000.0], [71274.0, 490.0], [71273.5, 11490.0], [71273.0, 9880.0], [71272.5, 24600.0], [71272.0, 3000.0], [71269.5, 6810.0], [71268.5, 22800.0], [71267.0, 51740.0], [71266.5, 87960.0], [71266.0, 28800.0], [71265.0, 50000.0], [71264.0, 6590.0], [71263.5, 11220.0], [71263.0, 25500.0], [71261.5, 6000.0], [71258.0, 500.0], [71256.5, 43140.0], [71256.0, 15470.0]], "asks": [[71276.5, 8180.0], [71282.0, 24500.0], [71287.0, 2000.0], [71288.0, 18300.0], [71288.5, 14360.0], [71289.0, 6000.0], [71289.5, 650.0], [71290.5, 490.0], [71291.0, 25490.0], [71291.5, 19580.0], [71292.0, 12820.0], [71293.5, 6000.0], [71294.5, 36960.0], [71295.0, 25200.0], [71298.0, 75000.0], [71298.5, 11370.0], [71299.0, 6000.0], [71304.0, 1000.0], [71305.5, 3520.0], [71306.0, 9430.0]]}}}
{"jsonrpc": "2.0", "method": "subscription", "params": {"channel": "book.BTC-PERPETUAL.none.20.100ms", "data": {"timestamp": 1772763428187, "change_id": 143965777983, "instrument_name": "BTC-PERPETUAL", "bids": [[71276.0, 76730.0], [71275.5, 6000.0], [71274.0, 490.0], [71273.5, 6000.0], [71273.0, 15370.0], [71272.5, 24600.0], [71272.0, 3000.0], [71269.5, 6810.0], [71268.5, 22800.0], [71267.0, 51740.0], [71266.5, 74970.0], [71266.0, 28800.0], [71265.5, 37990.0], [71265.0, 50000.0], [71263.5, 3910.0], [71263.0, 500.0], [71262.0, 6590.0], [71261.5, 6000.0], [71258.0, 500.0], [71256.0, 15470.0]], "asks": [[71276.5, 8180.0], [71282.0, 24500.0], [71286.0, 2240.0], [71286.5, 5490.0], [71287.0, 2000.0], [71288.0, 18230.0], [71288.5, 8870.0], [71289.0, 6000.0], [71289.5, 20650.0], [71290.0, 6590.0], [71290.5, 490.0], [71291.0, 5490.0], [71291.5, 12990.0], [71292.0, 12590.0], [71293.0, 36960.0], [71293.5, 6000.0], [71296.5, 25200.0], [71297.0, 75000.0], [71298.5, 18440.0], [71299.0, 6000.0]]}}}
{"jsonrpc": "2.0", "method": "subscription", "params": {"channel": "book.BTC-PERPETUAL.none.20.100ms", "data": {"timestamp": 1772763428504, "change_id": 143965778806, "instrument_name": "BTC-PERPETUAL", "bids": [[71276.0, 44380.0], [71275.5, 6000.0], [71274.5, 5490.0], [71274.0, 490.0], [71273.5, 6000.0], [71273.0, 9880.0], [71272.5, 24600.0], [71272.0, 3000.0], [71270.0, 5490.0], [71269.5, 6810.0], [71268.5, 22800.0], [71267.0, 51740.0], [71266.0, 128770.0], [71264.0, 12990.0], [71263.5, 51940.0], [71263.0, 500.0], [71261.5, 6000.0], [71259.0, 2120.0], [71258.5, 6590.0], [71258.0, 500.0]], "asks": [[71276.5, 32680.0], [71286.0, 3920.0], [71286.5, 5490.0], [71287.0, 2000.0], [71288.0, 33520.0], [71288.5, 34860.0], [71289.0, 18990.0], [71289.5, 650.0], [71291.5, 36960.0], [71292.0, 23950.0], [71293.5, 6000.0], [71295.0, 75000.0], [71298.0, 2810.0], [71298.5, 18440.0], [71299.0, 31000.0], [71304.0, 1000.0], [71305.5, 3520.0], [71306.0, 9430.0], [71308.0, 2950.0], [71309.0, 1790.0]]}}}
{"jsonrpc": "2.0", "method": "subscription", "params": {"channel": "book.BTC-PERPETUAL.none.20.100ms", "data": {"timestamp": 1772763428848, "change_id": 143965779270, "instrument_name": "BTC-PERPETUAL", "bids": [[71276.0, 44380.0], [71275.5, 6000.0], [71274.5, 490.0], [71274.0, 5490.0], [71273.5, 6000.0], [71273.0, 9880.0], [71272.5, 24600.0], [71272.0, 3000.0], [71270.0, 5490.0], [71269.5, 6810.0], [71268.5, 22800.0], [71267.0, 51740.0], [71266.5, 74970.0], [71266.0, 53800.0], [71263.5, 55420.0], [71262.0, 12990.0], [71261.5, 6000.0], [71259.0, 2120.0], [71258.5, 6590.0], [71258.0, 500.0]], "asks": [[71276.5, 32680.0], [71286.0, 3920.0], [71286.5, 5490.0], [71287.0, 2000.0], [71288.0, 33520.0], [71288.5, 34360.0], [71289.0, 18990.0], [71289.5, 650.0], [71291.0, 500.0], [71291.5, 36960.0], [71292.0, 1790.0], [71293.5, 6000.0], [71296.5, 25200.0], [71297.0, 75000.0], [71298.5, 18440.0], [71299.0, 31000.0], [71304.0, 1000.0], [71305.5, 3520.0], [71306.0, 9430.0], [71308.0, 2950.0]]}}}
{"jsonrpc": "2.0", "method": "subscription", "params": {"channel": "book.BTC-PERPETUAL.none.20.100ms", "data": {"timestamp": 1772763429159, "change_id": 143965779664, "instrument_name": "BTC-PERPETUAL", "bids": [[71276.0, 44340.0], [71275.5, 6000.0], [71274.5, 490.0], [71274.0, 5490.0], [71273.5, 6000.0], [71273.0, 9880.0], [71272.5, 24600.0], [71272.0, 3000.0], [71270.5, 1640.0], [71270.0, 5490.0], [71267.0, 51740.0], [71266.5, 74970.0], [71266.0, 31000.0], [71263.5, 55420.0], [71262.0, 12990.0], [71261.5, 6000.0], [71261.0, 500.0], [71259.0, 2120.0], [71258.5, 6590.0], [71258.0, 500.0]], "asks": [[71276.5, 32680.0], [71285.5, 7540.0], [71286.0, 6590.0], [71286.5, 5490.0], [71287.0, 2000.0], [71287.5, 12990.0], [71288.0, 26930.0], [71288.5, 34360.0], [71289.0, 42960.0], [71289.5, 650.0], [71291.0, 500.0], [71292.0, 23950.0], [71293.5, 6000.0], [71295.0, 75000.0], [71298.0, 2810.0], [71298.5, 18440.0], [71299.0, 31000.0], [71304.0, 1000.0], [71305.5, 3520.0], [71306.0, 9430.0]]}}}
{"jsonrpc": "2.0", "method": "subscription", "params": {"channel": "book.BTC-PERPETUAL.none.20.100ms", "data": {"timestamp": 1772763429501, "change_id": 143965780438, "instrument_name": "BTC-PERPETUAL", "bids": [[71276.0, 46370.0], [71275.5, 6000.0], [71274.0, 5980.0], [71273.5, 6000.0], [71273.0, 9880.0], [71272.5, 24600.0], [71272.0, 3000.0], [71270.5, 8230.0], [71268.0, 22800.0], [71267.5, 5490.0], [71267.0, 31630.0], [71266.5, 74970.0], [71266.0, 53800.0], [71263.5, 20050.0], [71263.0, 12990.0], [71262.5, 50000.0], [71261.5, 6000.0], [71261.0, 500.0], [71259.0, 2120.0], [71258.5, 6590.0]], "asks": [[71276.5, 32680.0], [71285.0, 5490.0], [71285.5, 7540.0], [71286.0, 6590.0], [71287.0, 2000.0], [71287.5, 12990.0], [71288.0, 26930.0], [71288.5, 28870.0], [71289.0, 11990.0], [71289.5, 650.0], [71290.5, 36960.0], [71292.0, 1790.0], [71293.5, 6000.0], [71296.5, 25200.0], [71297.0, 75000.0], [71298.5, 18440.0], [71299.0, 31000.0], [71304.0, 1000.0], [71305.5, 3520.0], [71306.0, 9430.0]]}}}
{"jsonrpc": "2.0", "method": "subscription", "params": {"channel": "book.BTC-PERPETUAL.none.20.100ms", "data": {"timestamp": 1772763429838, "change_id": 143965780838, "instrument_name": "BTC-PERPETUAL", "bids": [[71276.0, 46470.0], [71275.5, 6000.0], [71274.0, 5980.0], [71273.5, 6000.0], [71273.0, 9880.0], [71272.5, 24600.0], [71272.0, 3000.0], [71270.5, 8230.0], [71268.0, 22800.0], [71267.5, 5490.0], [71267.0, 31630.0], [71266.5, 74970.0], [71266.0, 53800.0], [71263.5, 20050.0], [71263.0, 12990.0], [71262.5, 50000.0], [71261.5, 6000.0], [71261.0, 500.0], [71259.0, 2120.0], [71258.5, 6590.0]], "asks": [[71276.5, 32680.0], [71285.0, 5490.0], [71285.5, 7540.0], [71286.0, 6590.0], [71287.0, 2000.0], [71287.5, 12990.0], [71288.0, 26930.0], [71288.5, 29370.0], [71289.0, 11490.0], [71289.5, 650.0], [71291.5, 36960.0], [71292.0, 23950.0], [71293.5, 6000.0], [71295.0, 75000.0], [71298.0, 2810.0], [71298.5, 11370.0], [71299.0, 6000.0], [71304.0, 1000.0], [71305.5, 3520.0], [71306.0, 9430.0]]}}}
{"jsonrpc": "2.0", "method": "subscription", "params": {"channel": "book.BTC-PERPETUAL.none.20.100ms", "data": {"timestamp": 1772763430168, "change_id": 143965781181, "instrument_name": "BTC-PERPETUAL", "bids": [[71276.0, 54370.0], [71275.5, 6000.0], [71274.0, 5980.0], [71273.5, 6000.0], [71273.0, 9880.0], [71272.5, 24600.0], [71272.0, 3000.0], [71271.0, 5490.0], [71270.5, 8230.0], [71268.0, 22800.0], [71267.0, 49320.0], [71266.5, 74970.0], [71266.0, 53800.0], [71263.5, 55820.0], [71263.0, 12990.0], [71261.5, 6000.0], [71261.0, 500.0], [71259.0, 2120.0], [71258.5, 6590.0], [71258.0, 500.0]], "asks": [[71276.5, 57280.0], [71285.0, 5490.0], [71285.5, 11450.0], [71287.0, 8590.0], [71287.5, 32990.0], [71288.0, 18230.0], [71288.5, 9370.0], [71289.0, 11490.0], [71289.5, 650.0], [71291.5, 36960.0], [71292.0, 1790.0], [71293.5, 6000.0], [71295.5, 25200.0], [71296.0, 75000.0], [71298.5, 18440.0], [71299.0, 6000.0], [71299.5, 25000.0], [71304.0, 1000.0], [71305.5, 3520.0], [71306.0, 9430.0]]}}}
{"jsonrpc": "2.0", "method": "subscription", "params": {"channel": "book.BTC-PERPETUAL.none.20.100ms", "data": {"timestamp": 1772763430494, "change_id": 143965781712, "instrument_name": "BTC-PERPETUAL", "bids": [[71276.0, 53200.0], [71275.5, 6000.0], [71274.0, 5490.0], [71273.5, 6000.0], [71273.0, 9880.0], [71272.5, 25090.0], [71272.0, 3000.0], [71271.0, 5490.0], [71270.5, 8230.0], [71268.0, 22800.0], [71267.0, 49320.0], [71266.0, 53800.0], [71264.0, 74970.0], [71263.5, 55820.0], [71263.0, 12990.0], [71261.5, 6000.0], [71261.0, 500.0], [71259.0, 2120.0], [71258.5, 6590.0], [71258.0, 500.0]], "asks": [[71276.5, 57280.0], [71285.0, 5490.0], [71285.5, 11450.0], [71287.0, 8590.0], [71287.5, 33480.0], [71288.0, 18230.0], [71288.5, 8870.0], [71289.0, 11490.0], [71289.5, 650.0], [71291.5, 36960.0], [71292.0, 1790.0], [71293.5, 6000.0], [71297.5, 25200.0], [71298.0, 75000.0], [71298.5, 18440.0], [71299.0, 6000.0], [71299.5, 25000.0], [71304.0, 1000.0], [71305.5, 3520.0], [71306.0, 9430.0]]}}}
{"jsonrpc": "2.0", "method": "subscription", "params": {"channel": "book.BTC-PERPETUAL.none.20.100ms", "data": {"timestamp": 1772763430819, "change_id": 143965782242, "instrument_name": "BTC-PERPETUAL", "bids": [[71276.0, 45540.0], [71275.5, 6000.0], [71274.0, 5490.0], [71273.5, 6000.0], [71273.0, 9880.0], [71272.5, 25090.0], [71272.0, 3000.0], [71270.5, 8230.0], [71268.5, 5490.0], [71268.0, 22800.0], [71267.0, 49320.0], [71266.0, 53800.0], [71264.0, 74970.0], [71263.5, 55570.0], [71262.0, 12990.0], [71261.5, 6000.0], [71261.0, 500.0], [71259.0, 2120.0], [71258.5, 6590.0], [71258.0, 500.0]], "asks": [[71276.5, 32680.0], [71285.0, 5490.0], [71285.5, 11450.0], [71287.0, 8590.0], [71287.5, 33480.0], [71288.0, 18230.0], [71288.5, 8870.0], [71289.0, 48450.0], [71289.5, 650.0], [71292.0, 1790.0], [71293.5, 6000.0], [71295.5, 25200.0], [71296.0, 75000.0], [71298.5, 18440.0], [71299.0, 6000.0], [71299.5, 25000.0], [71304.0, 1000.0], [71305.5, 3520.0], [71306.0, 9430.0], [71308.0, 2950.0]]}}}
{"jsonrpc": "2.0", "method": "subscription", "params": {"channel": "book.BTC-PERPETUAL.none.20.100ms", "data": {"timestamp": 1772763431159, "change_id": 143965782644, "instrument_name": "BTC-PERPETUAL", "bids": [[71276.0, 68740.0], [71275.5, 6000.0], [71274.0, 5490.0], [71273.5, 6000.0], [71273.0, 9880.0], [71272.5, 24600.0], [71272.0, 3000.0], [71271.0, 5980.0], [71270.5, 8230.0], [71268.0, 22800.0], [71267.0, 31630.0], [71266.0, 53800.0], [71264.0, 12990.0], [71263.5, 51940.0], [71261.5, 6000.0], [71261.0, 500.0], [71259.0, 24220.0], [71258.5, 6590.0], [71258.0, 500.0], [71257.0, 74970.0]], "asks": [[71276.5, 32680.0], [71285.0, 5490.0], [71285.5, 11450.0], [71286.5, 490.0], [71287.0, 8590.0], [71287.5, 32990.0], [71288.0, 37360.0], [71288.5, 8870.0], [71289.0, 11490.0], [71289.5, 650.0], [71291.0, 75000.0], [71291.5, 36960.0], [71292.0, 1790.0], [71293.5, 6000.0], [71298.0, 2810.0], [71298.5, 18440.0], [71299.0, 6000.0], [71299.5, 25000.0], [71304.0, 1000.0], [71305.5, 3520.0]]}}}
{"jsonrpc": "2.0", "method": "subscription", "params": {"channel": "book.BTC-PERPETUAL.none.20.100ms", "data": {"timestamp": 1772763431473, "change_id": 143965783217, "instrument_name": "BTC-PERPETUAL", "bids": [[71276.0, 71190.0], [71275.5, 6000.0], [71274.0, 5490.0], [71273.5, 6000.0], [71273.0, 9880.0], [71272.5, 24600.0], [71272.0, 3000.0], [71271.0, 5980.0], [71270.5, 8230.0], [71268.0, 22800.0], [71267.0, 31630.0], [71266.0, 53800.0], [71264.0, 12990.0], [71263.5, 74070.0], [71261.5, 6000.0], [71261.0, 500.0], [71260.5, 81560.0], [71258.0, 500.0], [71256.0, 15470.0], [71255.0, 9050.0]], "asks": [[71276.5, 32680.0], [71285.0, 5490.0], [71285.5, 11450.0], [71286.5, 490.0], [71287.0, 8590.0], [71287.5, 32990.0], [71288.0, 37360.0], [71288.5, 8870.0], [71289.0, 11490.0], [71289.5, 650.0], [71291.0, 75000.0], [71291.5, 36960.0], [71292.0, 1790.0], [71293.5, 6000.0], [71298.0, 2810.0], [71298.5, 11370.0], [71299.0, 6000.0], [71304.0, 1000.0], [71305.5, 3520.0], [71306.0, 9430.0]]}}}
{"jsonrpc": "2.0", "method": "subscription", "params": {"channel": "book.BTC-PERPETUAL.none.20.100ms", "data": {"timestamp": 1772763431820, "change_id": 143965783707, "instrument_name": "BTC-PERPETUAL", "bids": [[71276.0, 70330.0], [71275.5, 6000.0], [71274.0, 5490.0], [71273.5, 6000.0], [71273.0, 9880.0], [71272.5, 24600.0], [71272.0, 3000.0], [71271.0, 5980.0], [71270.5, 8230.0], [71268.0, 22800.0], [71267.0, 53200.0], [71266.0, 53800.0], [71264.0, 87960.0], [71263.5, 51940.0], [71261.5, 6000.0], [71261.0, 500.0], [71259.0, 2120.0], [71258.5, 6590.0], [71258.0, 500.0], [71256.0, 15470.0]], "asks": [[71276.5, 32680.0], [71285.0, 5490.0], [71285.5, 11450.0], [71286.5, 490.0], [71287.0, 8590.0], [71287.5, 32990.0], [71288.0, 37360.0], [71288.5, 8870.0], [71289.0, 11490.0], [71289.5, 650.0], [71291.0, 75000.0], [71291.5, 36960.0], [71292.0, 1790.0], [71293.5, 6000.0], [71298.0, 2810.0], [71298.5, 11370.0], [71299.0, 6000.0], [71305.5, 3520.0], [71306.0, 9430.0], [71308.0, 2950.0]]}}}
{"jsonrpc": "2.0", "method": "subscription", "params": {"channel": "book.BTC-PERPETUAL.none.20.100ms", "data": {"timestamp": 1772763432150, "change_id": 143965784059, "instrument_name": "BTC-PERPETUAL", "bids": [[71276.0, 71790.0], [71275.5, 6000.0], [71274.0, 5490.0], [71273.5, 6000.0], [71273.0, 10370.0], [71272.5, 24600.0], [71272.0, 3000.0], [71271.0, 5490.0], [71270.5, 8230.0], [71268.0, 22800.0], [71267.0, 53200.0], [71266.0, 53800.0], [71264.5, 74970.0], [71264.0, 12990.0], [71263.5, 51940.0], [71261.5, 6000.0], [71261.0, 500.0], [71259.0, 2120.0], [71258.5, 6590.0], [71258.0, 500.0]], "asks": [[71276.5, 32680.0], [71285.0, 5490.0], [71285.5, 11450.0], [71287.0, 9080.0], [71287.5, 32990.0], [71288.0, 18230.0], [71288.5, 8870.0], [71289.0, 11490.0], [71289.5, 650.0], [71291.5, 36960.0], [71292.0, 1790.0], [71293.5, 6000.0], [71296.5, 25200.0], [71297.0, 75000.0], [71298.5, 11370.0], [71299.0, 6000.0], [71305.5, 3520.0], [71306.0, 9430.0], [71308.0, 2950.0], [71309.0, 4310.0]]}}}
{"jsonrpc": "2.0", "method": "subscription", "params": {"channel": "book.BTC-PERPETUAL.none.20.100ms", "data": {"timestamp": 1772763432448, "change_id": 143965785469, "instrument_name": "BTC-PERPETUAL", "bids": [[71276.0, 47130.0], [71275.5, 6000.0], [71274.0, 5980.0], [71273.5, 6000.0], [71273.0, 9880.0], [71272.5, 24600.0], [71272.0, 3000.0], [71271.0, 5490.0], [71270.5, 28310.0], [71268.0, 22800.0], [71267.5, 74970.0], [71267.0, 31630.0], [71266.0, 28800.0], [71264.0, 12990.0], [71263.5, 59150.0], [71263.0, 25000.0], [71261.5, 6000.0], [71261.0, 500.0], [71259.0, 2120.0], [71258.5, 6590.0]], "asks": [[71276.5, 32680.0], [71285.0, 5490.0], [71285.5, 11450.0], [71287.0, 8590.0], [71287.5, 32990.0], [71288.0, 18230.0], [71288.5, 8870.0], [71289.0, 11490.0], [71289.5, 650.0], [71291.0, 500.0], [71291.5, 36960.0], [71292.0, 23950.0], [71293.5, 6000.0], [71295.0, 75000.0], [71298.0, 2810.0], [71298.5, 11370.0], [71299.0, 6000.0], [71305.5, 3520.0], [71306.0, 9430.0], [71308.0, 2950.0]]}}}
{"jsonrpc": "2.0", "method": "subscription", "params": {"channel": "book.BTC-PERPETUAL.none.20.100ms", "data": {"timestamp": 1772763432805, "change_id": 143965786191, "instrument_name": "BTC-PERPETUAL", "bids": [[71276.0, 57280.0], [71275.5, 11000.0], [71273.5, 6000.0], [71273.0, 29350.0], [71272.5, 24600.0], [71272.0, 3000.0], [71271.0, 87960.0], [71270.5, 19120.0], [71270.0, 1000.0], [71268.0, 22800.0], [71267.5, 6590.0], [71267.0, 46730.0], [71266.0, 22800.0], [71264.5, 50000.0], [71263.5, 1940.0], [71261.5, 6000.0], [71261.0, 500.0], [71259.0, 25170.0], [71258.5, 36940.0], [71258.0, 500.0]], "asks": [[71276.5, 8180.0], [71285.5, 24500.0], [71287.0, 2000.0], [71288.5, 6000.0], [71289.0, 6000.0], [71291.0, 5490.0], [71292.0, 13040.0], [71293.0, 25990.0], [71293.5, 6000.0], [71295.0, 2870.0], [71296.5, 20730.0], [71297.0, 49950.0], [71298.5, 33360.0], [71299.0, 6000.0], [71301.5, 75000.0], [71305.5, 3520.0], [71306.0, 9430.0], [71308.0, 2950.0], [71309.0, 4310.0], [71309.5, 3040.0]]}}}
{"jsonrpc": "2.0", "method": "subscription", "params": {"channel": "book.BTC-PERPETUAL.none.20.100ms", "data": {"timestamp": 1772763433138, "change_id": 143965786817, "instrument_name": "BTC-PERPETUAL", "bids": [[71276.0, 85840.0], [71275.5, 11000.0], [71273.5, 6000.0], [71273.0, 9880.0], [71272.5, 24600.0], [71272.0, 3000.0], [71271.0, 12990.0], [71270.5, 40350.0], [71270.0, 1000.0], [71268.5, 74970.0], [71268.0, 22800.0], [71267.5, 6590.0], [71267.0, 46730.0], [71266.5, 50000.0], [71266.0, 22800.0], [71263.5, 1940.0], [71261.5, 6000.0], [71261.0, 500.0], [71260.0, 15350.0], [71259.5, 36940.0]], "asks": [[71276.5, 8180.0], [71285.5, 24500.0], [71287.0, 2000.0], [71288.5, 6000.0], [71289.0, 6000.0], [71292.0, 14070.0], [71292.5, 5490.0], [71293.0, 5490.0], [71293.5, 26000.0], [71294.0, 6590.0], [71295.0, 2870.0], [71296.0, 12990.0], [71296.5, 37850.0], [71297.5, 75650.0], [71298.0, 36960.0], [71298.5, 11370.0], [71299.0, 6000.0], [71305.5, 3520.0], [71306.0, 9430.0], [71308.0, 2950.0]]}}}
{"jsonrpc": "2.0", "method": "subscription", "params": {"channel": "book.BTC-PERPETUAL.none.20.100ms", "data": {"timestamp": 1772763433453, "change_id": 143965787495, "instrument_name": "BTC-PERPETUAL", "bids": [[71276.0, 82820.0], [71275.5, 11000.0], [71273.5, 6000.0], [71273.0, 9880.0], [71272.5, 24600.0], [71272.0, 3000.0], [71271.0, 12990.0], [71270.5, 40350.0], [71270.0, 1000.0], [71268.5, 74970.0], [71268.0, 22800.0], [71267.5, 6590.0], [71267.0, 39930.0], [71266.5, 50000.0], [71263.5, 1940.0], [71261.5, 6000.0], [71261.0, 500.0], [71260.0, 15350.0], [71258.5, 36940.0], [71258.0, 500.0]], "asks": [[71276.5, 8180.0], [71285.5, 24500.0], [71287.0, 2000.0], [71288.5, 6000.0], [71289.0, 6000.0], [71291.5, 490.0], [71292.0, 13580.0], [71292.5, 5490.0], [71293.0, 5490.0], [71293.5, 26000.0], [71294.0, 6590.0], [71295.0, 2870.0], [71296.0, 12990.0], [71296.5, 37850.0], [71297.5, 75650.0], [71298.0, 36960.0], [71298.5, 11370.0], [71299.0, 6000.0], [71305.5, 3520.0], [71306.0, 9430.0]]}}}
{"jsonrpc": "2.0", "method": "subscription", "params": {"channel": "book.BTC-PERPETUAL.none.20.100ms", "data": {"timestamp": 1772763433801, "change_id": 143965788512, "instrument_name": "BTC-PERPETUAL", "bids": [[71276.0, 84800.0], [71275.5, 11000.0], [71273.5, 7000.0], [71273.0, 49820.0], [71272.5, 99580.0], [71272.0, 25800.0], [71271.0, 62990.0], [71270.5, 14270.0], [71268.0, 22800.0], [71267.5, 6590.0], [71267.0, 25000.0], [71263.5, 16390.0], [71262.0, 13990.0], [71261.5, 6000.0], [71261.0, 500.0], [71260.5, 36940.0], [71258.0, 500.0], [71256.0, 42710.0], [71255.5, 39710.0], [71255.0, 9050.0]], "asks": [[71276.5, 8180.0], [71285.5, 24500.0], [71288.5, 6000.0], [71289.0, 6000.0], [71292.0, 4080.0], [71293.5, 11490.0], [71294.5, 5980.0], [71295.0, 21940.0], [71296.5, 2000.0], [71297.0, 36960.0], [71297.5, 7240.0], [71298.5, 24360.0], [71299.0, 6000.0], [71304.5, 20980.0], [71305.5, 78520.0], [71306.0, 9430.0], [71308.0, 2850.0], [71309.0, 3310.0], [71309.5, 3040.0], [71311.0, 6000.0]]}}}
{"jsonrpc": "2.0", "method": "subscription", "params": {"channel": "book.BTC-PERPETUAL.none.20.100ms", "data": {"timestamp": 1772763434127, "change_id": 143965788966, "instrument_name": "BTC-PERPETUAL", "bids": [[71276.0, 93340.0], [71275.5, 11000.0], [71273.5, 7000.0], [71273.0, 49820.0], [71272.5, 24600.0], [71272.0, 125370.0], [71271.5, 12990.0], [71271.0, 50000.0], [71270.5, 9430.0], [71267.5, 6590.0], [71267.0, 25000.0], [71262.5, 12720.0], [71261.5, 6000.0], [71261.0, 500.0], [71260.0, 36940.0], [71259.5, 4330.0], [71259.0, 13990.0], [71258.0, 500.0], [71256.0, 15470.0], [71255.5, 39710.0]], "asks": [[71276.5, 8180.0], [71285.5, 24500.0], [71288.5, 6000.0], [71289.0, 6000.0], [71291.5, 5490.0], [71292.0, 9880.0], [71293.5, 6490.0], [71294.5, 5490.0], [71295.0, 41940.0], [71295.5, 19580.0], [71296.5, 2000.0], [71297.5, 650.0], [71298.0, 36960.0], [71298.5, 11370.0], [71299.0, 6000.0], [71302.5, 22390.0], [71303.0, 75000.0], [71305.5, 3520.0], [71306.0, 9430.0], [71308.0, 2850.0]]}}}
{"jsonrpc": "2.0", "method": "subscription", "params": {"channel": "book.BTC-PERPETUAL.none.20.100ms", "data": {"timestamp": 1772763434461, "change_id": 143965790186, "instrument_name": "BTC-PERPETUAL", "bids": [[71285.0, 111900.0], [71284.5, 6680.0], [71276.5, 31290.0], [71276.0, 101520.0], [71275.5, 11000.0], [71273.5, 7000.0], [71273.0, 49820.0], [71272.5, 37590.0], [71272.0, 24600.0], [71271.5, 74970.0], [71271.0, 50000.0], [71270.5, 9430.0], [71267.5, 31590.0], [71264.0, 2840.0], [71263.5, 23480.0], [71262.0, 36940.0], [71261.5, 6000.0], [71261.0, 500.0], [71259.5, 4330.0], [71259.0, 13990.0]], "asks": [[71285.5, 31850.0], [71292.0, 4430.0], [71293.0, 5490.0], [71293.5, 6000.0], [71294.5, 5980.0], [71295.0, 23570.0], [71295.5, 20000.0], [71296.0, 6590.0], [71296.5, 2000.0], [71297.0, 12990.0], [71297.5, 650.0], [71298.5, 70320.0], [71299.0, 6000.0], [71301.5, 75000.0], [71305.5, 3520.0], [71306.0, 9430.0], [71308.0, 2850.0], [71309.0, 3310.0], [71309.5, 3040.0], [71311.0, 6000.0]]}}}
{"jsonrpc": "2.0", "method": "subscription", "params": {"channel": "book.BTC-PERPETUAL.none.20.100ms", "data": {"timestamp": 1772763434788, "change_id": 143965791246, "instrument_name": "BTC-PERPETUAL", "bids": [[71285.0, 111600.0], [71284.5, 6680.0], [71278.0, 3070.0], [71277.5, 10980.0], [71277.0, 490.0], [71276.5, 13160.0], [71276.0, 27180.0], [71275.5, 11000.0], [71273.5, 7000.0], [71273.0, 49820.0], [71272.5, 24600.0], [71272.0, 83190.0], [71271.5, 74970.0], [71271.0, 50000.0], [71270.5, 9430.0], [71268.0, 6590.0], [71267.5, 25000.0], [71265.0, 3140.0], [71263.5, 23480.0], [71261.5, 6000.0]], "asks": [[71285.5, 31850.0], [71292.0, 5930.0], [71293.5, 6490.0], [71294.0, 5490.0], [71295.0, 33400.0], [71295.5, 20000.0], [71296.0, 6590.0], [71296.5, 2000.0], [71297.0, 12990.0], [71297.5, 650.0], [71298.5, 48330.0], [71299.0, 6000.0], [71303.0, 22390.0], [71303.5, 75000.0], [71305.5, 3520.0], [71306.0, 9430.0], [71308.0, 2850.0], [71309.0, 3310.0], [71309.5, 3040.0], [71311.0, 6000.0]]}}}
{"jsonrpc": "2.0", "method": "subscription", "params": {"channel": "book.BTC-PERPETUAL.none.20.100ms", "data": {"timestamp": 1772763435119, "change_id": 143965791681, "instrument_name": "BTC-PERPETUAL", "bids": [[71285.0, 112700.0], [71284.5, 6000.0], [71279.5, 3420.0], [71279.0, 10980.0], [71278.5, 490.0], [71276.5, 13160.0], [71276.0, 26020.0], [71275.5, 11000.0], [71273.5, 7000.0], [71273.0, 49820.0], [71272.5, 24600.0], [71272.0, 83190.0], [71271.5, 74970.0], [71271.0, 50000.0], [71270.5, 9430.0], [71269.0, 25000.0], [71268.0, 6590.0], [71265.0, 3140.0], [71263.5, 23480.0], [71261.5, 6000.0]], "asks": [[71285.5, 31850.0], [71292.0, 9190.0], [71293.0, 5490.0], [71293.5, 6000.0], [71294.5, 490.0], [71295.0, 46390.0], [71295.5, 20000.0], [71296.0, 6590.0], [71296.5, 2000.0], [71297.5, 650.0], [71298.5, 70320.0], [71299.0, 6000.0], [71301.5, 75000.0], [71305.5, 3520.0], [71306.0, 9430.0], [71308.0, 2850.0], [71309.0, 3310.0], [71309.5, 3040.0], [71311.0, 6000.0], [71312.5, 8250.0]]}}}
{"jsonrpc": "2.0", "method": "subscription", "params": {"channel": "book.BTC-PERPETUAL.none.20.100ms", "data": {"timestamp": 1772763435451, "change_id": 143965792569, "instrument_name": "BTC-PERPETUAL", "bids": [[71285.0, 113090.0], [71284.5, 6000.0], [71281.0, 3070.0], [71280.0, 5980.0], [71279.5, 5490.0], [71276.5, 13160.0], [71276.0, 24710.0], [71275.5, 11000.0], [71273.5, 7000.0], [71273.0, 62810.0], [71272.5, 24600.0], [71272.0, 70200.0], [71271.5, 74970.0], [71271.0, 50000.0], [71270.5, 9430.0], [71269.5, 6590.0], [71269.0, 25000.0], [71267.0, 3140.0], [71263.5, 34500.0], [71262.5, 36940.0]], "asks": [[71285.5, 31850.0], [71292.0, 5930.0], [71293.5, 6000.0], [71294.5, 11470.0], [71295.0, 18290.0], [71296.5, 22000.0], [71297.0, 19580.0], [71297.5, 650.0], [71298.5, 33380.0], [71299.0, 6000.0], [71300.5, 75000.0], [71304.0, 11030.0], [71304.5, 36960.0], [71305.5, 3520.0], [71306.0, 9430.0], [71308.0, 2850.0], [71309.0, 3310.0], [71309.5, 3040.0], [71311.0, 6000.0], [71312.5, 5440.0]]}}}
{"jsonrpc": "2.0", "method": "subscription", "params": {"channel": "book.BTC-PERPETUAL.none.20.100ms", "data": {"timestamp": 1772763435774, "change_id": 143965793181, "instrument_name": "BTC-PERPETUAL", "bids": [[71285.0, 113090.0], [71284.5, 6000.0], [71281.0, 1790.0], [71280.5, 5490.0], [71278.0, 490.0], [71277.0, 5490.0], [71276.5, 13160.0], [71276.0, 24600.0], [71275.5, 11000.0], [71273.5, 7000.0], [71273.0, 124790.0], [71272.5, 24600.0], [71272.0, 70200.0], [71271.5, 12990.0], [71271.0, 50000.0], [71270.5, 9430.0], [71269.5, 25000.0], [71267.5, 6590.0], [71267.0, 3140.0], [71263.5, 34500.0]], "asks": [[71285.5, 31850.0], [71293.0, 5490.0], [71293.5, 6000.0], [71294.5, 5980.0], [71295.0, 28990.0], [71295.5, 19580.0], [71296.5, 22000.0], [71297.5, 37610.0], [71298.5, 11220.0], [71299.0, 6000.0], [71302.0, 22390.0], [71302.5, 75000.0], [71305.5, 3520.0], [71306.0, 9430.0], [71308.0, 2850.0], [71309.0, 3310.0], [71309.5, 3040.0], [71311.0, 6000.0], [71312.5, 5440.0], [71313.0, 10430.0]]}}}
{"jsonrpc": "2.0", "method": "subscription", "params": {"channel": "book.BTC-PERPETUAL.none.20.100ms", "data": {"timestamp": 1772763436113, "change_id": 143965793904, "instrument_name": "BTC-PERPETUAL", "bids": [[71285.0, 113090.0], [71284.5, 6000.0], [71280.0, 3070.0], [71279.5, 10980.0], [71279.0, 490.0], [71276.5, 13160.0], [71276.0, 24600.0], [71275.5, 11000.0], [71274.0, 64230.0], [71273.5, 7000.0], [71273.0, 74970.0], [71272.5, 24600.0], [71272.0, 58590.0], [71271.0, 50000.0], [71270.5, 9430.0], [71269.5, 25000.0], [71267.5, 6590.0], [71267.0, 3140.0], [71263.5, 38680.0], [71262.0, 42500.0]], "asks": [[71285.5, 31850.0], [71293.0, 9780.0], [71293.5, 6000.0], [71294.5, 5490.0], [71295.0, 27350.0], [71296.0, 490.0], [71296.5, 22000.0], [71297.0, 19580.0], [71297.5, 650.0], [71298.5, 68930.0], [71299.0, 6000.0], [71300.5, 75000.0], [71305.5, 3520.0], [71306.0, 9430.0], [71308.0, 2850.0], [71309.0, 3310.0], [71309.5, 3040.0], [71311.0, 6000.0], [71312.5, 5440.0], [71313.0, 10430.0]]}}}
{"jsonrpc": "2.0", "method": "subscription", "params": {"channel": "book.BTC-PERPETUAL.none.20.100ms", "data": {"timestamp": 1772763436442, "change_id": 143965795673, "instrument_name": "BTC-PERPETUAL", "bids": [[71296.0, 89160.0], [71294.5, 1750.0], [71294.0, 3000.0], [71293.5, 2870.0], [71289.5, 680.0], [71285.5, 11160.0], [71285.0, 37640.0], [71284.5, 6000.0], [71282.0, 1000.0], [71281.5, 1490.0], [71281.0, 43840.0], [71280.5, 74970.0], [71279.0, 50000.0], [71277.5, 13940.0], [71277.0, 12990.0], [71276.0, 34120.0], [71275.5, 6000.0], [71274.5, 6590.0], [71273.5, 6000.0], [71273.0, 28420.0]], "asks": [[71296.5, 28880.0], [71299.0, 1640.0], [71299.5, 5490.0], [71304.0, 10320.0], [71304.5, 12990.0], [71305.0, 15440.0], [71305.5, 650.0], [71306.5, 21580.0], [71307.0, 20000.0], [71307.5, 36960.0], [71308.0, 2350.0], [71309.0, 24660.0], [71311.0, 6000.0], [71312.5, 80440.0], [71313.0, 9430.0], [71314.5, 6000.0], [71317.5, 5110.0], [71318.0, 6000.0], [71318.5, 9430.0], [71320.0, 2390.0]]}}}
{"jsonrpc": "2.0", "method": "subscription", "params": {"channel": "book.BTC-PERPETUAL.none.20.100ms", "data": {"timestamp": 1772763436767, "change_id": 143965796792, "instrument_name": "BTC-PERPETUAL", "bids": [[71296.0, 67880.0], [71294.5, 1750.0], [71294.0, 3000.0], [71293.5, 2870.0], [71289.5, 680.0], [71286.0, 490.0], [71285.5, 11160.0], [71285.0, 39550.0], [71284.5, 6000.0], [71283.0, 23940.0], [71282.5, 74970.0], [71282.0, 1000.0], [71281.0, 5000.0], [71279.5, 18800.0], [71279.0, 50000.0], [71278.0, 12990.0], [71277.5, 19620.0], [71276.0, 34120.0], [71275.5, 6000.0], [71274.5, 31590.0]], "asks": [[71296.5, 28880.0], [71301.0, 3070.0], [71301.5, 10980.0], [71303.5, 7040.0], [71304.0, 7090.0], [71304.5, 12990.0], [71305.0, 2870.0], [71305.5, 17500.0], [71306.0, 56960.0], [71309.5, 24180.0], [71310.0, 75000.0], [71311.0, 6000.0], [71312.5, 5440.0], [71313.0, 9430.0], [71314.5, 6000.0], [71317.5, 5110.0], [71318.0, 6000.0], [71318.5, 9430.0], [71320.0, 2090.0], [71320.5, 6000.0]]}}}
{"jsonrpc": "2.0", "method": "subscription", "params": {"channel": "book.BTC-PERPETUAL.none.20.100ms", "data": {"timestamp": 1772763437102, "change_id": 143965797447, "instrument_name": "BTC-PERPETUAL", "bids": [[71296.0, 46860.0], [71294.5, 1750.0], [71294.0, 3000.0], [71293.5, 2870.0], [71289.5, 680.0], [71287.0, 490.0], [71286.5, 5490.0], [71286.0, 5490.0], [71285.5, 11160.0], [71285.0, 25410.0], [71284.5, 6000.0], [71283.0, 1790.0], [71282.0, 1000.0], [71281.0, 5000.0], [71280.5, 38780.0], [71279.5, 74970.0], [71279.0, 50000.0], [71278.0, 12990.0], [71277.5, 13940.0], [71277.0, 25000.0]], "asks": [[71296.5, 28880.0], [71299.5, 1640.0], [71300.0, 5490.0], [71302.5, 36650.0], [71303.0, 32080.0], [71303.5, 500.0], [71305.0, 39830.0], [71305.5, 650.0], [71307.5, 22390.0], [71308.0, 75000.0], [71310.5, 1790.0], [71311.0, 6000.0], [71312.5, 5440.0], [71313.0, 9430.0], [71314.5, 6000.0], [71317.5, 5110.0], [71318.0, 6000.0], [71318.5, 9430.0], [71320.0, 2090.0], [71320.5, 6000.0]]}}}
{"jsonrpc": "2.0", "method": "subscription", "params": {"channel": "book.BTC-PERPETUAL.none.20.100ms", "data": {"timestamp": 1772763437433, "change_id": 143965798147, "instrument_name": "BTC-PERPETUAL", "bids": [[71296.0, 37600.0], [71294.5, 1750.0], [71294.0, 3000.0], [71293.5, 2870.0], [71289.5, 680.0], [71286.0, 5490.0], [71285.5, 11650.0], [71285.0, 25410.0], [71284.5, 6000.0], [71283.0, 3200.0], [71282.5, 5490.0], [71282.0, 1000.0], [71281.0, 5000.0], [71280.5, 34900.0], [71279.0, 50000.0], [71278.0, 74970.0], [71277.5, 9630.0], [71276.0, 22510.0], [71275.5, 6000.0], [71274.0, 3530.0]], "asks": [[71296.5, 28880.0], [71299.0, 12080.0], [71299.5, 15680.0], [71301.5, 38980.0], [71302.0, 36960.0], [71302.5, 1200.0], [71305.0, 2870.0], [71305.5, 650.0], [71308.5, 22390.0], [71309.0, 75000.0], [71310.5, 1790.0], [71311.0, 6000.0], [71312.5, 5440.0], [71313.0, 9430.0], [71314.5, 6000.0], [71317.5, 5110.0], [71318.0, 6000.0], [71318.5, 9430.0], [71319.0, 1000.0], [71320.0, 2090.0]]}}}
{"jsonrpc": "2.0", "method": "subscription", "params": {"channel": "book.BTC-PERPETUAL.none.20.100ms", "data": {"timestamp": 1772763437757, "change_id": 143965798827, "instrument_name": "BTC-PERPETUAL", "bids": [[71296.0, 37050.0], [71294.5, 1750.0], [71294.0, 3000.0], [71293.5, 2870.0], [71289.5, 680.0], [71287.0, 490.0], [71286.5, 5490.0], [71285.5, 16650.0], [71285.0, 25410.0], [71284.5, 6000.0], [71283.0, 1790.0], [71282.0, 1000.0], [71281.0, 5000.0], [71280.5, 34900.0], [71279.5, 74970.0], [71279.0, 50000.0], [71278.5, 12990.0], [71277.5, 6600.0], [71276.0, 9520.0], [71275.5, 6000.0]], "asks": [[71296.5, 28880.0], [71299.0, 5390.0], [71300.5, 5490.0], [71301.5, 490.0], [71302.0, 12080.0], [71303.5, 12990.0], [71304.0, 18050.0], [71304.5, 20000.0], [71305.0, 39830.0], [71305.5, 650.0], [71306.5, 22390.0], [71307.0, 75000.0], [71310.5, 1790.0], [71311.0, 6000.0], [71312.5, 5440.0], [71313.0, 9430.0], [71314.5, 6000.0], [71317.5, 5110.0], [71318.0, 6000.0], [71318.5, 9430.0]]}}}
{"jsonrpc": "2.0", "method": "subscription", "params": {"channel": "book.BTC-PERPETUAL.none.20.100ms", "data": {"timestamp": 1772763438090, "change_id": 143965799252, "instrument_name": "BTC-PERPETUAL", "bids": [[71296.0, 36950.0], [71294.5, 1750.0], [71294.0, 3000.0], [71293.5, 2870.0], [71289.5, 680.0], [71286.5, 5490.0], [71286.0, 490.0], [71285.5, 11160.0], [71285.0, 25410.0], [71284.5, 6000.0], [71284.0, 3200.0], [71282.5, 5490.0], [71282.0, 1000.0], [71281.0, 5000.0], [71280.5, 34900.0], [71279.0, 124970.0], [71277.5, 6600.0], [71276.5, 12990.0], [71276.0, 9520.0], [71275.5, 6000.0]], "asks": [[71296.5, 53480.0], [71297.5, 5490.0], [71298.0, 8640.0], [71300.5, 5490.0], [71301.0, 7080.0], [71301.5, 12990.0], [71303.5, 20000.0], [71304.0, 12080.0], [71305.0, 39830.0], [71305.5, 23040.0], [71309.0, 75000.0], [71310.5, 1790.0], [71311.0, 6000.0], [71312.5, 5440.0], [71313.0, 9430.0], [71314.5, 6000.0], [71317.5, 5110.0], [71318.0, 6000.0], [71318.5, 9430.0], [71320.0, 2090.0]]}}}
{"jsonrpc": "2.0", "method": "subscription", "params": {"channel": "book.BTC-PERPETUAL.none.20.100ms", "data": {"timestamp": 1772763438419, "change_id": 143965799864, "instrument_name": "BTC-PERPETUAL", "bids": [[71296.0, 38180.0], [71294.5, 1750.0], [71294.0, 3000.0], [71293.5, 2870.0], [71289.5, 680.0], [71287.0, 490.0], [71286.0, 5490.0], [71285.5, 11160.0], [71285.0, 25410.0], [71284.5, 6000.0], [71284.0, 3200.0], [71282.5, 5490.0], [71282.0, 1000.0], [71281.0, 5000.0], [71280.5, 34900.0], [71279.5, 74970.0], [71279.0, 50000.0], [71277.5, 6600.0], [71276.5, 12990.0], [71276.0, 9520.0]], "asks": [[71296.5, 53480.0], [71297.5, 5490.0], [71298.0, 12350.0], [71300.5, 12990.0], [71301.0, 32080.0], [71302.0, 12230.0], [71303.0, 500.0], [71303.5, 36960.0], [71305.0, 2870.0], [71305.5, 650.0], [71307.0, 22390.0], [71309.0, 75000.0], [71310.5, 1790.0], [71311.0, 6000.0], [71312.5, 5440.0], [71313.0, 9430.0], [71314.5, 6000.0], [71317.5, 5110.0], [71318.0, 6000.0], [71318.5, 9430.0]]}}}
{"jsonrpc": "2.0", "method": "subscription", "params": {"channel": "book.BTC-PERPETUAL.none.20.100ms", "data": {"timestamp": 1772763438753, "change_id": 143965800457, "instrument_name": "BTC-PERPETUAL", "bids": [[71296.0, 35840.0], [71294.5, 1750.0], [71294.0, 3000.0], [71293.5, 2870.0], [71289.5, 680.0], [71286.0, 490.0], [71285.5, 16650.0], [71285.0, 25410.0], [71284.5, 6000.0], [71284.0, 1940.0], [71282.0, 1000.0], [71281.5, 5490.0], [71280.5, 18800.0], [71279.0, 50000.0], [71277.5, 6600.0], [71277.0, 74970.0], [71276.0, 14520.0], [71275.5, 6000.0], [71275.0, 12990.0], [71274.5, 25000.0]], "asks": [[71296.5, 60220.0], [71298.0, 12350.0], [71299.0, 6590.0], [71300.0, 5490.0], [71300.5, 12990.0], [71301.0, 20000.0], [71301.5, 1150.0], [71302.0, 12230.0], [71303.5, 36960.0], [71305.0, 2870.0], [71309.5, 24180.0], [71311.0, 6000.0], [71312.5, 80440.0], [71313.0, 9430.0], [71314.5, 6000.0], [71317.5, 5110.0], [71318.0, 6000.0], [71318.5, 9430.0], [71320.0, 2090.0], [71320.5, 7000.0]]}}}
{"jsonrpc": "2.0", "method": "subscription", "params": {"channel": "book.BTC-PERPETUAL.none.20.100ms", "data": {"timestamp": 1772763439074, "change_id": 143965800955, "instrument_name": "BTC-PERPETUAL", "bids": [[71296.0, 34070.0], [71294.5, 1750.0], [71294.0, 3000.0], [71293.5, 2870.0], [71289.5, 680.0], [71286.0, 490.0], [71285.5, 11160.0], [71285.0, 30900.0], [71284.5, 6000.0], [71282.0, 1000.0], [71281.5, 1640.0], [71281.0, 5490.0], [71278.5, 22380.0], [71278.0, 74970.0], [71277.5, 6600.0], [71276.0, 14520.0], [71275.5, 56000.0], [71274.5, 25000.0], [71274.0, 14780.0], [71273.5, 6000.0]], "asks": [[71296.5, 60220.0], [71297.0, 6590.0], [71298.0, 23250.0], [71298.5, 38480.0], [71301.0, 37460.0], [71301.5, 650.0], [71305.0, 2870.0], [71307.5, 22390.0], [71308.0, 75000.0], [71310.5, 1790.0], [71311.0, 6000.0], [71312.5, 5440.0], [71313.0, 9430.0], [71314.5, 6000.0], [71317.5, 30110.0], [71318.0, 6000.0], [71318.5, 9430.0], [71320.0, 2090.0], [71320.5, 7000.0], [71321.0, 2350.0]]}}}
{"jsonrpc": "2.0", "method": "subscription", "params": {"channel": "book.BTC-PERPETUAL.none.20.100ms", "data": {"timestamp": 1772763439412, "change_id": 143965801499, "instrument_name": "BTC-PERPETUAL", "bids": [[71296.0, 32560.0], [71294.5, 1750.0], [71294.0, 3000.0], [71293.5, 2870.0], [71289.5, 680.0], [71287.0, 490.0], [71286.5, 5490.0], [71285.5, 11160.0], [71285.0, 25410.0], [71284.5, 6000.0], [71282.0, 1000.0], [71280.5, 23810.0], [71280.0, 5490.0], [71279.5, 74970.0], [71277.5, 31550.0], [71276.0, 14520.0], [71275.5, 56000.0], [71274.5, 25000.0], [71274.0, 14780.0], [71273.5, 6000.0]], "asks": [[71296.5, 78280.0], [71297.5, 20000.0], [71298.0, 23330.0], [71300.0, 12990.0], [71300.5, 5490.0], [71301.0, 36960.0], [71301.5, 650.0], [71304.5, 500.0], [71305.0, 2870.0], [71310.5, 23950.0], [71311.0, 6000.0], [71312.5, 80440.0], [71313.0, 9430.0], [71314.5, 6000.0], [71317.5, 30110.0], [71318.0, 6000.0], [71318.5, 9430.0], [71320.0, 2090.0], [71320.5, 7000.0], [71321.0, 2350.0]]}}}
{"jsonrpc": "2.0", "method": "subscription", "params": {"channel": "book.BTC-PERPETUAL.none.20.100ms", "data": {"timestamp": 1772763439743, "change_id": 143965802100, "instrument_name": "BTC-PERPETUAL", "bids": [[71296.0, 32590.0], [71294.5, 1750.0], [71294.0, 3000.0], [71293.5, 2870.0], [71289.5, 680.0], [71286.5, 5490.0], [71286.0, 490.0], [71285.5, 11160.0], [71285.0, 25410.0], [71284.5, 6000.0], [71283.0, 1940.0], [71282.5, 5490.0], [71282.0, 1000.0], [71278.5, 22380.0], [71278.0, 74970.0], [71277.5, 31550.0], [71276.0, 14520.0], [71275.5, 56000.0], [71275.0, 12990.0], [71274.0, 26790.0]], "asks": [[71296.5, 78280.0], [71297.0, 13650.0], [71297.5, 20000.0], [71299.5, 6590.0], [71300.0, 12990.0], [71301.0, 5490.0], [71301.5, 650.0], [71303.0, 500.0], [71303.5, 12040.0], [71304.0, 36960.0], [71305.0, 2870.0], [71308.5, 22390.0], [71309.0, 75000.0], [71310.5, 1790.0], [71311.0, 6000.0], [71312.5, 5440.0], [71313.0, 9430.0], [71314.5, 6000.0], [71317.5, 30110.0], [71318.0, 6000.0]]}}}
{"jsonrpc": "2.0", "method": "subscription", "params": {"channel": "book.BTC-PERPETUAL.none.20.100ms", "data": {"timestamp": 1772763440073, "change_id": 143965802796, "instrument_name": "BTC-PERPETUAL", "bids": [[71296.0, 10010.0], [71294.0, 3000.0], [71285.5, 5670.0], [71285.0, 6300.0], [71284.5, 6000.0], [71280.0, 1790.0], [71279.5, 5490.0], [71279.0, 490.0], [71277.5, 4630.0], [71277.0, 680.0], [71276.0, 9520.0], [71275.5, 6000.0], [71274.0, 35130.0], [71273.5, 6000.0], [71272.0, 74970.0], [71271.5, 25000.0], [71271.0, 17990.0], [71270.5, 4590.0], [71269.0, 9520.0], [71268.0, 6590.0]], "asks": [[71296.5, 119210.0], [71297.0, 42340.0], [71299.0, 36960.0], [71302.0, 80490.0], [71308.5, 25000.0], [71310.5, 9020.0], [71311.0, 6000.0], [71312.5, 5440.0], [71313.0, 9430.0], [71314.5, 6000.0], [71317.5, 5110.0], [71318.0, 6000.0], [71318.5, 9430.0], [71320.0, 2090.0], [71320.5, 56000.0], [71321.0, 2350.0], [71324.5, 14000.0], [71325.5, 9430.0], [71326.0, 100.0], [71327.0, 1000.0]]}}}
{"jsonrpc": "2.0", "method": "subscription", "params": {"channel": "book.BTC-PERPETUAL.none.20.100ms", "data": {"timestamp": 1772763440402, "change_id": 143965804622, "instrument_name": "BTC-PERPETUAL", "bids": [[71285.0, 820.0], [71282.0, 10000.0], [71265.5, 680.0], [71265.0, 2870.0], [71264.5, 1940.0], [71264.0, 5490.0], [71263.5, 1000.0], [71263.0, 1790.0], [71261.5, 6000.0], [71257.0, 2130.0], [71256.5, 14610.0], [71256.0, 15470.0], [71255.0, 5000.0], [71253.5, 1800.0], [71253.0, 1700.0], [71252.5, 1860.0], [71252.0, 14500.0], [71251.5, 59470.0], [71251.0, 1820.0], [71250.5, 300000.0]], "asks": [[71285.5, 263800.0], [71286.0, 5970.0], [71286.5, 20000.0], [71294.5, 1000.0], [71295.5, 27810.0], [71296.0, 24600.0], [71296.5, 37580.0], [71297.0, 6000.0], [71298.0, 25000.0], [71302.5, 500.0], [71303.0, 50000.0], [71303.5, 22810.0], [71304.5, 14000.0], [71305.0, 2840.0], [71305.5, 9510.0], [71310.5, 1790.0], [71311.0, 6000.0], [71312.5, 5440.0], [71313.0, 9430.0], [71314.5, 6000.0]]}}}
{"jsonrpc": "2.0", "method": "subscription", "params": {"channel": "book.BTC-PERPETUAL.none.20.100ms", "data": {"timestamp": 1772763440731, "change_id": 143965806759, "instrument_name": "BTC-PERPETUAL", "bids": [[71279.0, 10.0], [71267.0, 1240.0], [71264.5, 2000.0], [71264.0, 5490.0], [71263.5, 1000.0], [71263.0, 1790.0], [71261.5, 6000.0], [71256.5, 3130.0], [71256.0, 6000.0], [71254.0, 1900.0], [71253.0, 6020.0], [71252.5, 1860.0], [71252.0, 7000.0], [71251.5, 1000.0], [71251.0, 5680.0], [71247.5, 110.0], [71246.5, 9470.0], [71245.0, 130.0], [71242.5, 25000.0], [71242.0, 59710.0]], "asks": [[71279.5, 138150.0], [71281.0, 8420.0], [71281.5, 30600.0], [71285.0, 54560.0], [71285.5, 154410.0], [71286.5, 20000.0], [71289.0, 7460.0], [71289.5, 25000.0], [71290.5, 1000.0], [71293.0, 19100.0], [71293.5, 50000.0], [71294.0, 14000.0], [71295.5, 20200.0], [71296.0, 24600.0], [71296.5, 25360.0], [71297.0, 6000.0], [71298.5, 500.0], [71299.5, 9510.0], [71302.5, 500.0], [71303.5, 22810.0]]}}}
{"jsonrpc": "2.0", "method": "subscription", "params": {"channel": "book.BTC-PERPETUAL.none.20.100ms", "data": {"timestamp": 1772763441064, "change_id": 143965808733, "instrument_name": "BTC-PERPETUAL", "bids": [[71265.0, 49740.0], [71261.0, 2870.0], [71257.5, 8050.0], [71257.0, 6170.0], [71256.5, 3620.0], [71256.0, 6000.0], [71254.0, 1900.0], [71253.0, 8050.0], [71252.5, 1860.0], [71252.0, 14500.0], [71251.0, 6000.0], [71248.5, 27170.0], [71248.0, 74970.0], [71247.0, 6590.0], [71246.5, 9470.0], [71245.0, 15350.0], [71244.5, 50000.0], [71243.5, 1000.0], [71242.5, 19810.0], [71241.5, 46400.0]], "asks": [[71265.5, 69370.0], [71270.5, 650.0], [71272.0, 2870.0], [71274.5, 9740.0], [71275.0, 19580.0], [71275.5, 6000.0], [71278.0, 33280.0], [71278.5, 117450.0], [71279.0, 24600.0], [71279.5, 7210.0], [71281.0, 2350.0], [71281.5, 6000.0], [71285.0, 20270.0], [71285.5, 44220.0], [71287.0, 25000.0], [71292.5, 9510.0], [71293.0, 19100.0], [71293.5, 50000.0], [71294.5, 1000.0], [71295.5, 2050.0]]}}}
{"jsonrpc": "2.0", "method": "subscription", "params": {"channel": "book.BTC-PERPETUAL.none.20.100ms", "data": {"timestamp": 1772763441394, "change_id": 143965809836, "instrument_name": "BTC-PERPETUAL", "bids": [[71265.0, 55350.0], [71262.5, 1780.0], [71262.0, 10980.0], [71258.0, 1490.0], [71257.5, 5000.0], [71256.5, 41680.0], [71256.0, 6000.0], [71255.5, 74980.0], [71255.0, 50000.0], [71254.5, 13990.0], [71254.0, 1900.0], [71253.0, 4540.0], [71252.5, 1860.0], [71252.0, 1510.0], [71250.0, 6590.0], [71249.5, 2830.0], [71246.5, 9470.0], [71245.0, 130.0], [71244.5, 15500.0], [71244.0, 36940.0]], "asks": [[71265.5, 35670.0], [71271.0, 24500.0], [71274.0, 8950.0], [71274.5, 2000.0], [71275.0, 5490.0], [71275.5, 6000.0], [71276.0, 2870.0], [71276.5, 20000.0], [71277.0, 5490.0], [71278.0, 41310.0], [71278.5, 6590.0], [71279.0, 24600.0], [71279.5, 7020.0], [71281.0, 37610.0], [71281.5, 6000.0], [71284.0, 22390.0], [71284.5, 75000.0], [71285.0, 4660.0], [71285.5, 15610.0], [71291.0, 7460.0]]}}}
{"jsonrpc": "2.0", "method": "subscription", "params": {"channel": "book.BTC-PERPETUAL.none.20.100ms", "data": {"timestamp": 1772763441724, "change_id": 143965810584, "instrument_name": "BTC-PERPETUAL", "bids": [[71265.0, 58450.0], [71260.0, 4770.0], [71259.5, 5980.0], [71258.5, 5490.0], [71257.5, 5000.0], [71256.5, 37800.0], [71256.0, 6000.0], [71255.5, 74970.0], [71255.0, 50000.0], [71254.5, 1000.0], [71254.0, 1900.0], [71253.5, 12990.0], [71253.0, 9380.0], [71252.5, 1860.0], [71252.0, 1510.0], [71251.5, 22800.0], [71250.0, 6590.0], [71249.5, 2830.0], [71246.5, 9470.0], [71246.0, 7800.0]], "asks": [[71265.5, 35670.0], [71271.0, 24500.0], [71273.5, 5490.0], [71274.0, 13320.0], [71274.5, 2000.0], [71275.5, 26000.0], [71276.0, 8360.0], [71277.0, 6590.0], [71277.5, 12990.0], [71278.0, 15790.0], [71278.5, 36960.0], [71279.0, 24600.0], [71279.5, 6660.0], [71281.0, 24600.0], [71281.5, 6000.0], [71284.0, 75000.0], [71285.0, 4660.0], [71285.5, 15610.0], [71290.5, 7460.0], [71291.0, 25000.0]]}}}
{"jsonrpc": "2.0", "method": "subscription", "params": {"channel": "book.BTC-PERPETUAL.none.20.100ms", "data": {"timestamp": 1772763442054, "change_id": 143965811262, "instrument_name": "BTC-PERPETUAL", "bids": [[71265.0, 87980.0], [71261.5, 1640.0], [71261.0, 5490.0], [71260.0, 25090.0], [71259.5, 5490.0], [71257.5, 5000.0], [71257.0, 74970.0], [71256.5, 20860.0], [71256.0, 18990.0], [71255.0, 50000.0], [71254.5, 1000.0], [71254.0, 1900.0], [71253.0, 9380.0], [71252.5, 1860.0], [71252.0, 8100.0], [71251.5, 22800.0], [71249.5, 2830.0], [71246.5, 9470.0], [71245.0, 130.0], [71244.5, 21050.0]], "asks": [[71265.5, 35670.0], [71272.5, 24500.0], [71274.5, 2000.0], [71275.0, 13360.0], [71275.5, 26000.0], [71276.0, 2870.0], [71277.5, 5490.0], [71278.0, 15590.0], [71278.5, 12080.0], [71279.0, 24600.0], [71279.5, 6000.0], [71280.0, 12990.0], [71280.5, 500.0], [71281.0, 13240.0], [71281.5, 6000.0], [71284.0, 36960.0], [71284.5, 4660.0], [71285.5, 15610.0], [71290.0, 22390.0], [71290.5, 75000.0]]}}}
{"jsonrpc": "2.0", "method": "subscription", "params": {"channel": "book.BTC-PERPETUAL.none.20.100ms", "data": {"timestamp": 1772763442385, "change_id": 143965811831, "instrument_name": "BTC-PERPETUAL", "bids": [[71265.0, 87300.0], [71262.0, 3020.0], [71261.5, 3000.0], [71261.0, 5490.0], [71260.0, 2940.0], [71258.0, 5490.0], [71257.5, 5000.0], [71256.5, 41680.0], [71256.0, 6000.0], [71255.5, 74970.0], [71255.0, 50000.0], [71254.5, 1000.0], [71254.0, 1900.0], [71253.5, 12990.0], [71253.0, 9380.0], [71252.5, 1860.0], [71252.0, 1510.0], [71251.5, 22800.0], [71250.0, 6590.0], [71249.5, 9930.0]], "asks": [[71265.5, 35670.0], [71272.5, 24500.0], [71274.5, 2000.0], [71275.0, 19600.0], [71275.5, 26000.0], [71276.0, 2870.0], [71278.0, 37390.0], [71278.5, 7090.0], [71279.0, 24600.0], [71279.5, 6000.0], [71280.5, 36960.0], [71281.0, 2440.0], [71281.5, 6000.0], [71284.5, 26450.0], [71285.0, 75000.0], [71285.5, 15610.0], [71292.0, 10450.0], [71292.5, 10010.0], [71294.0, 25000.0], [71295.5, 2050.0]]}}}
{"jsonrpc": "2.0", "method": "subscription", "params": {"channel": "book.BTC-PERPETUAL.none.20.100ms", "data": {"timestamp": 1772763442715, "change_id": 143965812688, "instrument_name": "BTC-PERPETUAL", "bids": [[71265.0, 81140.0], [71263.0, 2530.0], [71262.5, 5490.0], [71261.5, 3000.0], [71260.0, 2940.0], [71258.5, 490.0], [71258.0, 5490.0], [71257.5, 5000.0], [71256.5, 20860.0], [71256.0, 6000.0], [71255.0, 50000.0], [71254.0, 1900.0], [71253.0, 43880.0], [71252.5, 1860.0], [71252.0, 76480.0], [71251.5, 22800.0], [71250.0, 1000.0], [71247.5, 4790.0], [71247.0, 6590.0], [71246.5, 9470.0]], "asks": [[71265.5, 60170.0], [71273.0, 1790.0], [71273.5, 5490.0], [71274.0, 16700.0], [71274.5, 22490.0], [71275.5, 6000.0], [71276.0, 2870.0], [71277.0, 25070.0], [71277.5, 39380.0], [71279.0, 61560.0], [71279.5, 6000.0], [71280.5, 75000.0], [71281.0, 2440.0], [71281.5, 6000.0], [71284.5, 4660.0], [71285.5, 15610.0], [71290.5, 7460.0], [71291.5, 25000.0], [71292.0, 2990.0], [71292.5, 10010.0]]}}}
{"jsonrpc": "2.0", "method": "subscription", "params": {"channel": "book.BTC-PERPETUAL.none.20.100ms", "data": {"timestamp": 1772763443045, "change_id": 143965813155, "instrument_name": "BTC-PERPETUAL", "bids": [[71265.0, 83090.0], [71263.0, 2530.0], [71261.5, 3000.0], [71260.5, 5490.0], [71260.0, 2940.0], [71258.5, 490.0], [71258.0, 5490.0], [71257.5, 5000.0], [71256.5, 20860.0], [71256.0, 6000.0], [71255.0, 50000.0], [71254.0, 1900.0], [71253.0, 22500.0], [71252.5, 1860.0], [71252.0, 1510.0], [71251.5, 22800.0], [71249.5, 34630.0], [71247.0, 81560.0], [71246.5, 9470.0], [71245.5, 20490.0]], "asks": [[71265.5, 60170.0], [71273.0, 1790.0], [71273.5, 5490.0], [71274.0, 17190.0], [71274.5, 22000.0], [71275.5, 11490.0], [71276.0, 2870.0], [71277.0, 19580.0], [71277.5, 26350.0], [71279.0, 61560.0], [71279.5, 6000.0], [71281.0, 24600.0], [71281.5, 6000.0], [71284.0, 75000.0], [71284.5, 4660.0], [71285.0, 25000.0], [71285.5, 15610.0], [71289.5, 7460.0], [71292.0, 2990.0], [71292.5, 10010.0]]}}}
{"jsonrpc": "2.0", "method": "subscription", "params": {"channel": "book.BTC-PERPETUAL.none.20.100ms", "data": {"timestamp": 1772763443376, "change_id": 143965813647, "instrument_name": "BTC-PERPETUAL", "bids": [[71265.0, 81300.0], [71263.0, 2530.0], [71262.0, 5490.0], [71261.5, 3000.0], [71260.0, 1490.0], [71258.5, 490.0], [71258.0, 5490.0], [71256.5, 20860.0], [71256.0, 6000.0], [71255.0, 50000.0], [71254.0, 1900.0], [71253.0, 9510.0], [71252.5, 1860.0], [71252.0, 14500.0], [71251.5, 22800.0], [71247.5, 26560.0], [71247.0, 81560.0], [71246.5, 9470.0], [71245.5, 20490.0], [71245.0, 25130.0]], "asks": [[71265.5, 60170.0], [71273.0, 1790.0], [71273.5, 5490.0], [71274.0, 17190.0], [71274.5, 22000.0], [71275.0, 6590.0], [71275.5, 11490.0], [71276.0, 2870.0], [71277.0, 12990.0], [71277.5, 650.0], [71278.0, 20170.0], [71278.5, 36960.0], [71279.0, 24600.0], [71279.5, 6000.0], [71281.0, 23950.0], [71281.5, 6000.0], [71284.0, 75000.0], [71284.5, 12120.0], [71285.0, 25000.0], [71285.5, 15610.0]]}}}
{"jsonrpc": "2.0", "method": "subscription", "params": {"channel": "book.BTC-PERPETUAL.none.20.100ms", "data": {"timestamp": 1772763443705, "change_id": 143965814464, "instrument_name": "BTC-PERPETUAL", "bids": [[71265.0, 81520.0], [71262.5, 2530.0], [71262.0, 5490.0], [71261.5, 3000.0], [71259.5, 1790.0], [71257.5, 490.0], [71257.0, 5490.0], [71256.5, 20860.0], [71256.0, 6000.0], [71255.0, 50000.0], [71254.0, 1900.0], [71253.0, 9510.0], [71252.5, 1860.0], [71252.0, 1510.0], [71251.5, 22800.0], [71249.5, 34630.0], [71249.0, 87960.0], [71247.0, 25000.0], [71246.5, 9470.0], [71246.0, 6590.0]], "asks": [[71265.5, 60170.0], [71272.0, 12950.0], [71272.5, 2870.0], [71273.5, 20000.0], [71274.0, 17530.0], [71274.5, 2000.0], [71275.0, 19580.0], [71275.5, 6000.0], [71276.0, 5490.0], [71276.5, 36960.0], [71277.5, 32170.0], [71278.5, 75000.0], [71279.0, 24600.0], [71279.5, 6000.0], [71281.0, 1790.0], [71281.5, 6000.0], [71284.5, 4660.0], [71285.5, 15610.0], [71288.0, 7460.0], [71289.0, 25000.0]]}}}
{"jsonrpc": "2.0", "method": "subscription", "params": {"channel": "book.BTC-PERPETUAL.none.20.100ms", "data": {"timestamp": 1772763444035, "change_id": 143965815361, "instrument_name": "BTC-PERPETUAL", "bids": [[71265.0, 57160.0], [71262.5, 2530.0], [71262.0, 5490.0], [71261.5, 3000.0], [71259.5, 1790.0], [71257.0, 5980.0], [71256.5, 20860.0], [71256.0, 6000.0], [71255.0, 50000.0], [71254.0, 1900.0], [71253.0, 9510.0], [71252.5, 1860.0], [71252.0, 1510.0], [71251.5, 22800.0], [71250.0, 12990.0], [71249.5, 32570.0], [71247.5, 74970.0], [71247.0, 25000.0], [71246.5, 9470.0], [71246.0, 6590.0]], "asks": [[71265.5, 60170.0], [71272.0, 7460.0], [71272.5, 8360.0], [71273.5, 20000.0], [71274.0, 10070.0], [71274.5, 2000.0], [71275.0, 6590.0], [71275.5, 6000.0], [71276.0, 12990.0], [71277.0, 5490.0], [71277.5, 32170.0], [71278.5, 111960.0], [71279.0, 24600.0], [71279.5, 6000.0], [71281.0, 1790.0], [71281.5, 6000.0], [71284.5, 4660.0], [71285.5, 15610.0], [71288.0, 7460.0], [71289.0, 25000.0]]}}}
{"jsonrpc": "2.0", "method": "subscription", "params": {"channel": "book.BTC-PERPETUAL.none.20.100ms", "data": {"timestamp": 1772763444362, "change_id": 143965816332, "instrument_name": "BTC-PERPETUAL", "bids": [[71265.0, 56270.0], [71262.5, 2530.0], [71262.0, 5490.0], [71261.5, 3000.0], [71260.0, 490.0], [71259.5, 1790.0], [71257.0, 5490.0], [71256.5, 20860.0], [71256.0, 6000.0], [71255.0, 50000.0], [71254.0, 2900.0], [71253.0, 34770.0], [71252.5, 76830.0], [71252.0, 14500.0], [71251.5, 22800.0], [71249.5, 16130.0], [71248.0, 6590.0], [71247.0, 25000.0], [71246.5, 9470.0], [71245.5, 13020.0]], "asks": [[71265.5, 60170.0], [71272.0, 6970.0], [71272.5, 2870.0], [71273.0, 5490.0], [71273.5, 20000.0], [71274.0, 10070.0], [71274.5, 2000.0], [71275.0, 7080.0], [71275.5, 6000.0], [71277.0, 18480.0], [71277.5, 20820.0], [71278.5, 36960.0], [71279.0, 24600.0], [71279.5, 6000.0], [71281.0, 1790.0], [71281.5, 6000.0], [71284.5, 26450.0], [71285.0, 75010.0], [71285.5, 15610.0], [71288.0, 7460.0]]}}}
{"jsonrpc": "2.0", "method": "subscription", "params": {"channel": "book.BTC-PERPETUAL.none.20.100ms", "data": {"timestamp": 1772763444698, "change_id": 143965817128, "instrument_name": "BTC-PERPETUAL", "bids": [[71265.0, 57970.0], [71262.5, 2530.0], [71262.0, 5490.0], [71261.5, 3000.0], [71260.0, 490.0], [71259.5, 1790.0], [71257.0, 5490.0], [71256.5, 20860.0], [71256.0, 6000.0], [71255.0, 50000.0], [71254.0, 2900.0], [71253.0, 34770.0], [71252.5, 76830.0], [71252.0, 14500.0], [71251.5, 22800.0], [71249.5, 16130.0], [71248.0, 6590.0], [71247.0, 25000.0], [71246.5, 9470.0], [71245.5, 13020.0]], "asks": [[71265.5, 60170.0], [71272.0, 6970.0], [71272.5, 2870.0], [71273.0, 5490.0], [71273.5, 20000.0], [71274.0, 10070.0], [71274.5, 2000.0], [71275.0, 6590.0], [71275.5, 6000.0], [71276.5, 13480.0], [71277.0, 5490.0], [71277.5, 20820.0], [71278.5, 36960.0], [71279.0, 24600.0], [71279.5, 6000.0], [71281.0, 1790.0], [71281.5, 6000.0], [71284.5, 26450.0], [71285.0, 75000.0], [71285.5, 15610.0]]}}}
{"jsonrpc": "2.0", "method": "subscription", "params": {"channel": "book.BTC-PERPETUAL.none.20.100ms", "data": {"timestamp": 1772763445015, "change_id": 143965817566, "instrument_name": "BTC-PERPETUAL", "bids": [[71265.0, 82840.0], [71262.5, 2530.0], [71262.0, 5490.0], [71261.5, 3000.0], [71260.0, 490.0], [71259.5, 1790.0], [71257.0, 5490.0], [71256.5, 37800.0], [71256.0, 6000.0], [71255.0, 50000.0], [71254.0, 2900.0], [71253.5, 74970.0], [71253.0, 9510.0], [71252.5, 1860.0], [71252.0, 14500.0], [71251.5, 22800.0], [71249.5, 16130.0], [71248.0, 6590.0], [71247.0, 25000.0], [71246.5, 9470.0]], "asks": [[71265.5, 60170.0], [71272.0, 6970.0], [71272.5, 2870.0], [71273.0, 5490.0], [71273.5, 20000.0], [71274.0, 10070.0], [71274.5, 2000.0], [71275.5, 11490.0], [71276.0, 7080.0], [71276.5, 12990.0], [71277.5, 13470.0], [71278.5, 36960.0], [71279.5, 6000.0], [71281.0, 1790.0], [71281.5, 6000.0], [71284.5, 26450.0], [71285.0, 75000.0], [71285.5, 15610.0], [71288.0, 7460.0], [71289.0, 25000.0]]}}}
{"jsonrpc": "2.0", "method": "subscription", "params": {"channel": "book.BTC-PERPETUAL.none.20.100ms", "data": {"timestamp": 1772763445343, "change_id": 143965818296, "instrument_name": "BTC-PERPETUAL", "bids": [[71265.0, 80350.0], [71262.5, 2530.0], [71262.0, 5490.0], [71261.5, 3000.0], [71260.0, 490.0], [71259.5, 1790.0], [71257.0, 5490.0], [71256.5, 37800.0], [71256.0, 6000.0], [71255.0, 50000.0], [71254.0, 2900.0], [71253.5, 74970.0], [71253.0, 9510.0], [71252.5, 1860.0], [71252.0, 14500.0], [71251.5, 22800.0], [71249.5, 16130.0], [71248.0, 6590.0], [71247.0, 25000.0], [71246.5, 9470.0]], "asks": [[71265.5, 60170.0], [71272.0, 6970.0], [71272.5, 2870.0], [71273.0, 5490.0], [71273.5, 20000.0], [71274.0, 10070.0], [71274.5, 2000.0], [71275.5, 11490.0], [71276.0, 7080.0], [71276.5, 12990.0], [71277.5, 13470.0], [71278.5, 36960.0], [71279.5, 6000.0], [71281.0, 1790.0], [71281.5, 6000.0], [71284.5, 26450.0], [71285.0, 75000.0], [71285.5, 15610.0], [71288.0, 7460.0], [71289.0, 25000.0]]}}}
{"jsonrpc": "2.0", "method": "subscription", "params": {"channel": "book.BTC-PERPETUAL.none.20.100ms", "data": {"timestamp": 1772763445683, "change_id": 143965819152, "instrument_name": "BTC-PERPETUAL", "bids": [[71265.0, 81390.0], [71262.5, 2530.0], [71262.0, 5490.0], [71261.5, 3000.0], [71258.0, 490.0], [71257.5, 1640.0], [71257.0, 5490.0], [71256.5, 37800.0], [71256.0, 6000.0], [71255.0, 50000.0], [71254.0, 2900.0], [71253.5, 74970.0], [71253.0, 22500.0], [71252.5, 1860.0], [71252.0, 1510.0], [71251.5, 22800.0], [71248.0, 6590.0], [71247.5, 10290.0], [71247.0, 25000.0], [71246.5, 9470.0]], "asks": [[71265.5, 60170.0], [71272.0, 6970.0], [71272.5, 2870.0], [71273.5, 25490.0], [71274.0, 9400.0], [71274.5, 2000.0], [71275.0, 6590.0], [71275.5, 11490.0], [71276.0, 490.0], [71277.0, 12990.0], [71277.5, 13470.0], [71279.5, 6000.0], [71280.5, 36960.0], [71281.0, 23950.0], [71281.5, 6000.0], [71284.0, 75000.0], [71284.5, 4660.0], [71285.5, 15610.0], [71288.0, 7460.0], [71289.0, 25000.0]]}}}
{"jsonrpc": "2.0", "method": "subscription", "params": {"channel": "book.BTC-PERPETUAL.none.20.100ms", "data": {"timestamp": 1772763446013, "change_id": 143965819486, "instrument_name": "BTC-PERPETUAL", "bids": [[71265.0, 82190.0], [71262.5, 2530.0], [71262.0, 5490.0], [71261.5, 3000.0], [71259.5, 490.0], [71259.0, 1790.0], [71258.0, 5490.0], [71256.5, 37800.0], [71256.0, 6000.0], [71255.0, 50000.0], [71254.0, 2900.0], [71253.5, 74970.0], [71253.0, 9510.0], [71252.5, 1860.0], [71252.0, 14500.0], [71251.5, 22800.0], [71248.0, 6590.0], [71247.5, 10290.0], [71247.0, 25000.0], [71246.5, 9470.0]], "asks": [[71265.5, 60170.0], [71272.0, 6970.0], [71272.5, 2870.0], [71273.0, 5490.0], [71273.5, 20000.0], [71274.0, 9400.0], [71274.5, 2000.0], [71275.0, 6590.0], [71275.5, 6000.0], [71276.5, 5990.0], [71277.0, 12990.0], [71277.5, 13470.0], [71279.5, 6000.0], [71280.5, 36960.0], [71281.0, 23950.0], [71281.5, 6000.0], [71284.0, 75000.0], [71284.5, 4660.0], [71285.5, 15610.0], [71288.0, 7460.0]]}}}
{"jsonrpc": "2.0", "method": "subscription", "params": {"channel": "book.BTC-PERPETUAL.none.20.100ms", "data": {"timestamp": 1772763446351, "change_id": 143965819986, "instrument_name": "BTC-PERPETUAL", "bids": [[71265.0, 79190.0], [71262.5, 2530.0], [71262.0, 5490.0], [71261.5, 3000.0], [71260.0, 1790.0], [71257.0, 5980.0], [71256.5, 20860.0], [71256.0, 6000.0], [71255.0, 50000.0], [71254.0, 2900.0], [71253.0, 30890.0], [71252.5, 1860.0], [71252.0, 89470.0], [71251.5, 22800.0], [71249.0, 16130.0], [71248.0, 6590.0], [71247.0, 25000.0], [71246.5, 9470.0], [71245.5, 13020.0], [71245.0, 130.0]], "asks": [[71265.5, 60170.0], [71272.0, 12460.0], [71272.5, 2870.0], [71273.5, 20000.0], [71274.0, 10560.0], [71274.5, 2000.0], [71275.0, 6590.0], [71275.5, 18990.0], [71276.0, 5490.0], [71277.5, 650.0], [71278.5, 12820.0], [71279.0, 36960.0], [71279.5, 6000.0], [71281.0, 23950.0], [71281.5, 6000.0], [71284.0, 75000.0], [71284.5, 4660.0], [71285.5, 15610.0], [71288.0, 7460.0], [71289.0, 25000.0]]}}}
{"jsonrpc": "2.0", "method": "subscription", "params": {"channel": "book.BTC-PERPETUAL.none.20.100ms", "data": {"timestamp": 1772763446669, "change_id": 143965820680, "instrument_name": "BTC-PERPETUAL", "bids": [[71265.0, 81250.0], [71262.5, 2530.0], [71262.0, 5490.0], [71261.5, 3000.0], [71260.0, 1790.0], [71257.5, 490.0], [71257.0, 5490.0], [71256.5, 20860.0], [71256.0, 6000.0], [71255.0, 50000.0], [71254.0, 2900.0], [71253.0, 30890.0], [71252.5, 1860.0], [71252.0, 76480.0], [71251.5, 22800.0], [71249.5, 12990.0], [71249.0, 16130.0], [71248.0, 6590.0], [71247.0, 25000.0], [71246.5, 9470.0]], "asks": [[71265.5, 60170.0], [71272.0, 6970.0], [71272.5, 2870.0], [71273.0, 5490.0], [71273.5, 20490.0], [71274.0, 10070.0], [71274.5, 2000.0], [71275.0, 6590.0], [71275.5, 6000.0], [71276.5, 12990.0], [71277.0, 5490.0], [71277.5, 650.0], [71278.5, 12820.0], [71279.0, 36960.0], [71279.5, 6000.0], [71281.0, 1790.0], [71281.5, 6000.0], [71284.5, 4660.0], [71285.0, 75000.0], [71285.5, 15610.0]]}}}
{"jsonrpc": "2.0", "method": "subscription", "params": {"channel": "book.BTC-PERPETUAL.none.20.100ms", "data": {"timestamp": 1772763447009, "change_id": 143965821158, "instrument_name": "BTC-PERPETUAL", "bids": [[71265.0, 56300.0], [71263.5, 2530.0], [71262.0, 5490.0], [71261.5, 3000.0], [71260.5, 490.0], [71260.0, 1790.0], [71257.0, 5490.0], [71256.5, 20860.0], [71256.0, 6000.0], [71255.0, 50000.0], [71254.0, 2900.0], [71253.0, 9510.0], [71252.5, 1860.0], [71252.0, 1510.0], [71251.5, 22800.0], [71249.5, 12990.0], [71249.0, 16130.0], [71247.0, 6590.0], [71246.5, 9470.0], [71246.0, 25000.0]], "asks": [[71265.5, 60170.0], [71270.0, 20000.0], [71270.5, 37490.0], [71272.0, 5490.0], [71272.5, 2870.0], [71274.0, 10070.0], [71274.5, 2000.0], [71275.5, 11490.0], [71276.0, 7090.0], [71276.5, 12990.0], [71277.5, 650.0], [71278.5, 12820.0], [71279.0, 36960.0], [71279.5, 6000.0], [71281.0, 1790.0], [71281.5, 6000.0], [71284.5, 4660.0], [71285.5, 15610.0], [71288.0, 7460.0], [71289.0, 25000.0]]}}}
{"jsonrpc": "2.0", "method": "subscription", "params": {"channel": "book.BTC-PERPETUAL.none.20.100ms", "data": {"timestamp": 1772763447337, "change_id": 143965821616, "instrument_name": "BTC-PERPETUAL", "bids": [[71265.0, 57460.0], [71263.5, 2530.0], [71262.0, 5490.0], [71261.5, 3000.0], [71260.0, 1790.0], [71257.5, 490.0], [71257.0, 5490.0], [71256.5, 20860.0], [71256.0, 6000.0], [71255.0, 50000.0], [71254.0, 2900.0], [71253.0, 14360.0], [71252.5, 1860.0], [71252.0, 14500.0], [71251.5, 22800.0], [71247.0, 16880.0], [71246.5, 9470.0], [71246.0, 25000.0], [71245.5, 13020.0], [71245.0, 130.0]], "asks": [[71265.5, 60170.0], [71269.5, 16410.0], [71270.0, 54990.0], [71270.5, 2640.0], [71272.5, 2870.0], [71273.5, 5980.0], [71274.0, 10070.0], [71274.5, 2000.0], [71275.0, 6590.0], [71275.5, 6000.0], [71276.0, 5490.0], [71276.5, 12990.0], [71277.5, 650.0], [71278.5, 12820.0], [71279.0, 36960.0], [71279.5, 6000.0], [71281.0, 1790.0], [71281.5, 6000.0], [71284.5, 4660.0], [71285.5, 15610.0]]}}}
{"jsonrpc": "2.0", "method": "subscription", "params": {"channel": "book.BTC-PERPETUAL.none.20.100ms", "data": {"timestamp": 1772763447659, "change_id": 143965822327, "instrument_name": "BTC-PERPETUAL", "bids": [[71265.0, 56260.0], [71263.5, 2530.0], [71261.5, 3000.0], [71261.0, 5490.0], [71260.0, 1790.0], [71257.5, 490.0], [71257.0, 5490.0], [71256.5, 20860.0], [71256.0, 6000.0], [71255.0, 50000.0], [71254.0, 2900.0], [71253.0, 9510.0], [71252.5, 1860.0], [71252.0, 1510.0], [71251.5, 22800.0], [71248.0, 16130.0], [71247.5, 12990.0], [71247.0, 6590.0], [71246.5, 9470.0], [71246.0, 25000.0]], "asks": [[71265.5, 60170.0], [71271.0, 17830.0], [71271.5, 54990.0], [71272.0, 5490.0], [71272.5, 2870.0], [71274.0, 10070.0], [71274.5, 2000.0], [71275.0, 7080.0], [71275.5, 6000.0], [71276.0, 5490.0], [71276.5, 12990.0], [71277.5, 650.0], [71278.5, 12820.0], [71279.0, 36960.0], [71279.5, 6000.0], [71281.0, 1790.0], [71281.5, 6000.0], [71284.5, 4660.0], [71285.5, 15610.0], [71292.0, 2990.0]]}}}
{"jsonrpc": "2.0", "method": "subscription", "params": {"channel": "book.BTC-PERPETUAL.none.20.100ms", "data": {"timestamp": 1772763448000, "change_id": 143965822662, "instrument_name": "BTC-PERPETUAL", "bids": [[71265.0, 79720.0], [71263.5, 2530.0], [71261.5, 3000.0], [71261.0, 5490.0], [71260.0, 1790.0], [71257.5, 490.0], [71257.0, 5490.0], [71256.5, 20860.0], [71256.0, 6000.0], [71255.0, 50000.0], [71254.0, 2900.0], [71253.0, 9510.0], [71252.5, 1860.0], [71252.0, 14500.0], [71251.5, 22800.0], [71248.0, 16130.0], [71247.0, 6590.0], [71246.5, 9470.0], [71246.0, 25000.0], [71245.5, 13020.0]], "asks": [[71265.5, 60170.0], [71270.0, 34990.0], [71270.5, 20000.0], [71271.0, 2500.0], [71272.0, 5490.0], [71272.5, 2870.0], [71274.0, 10560.0], [71274.5, 2000.0], [71275.0, 6590.0], [71275.5, 6000.0], [71276.0, 5490.0], [71276.5, 12990.0], [71277.5, 650.0], [71278.5, 12820.0], [71279.0, 36960.0], [71279.5, 6000.0], [71281.0, 1790.0], [71281.5, 6000.0], [71284.5, 4660.0], [71285.5, 15610.0]]}}}
{"jsonrpc": "2.0", "method": "subscription", "params": {"channel": "book.BTC-PERPETUAL.none.20.100ms", "data": {"timestamp": 1772763448333, "change_id": 143965823081, "instrument_name": "BTC-PERPETUAL", "bids": [[71265.0, 79720.0], [71263.5, 2530.0], [71261.5, 3000.0], [71261.0, 5490.0], [71260.0, 1790.0], [71257.5, 490.0], [71257.0, 5490.0], [71256.5, 20860.0], [71256.0, 6000.0], [71255.0, 50000.0], [71254.0, 2900.0], [71253.0, 19850.0], [71252.5, 1860.0], [71252.0, 1510.0], [71251.5, 47800.0], [71249.5, 12990.0], [71249.0, 4790.0], [71247.0, 6590.0], [71246.5, 9470.0], [71245.5, 13020.0]], "asks": [[71265.5, 60170.0], [71270.0, 34990.0], [71270.5, 20000.0], [71271.0, 2500.0], [71272.0, 5490.0], [71272.5, 2870.0], [71274.0, 10560.0], [71274.5, 2000.0], [71275.0, 6590.0], [71275.5, 6000.0], [71276.0, 5490.0], [71276.5, 12990.0], [71277.5, 650.0], [71278.5, 12820.0], [71279.0, 36960.0], [71279.5, 6000.0], [71281.0, 1790.0], [71281.5, 6000.0], [71284.5, 4660.0], [71285.5, 15610.0]]}}}
{"jsonrpc": "2.0", "method": "subscription", "params": {"channel": "book.BTC-PERPETUAL.none.20.100ms", "data": {"timestamp": 1772763448662, "change_id": 143965823770, "instrument_name": "BTC-PERPETUAL", "bids": [[71265.0, 80350.0], [71263.5, 2530.0], [71261.5, 3000.0], [71261.0, 5490.0], [71259.0, 490.0], [71258.5, 1790.0], [71258.0, 5490.0], [71256.5, 20860.0], [71256.0, 6000.0], [71255.0, 50000.0], [71254.0, 2900.0], [71253.0, 19850.0], [71252.5, 1860.0], [71252.0, 14500.0], [71251.5, 47800.0], [71249.0, 2830.0], [71247.0, 6590.0], [71246.5, 9470.0], [71245.5, 13020.0], [71245.0, 130.0]], "asks": [[71265.5, 60170.0], [71270.0, 34990.0], [71270.5, 20000.0], [71271.0, 2500.0], [71272.5, 2870.0], [71273.5, 5490.0], [71274.0, 10070.0], [71274.5, 2000.0], [71275.5, 6000.0], [71276.0, 7080.0], [71276.5, 12990.0], [71277.0, 5490.0], [71277.5, 650.0], [71278.5, 12820.0], [71279.0, 36960.0], [71279.5, 6000.0], [71281.0, 1790.0], [71281.5, 6000.0], [71284.5, 4660.0], [71285.5, 15610.0]]}}}
{"jsonrpc": "2.0", "method": "subscription", "params": {"channel": "book.BTC-PERPETUAL.none.20.100ms", "data": {"timestamp": 1772763448943, "change_id": 143965824005, "instrument_name": "BTC-PERPETUAL", "bids": [[71265.0, 80060.0], [71263.5, 2530.0], [71261.5, 3000.0], [71261.0, 5490.0], [71260.0, 1790.0], [71259.0, 5980.0], [71256.5, 20860.0], [71256.0, 6000.0], [71255.0, 50000.0], [71254.0, 2900.0], [71253.0, 19850.0], [71252.5, 1860.0], [71252.0, 14500.0], [71251.5, 47800.0], [71249.0, 4430.0], [71247.0, 6590.0], [71246.5, 9470.0], [71245.5, 13020.0], [71245.0, 130.0], [71244.5, 42500.0]], "asks": [[71265.5, 60170.0], [71270.0, 34990.0], [71270.5, 20000.0], [71271.0, 2500.0], [71272.5, 2870.0], [71273.5, 5490.0], [71274.0, 10070.0], [71274.5, 2000.0], [71275.5, 11980.0], [71276.0, 6590.0], [71276.5, 12990.0], [71277.5, 650.0], [71278.5, 12820.0], [71279.0, 36960.0], [71279.5, 6000.0], [71281.0, 1790.0], [71281.5, 6000.0], [71284.5, 4660.0], [71285.5, 15610.0], [71291.5, 10750.0]]}}}
{"jsonrpc": "2.0", "method": "subscription", "params": {"channel": "book.BTC-PERPETUAL.none.20.100ms", "data": {"timestamp": 1772763449324, "change_id": 143965824489, "instrument_name": "BTC-PERPETUAL", "bids": [[71265.0, 79870.0], [71263.5, 2530.0], [71261.5, 3000.0], [71261.0, 5490.0], [71260.5, 490.0], [71260.0, 1790.0], [71257.0, 5490.0], [71256.5, 20860.0], [71256.0, 6000.0], [71255.0, 50000.0], [71254.0, 2900.0], [71253.0, 19850.0], [71252.5, 1860.0], [71252.0, 14500.0], [71251.5, 47800.0], [71249.0, 4430.0], [71247.0, 6590.0], [71246.5, 9470.0], [71245.5, 13020.0], [71245.0, 130.0]], "asks": [[71265.5, 60170.0], [71272.5, 22870.0], [71273.0, 34990.0], [71273.5, 5490.0], [71274.0, 10070.0], [71274.5, 2000.0], [71275.5, 11490.0], [71276.0, 7090.0], [71276.5, 12990.0], [71277.5, 650.0], [71278.5, 12820.0], [71279.0, 36960.0], [71279.5, 6000.0], [71281.0, 1790.0], [71281.5, 6000.0], [71284.5, 4660.0], [71285.5, 15610.0], [71291.5, 10750.0], [71292.5, 35010.0], [71295.0, 1000.0]]}}}
{"jsonrpc": "2.0", "method": "subscription", "params": {"channel": "book.BTC-PERPETUAL.none.20.100ms", "data": {"timestamp": 1772763449654, "change_id": 143965825878, "instrument_name": "BTC-PERPETUAL", "bids": [[71276.0, 38780.0], [71271.0, 450.0], [71270.5, 2870.0], [71265.0, 44620.0], [71263.5, 1940.0], [71263.0, 5980.0], [71262.5, 1000.0], [71259.0, 18310.0], [71257.5, 12990.0], [71257.0, 50000.0], [71256.0, 15530.0], [71254.5, 6590.0], [71254.0, 1900.0], [71253.0, 9510.0], [71252.5, 1860.0], [71251.5, 22800.0], [71251.0, 9530.0], [71249.5, 25000.0], [71249.0, 14840.0], [71247.0, 36940.0]], "asks": [[71276.5, 49200.0], [71278.5, 16360.0], [71279.0, 10980.0], [71279.5, 6000.0], [71280.0, 2870.0], [71280.5, 20000.0], [71281.0, 22600.0], [71281.5, 6000.0], [71282.5, 2000.0], [71284.5, 15100.0], [71285.0, 36960.0], [71285.5, 6100.0], [71291.5, 2990.0], [71292.5, 9510.0], [71295.5, 2050.0], [71296.5, 2350.0], [71297.0, 6000.0], [71298.5, 1000.0], [71299.0, 2840.0], [71299.5, 9510.0]]}}}
