{"jsonrpc": "2.0", "id": 1, "result": ["book.BTC-PERPETUAL.none.20.100ms"], "usIn": 1761096613736398, "usOut": 1761096613736692, "usDiff": 294, "testnet": false}
{"jsonrpc": "2.0", "method": "subscription", "params": {"channel": "book.BTC-PERPETUAL.none.20.100ms", "data": {"timestamp": 1761096613731, "change_id": 123112998632, "instrument_name": "BTC-PERPETUAL", "bids": [[108153.0, 35950.0], [108150.0, 20.0], [108146.5, 24940.0], [108146.0, 1000.0], [108140.5, 49990.0], [108138.5, 200.0], [108131.5, 1000.0], [108130.0, 17750.0], [108127.0, 42610.0], [108126.5, 11300.0], [108122.5, 11780.0], [108121.5, 23140.0], [108120.0, 4070.0], [108119.5, 12270.0], [108115.0, 8550.0], [108114.5, 9230.0], [108114.0, 6300.0], [108113.5, 10990.0], [108113.0, 2560.0], [108112.5, 3670.0]], "asks": [[108153.5, 793380.0], [108154.0, 20.0], [108154.5, 20.0], [108155.0, 20.0], [108155.5, 20.0], [108156.0, 20.0], [108156.5, 20.0], [108157.0, 20.0], [108161.0, 2760.0], [108161.5, 9240.0], [108163.5, 24110.0], [108165.5, 15250.0], [108167.0, 46000.0], [108167.5, 20660.0], [108168.0, 29070.0], [108173.5, 1000.0], [108174.0, 17590.0], [108176.0, 21130.0], [108176.5, 38790.0], [108180.5, 51720.0]]}}}
{"jsonrpc": "2.0", "method": "subscription", "params": {"channel": "book.BTC-PERPETUAL.none.20.100ms", "data": {"timestamp": 1761096613841, "change_id": 123112998907, "instrument_name": "BTC-PERPETUAL", "bids": [[108153.0, 35240.0], [108150.0, 20.0], [108146.5, 29010.0], [108146.0, 1000.0], [108138.5, 200.0], [108131.5, 1000.0], [108131.0, 15070.0], [108130.5, 49990.0], [108130.0, 17750.0], [108129.0, 20.0], [108127.5, 490.0], [108127.0, 42120.0], [108126.5, 11300.0], [108122.5, 11780.0], [108121.5, 23140.0], [108120.0, 4070.0], [108119.5, 12270.0], [108115.0, 8550.0], [108114.5, 9230.0], [108114.0, 6300.0]], "asks": [[108153.5, 793380.0], [108154.0, 20.0], [108154.5, 20.0], [108155.0, 20.0], [108155.5, 20.0], [108156.0, 20.0], [108156.5, 20.0], [108157.0, 20.0], [108159.5, 4550.0], [108160.0, 6000.0], [108163.0, 9240.0], [108163.5, 24110.0], [108165.5, 15250.0], [108167.0, 40000.0], [108167.5, 20660.0], [108168.0, 4070.0], [108168.5, 25000.0], [108173.5, 1000.0], [108174.0, 17590.0], [108176.0, 21130.0]]}}}
{"jsonrpc": "2.0", "method": "subscription", "params": {"channel": "book.BTC-PERPETUAL.none.20.100ms", "data": {"timestamp": 1761096614196, "change_id": 123112999783, "instrument_name": "BTC-PERPETUAL", "bids": [[108153.0, 12450.0], [108150.0, 20.0], [108141.0, 49990.0], [108140.5, 24940.0], [108138.5, 200.0], [108133.0, 1000.0], [108131.5, 1000.0], [108130.0, 1650.0], [108126.5, 5000.0], [108123.0, 490.0], [108122.5, 11780.0], [108121.5, 23140.0], [108120.0, 4070.0], [108119.5, 12270.0], [108117.5, 19760.0], [108117.0, 42120.0], [108115.0, 8550.0], [108114.5, 9230.0], [108114.0, 6300.0], [108113.0, 13550.0]], "asks": [[108153.5, 832180.0], [108154.0, 20.0], [108154.5, 20.0], [108155.0, 20.0], [108155.5, 20.0], [108156.0, 20.0], [108156.5, 20.0], [108157.0, 20.0], [108157.5, 2760.0], [108158.0, 9240.0], [108163.5, 24110.0], [108165.5, 15250.0], [108167.0, 40000.0], [108167.5, 45660.0], [108168.0, 4070.0], [108173.5, 1000.0], [108174.0, 17590.0], [108176.0, 21130.0], [108176.5, 38790.0], [108180.5, 29680.0]]}}}
{"jsonrpc": "2.0", "method": "subscription", "params": {"channel": "book.BTC-PERPETUAL.none.20.100ms", "data": {"timestamp": 1761096614521, "change_id": 123113000770, "instrument_name": "BTC-PERPETUAL", "bids": [[108153.0, 110090.0], [108150.0, 20.0], [108142.5, 24940.0], [108140.5, 4070.0], [108138.5, 200.0], [108133.0, 1000.0], [108131.5, 1000.0], [108130.0, 27340.0], [108129.5, 20.0], [108127.0, 50480.0], [108125.0, 42120.0], [108122.5, 11780.0], [108121.5, 23140.0], [108120.0, 4070.0], [108119.5, 12270.0], [108115.5, 4430.0], [108115.0, 8550.0], [108114.0, 6300.0], [108113.0, 2560.0], [108112.5, 3670.0]], "asks": [[108153.5, 841440.0], [108154.0, 20.0], [108154.5, 20.0], [108155.0, 20.0], [108155.5, 20.0], [108156.0, 20.0], [108156.5, 20.0], [108157.0, 20.0], [108163.5, 34520.0], [108165.0, 25000.0], [108165.5, 15250.0], [108167.0, 40000.0], [108167.5, 20660.0], [108168.0, 4070.0], [108171.5, 6570.0], [108172.0, 21000.0], [108173.5, 1000.0], [108174.0, 41290.0], [108176.0, 130.0], [108176.5, 98150.0]]}}}
{"jsonrpc": "2.0", "method": "subscription", "params": {"channel": "book.BTC-PERPETUAL.none.20.100ms", "data": {"timestamp": 1761096614856, "change_id": 123113001240, "instrument_name": "BTC-PERPETUAL", "bids": [[108153.0, 110120.0], [108150.0, 20.0], [108143.0, 24940.0], [108140.5, 4070.0], [108138.5, 200.0], [108133.0, 1000.0], [108131.5, 1000.0], [108130.5, 20.0], [108130.0, 20.0], [108127.0, 26010.0], [108126.0, 490.0], [108125.5, 49990.0], [108125.0, 42120.0], [108124.0, 5000.0], [108122.5, 4880.0], [108120.0, 4070.0], [108119.5, 12270.0], [108115.5, 4430.0], [108115.0, 8550.0], [108114.0, 6300.0]], "asks": [[108153.5, 840660.0], [108154.0, 20.0], [108154.5, 20.0], [108155.0, 20.0], [108155.5, 20.0], [108156.0, 20.0], [108156.5, 20.0], [108157.0, 20.0], [108163.5, 34520.0], [108165.0, 25000.0], [108165.5, 15250.0], [108167.0, 40000.0], [108167.5, 20660.0], [108168.0, 4070.0], [108171.0, 20070.0], [108172.0, 21000.0], [108173.5, 1000.0], [108174.0, 41290.0], [108176.0, 130.0], [108176.5, 98150.0]]}}}
{"jsonrpc": "2.0", "method": "subscription", "params": {"channel": "book.BTC-PERPETUAL.none.20.100ms", "data": {"timestamp": 1761096615164, "change_id": 123113001914, "instrument_name": "BTC-PERPETUAL", "bids": [[108153.0, 108920.0], [108150.0, 20.0], [108140.0, 4070.0], [108138.5, 200.0], [108137.5, 24940.0], [108133.0, 43120.0], [108131.5, 1000.0], [108131.0, 20.0], [108128.5, 49990.0], [108127.5, 490.0], [108124.0, 5000.0], [108122.5, 4880.0], [108120.0, 4070.0], [108119.5, 12270.0], [108115.5, 10000.0], [108115.0, 29110.0], [108114.0, 6300.0], [108113.0, 2560.0], [108112.5, 3670.0], [108111.0, 9230.0]], "asks": [[108153.5, 834660.0], [108154.0, 20.0], [108154.5, 20.0], [108155.0, 20.0], [108155.5, 20.0], [108156.0, 20.0], [108156.5, 20.0], [108157.0, 20.0], [108163.5, 24110.0], [108165.5, 15250.0], [108167.0, 40000.0], [108167.5, 20660.0], [108168.0, 4070.0], [108169.0, 12560.0], [108171.0, 20070.0], [108172.0, 21000.0], [108173.5, 1000.0], [108174.0, 41290.0], [108176.0, 130.0], [108176.5, 98150.0]]}}}
{"jsonrpc": "2.0", "method": "subscription", "params": {"channel": "book.BTC-PERPETUAL.none.20.100ms", "data": {"timestamp": 1761096615516, "change_id": 123113002408, "instrument_name": "BTC-PERPETUAL", "bids": [[108153.0, 116890.0], [108150.0, 20.0], [108140.0, 4070.0], [108138.5, 200.0], [108137.5, 24940.0], [108133.5, 49990.0], [108133.0, 43120.0], [108132.0, 20.0], [108124.5, 490.0], [108124.0, 5000.0], [108122.5, 13930.0], [108121.0, 32430.0], [108120.0, 4070.0], [108119.5, 12270.0], [108115.5, 10000.0], [108115.0, 29110.0], [108114.0, 6300.0], [108113.5, 10230.0], [108113.0, 2560.0], [108112.5, 3670.0]], "asks": [[108153.5, 789620.0], [108154.0, 20.0], [108154.5, 20.0], [108155.0, 20.0], [108155.5, 20.0], [108156.0, 20.0], [108156.5, 20.0], [108157.0, 20.0], [108159.5, 4550.0], [108160.0, 9240.0], [108160.5, 6000.0], [108163.5, 24110.0], [108165.5, 15250.0], [108167.0, 40000.0], [108167.5, 20660.0], [108168.0, 29070.0], [108168.5, 12560.0], [108171.0, 20070.0], [108172.0, 21000.0], [108173.5, 1000.0]]}}}
{"jsonrpc": "2.0", "method": "subscription", "params": {"channel": "book.BTC-PERPETUAL.none.20.100ms", "data": {"timestamp": 1761096615842, "change_id": 123113002713, "instrument_name": "BTC-PERPETUAL", "bids": [[108153.0, 113630.0], [108150.0, 20.0], [108146.5, 24940.0], [108144.0, 200.0], [108140.0, 4070.0], [108133.5, 49990.0], [108133.0, 43120.0], [108132.5, 20.0], [108124.5, 490.0], [108122.5, 13930.0], [108121.0, 32430.0], [108120.0, 4070.0], [108119.5, 12270.0], [108115.5, 10000.0], [108115.0, 29110.0], [108114.5, 9230.0], [108114.0, 6300.0], [108113.5, 1000.0], [108113.0, 2560.0], [108112.5, 3670.0]], "asks": [[108153.5, 789620.0], [108154.0, 20.0], [108154.5, 20.0], [108155.0, 20.0], [108155.5, 20.0], [108156.0, 20.0], [108156.5, 20.0], [108157.0, 20.0], [108159.5, 4550.0], [108160.0, 9240.0], [108160.5, 6000.0], [108163.5, 24110.0], [108165.5, 15250.0], [108167.0, 40000.0], [108167.5, 20660.0], [108168.0, 4070.0], [108168.5, 12950.0], [108169.0, 25000.0], [108171.0, 20070.0], [108173.5, 1000.0]]}}}
{"jsonrpc": "2.0", "method": "subscription", "params": {"channel": "book.BTC-PERPETUAL.none.20.100ms", "data": {"timestamp": 1761096616173, "change_id": 123113003209, "instrument_name": "BTC-PERPETUAL", "bids": [[108153.0, 113370.0], [108150.0, 20.0], [108146.5, 24940.0], [108144.0, 200.0], [108140.0, 4070.0], [108134.5, 26160.0], [108133.5, 49990.0], [108133.0, 43120.0], [108132.5, 20.0], [108132.0, 20.0], [108127.0, 1980.0], [108126.5, 5000.0], [108122.5, 13930.0], [108120.0, 36500.0], [108119.5, 12270.0], [108115.5, 10000.0], [108115.0, 29110.0], [108114.5, 9230.0], [108114.0, 6300.0], [108113.5, 1000.0]], "asks": [[108153.5, 789620.0], [108154.0, 20.0], [108154.5, 20.0], [108155.0, 20.0], [108155.5, 20.0], [108156.0, 20.0], [108156.5, 20.0], [108157.0, 20.0], [108159.5, 4550.0], [108160.0, 9240.0], [108160.5, 6000.0], [108163.5, 24110.0], [108165.5, 15250.0], [108167.0, 40000.0], [108167.5, 20400.0], [108168.0, 4070.0], [108168.5, 12950.0], [108171.0, 20070.0], [108172.5, 25000.0], [108173.5, 1000.0]]}}}
{"jsonrpc": "2.0", "method": "subscription", "params": {"channel": "book.BTC-PERPETUAL.none.20.100ms", "data": {"timestamp": 1761096616504, "change_id": 123113003577, "instrument_name": "BTC-PERPETUAL", "bids": [[108153.0, 110970.0], [108150.0, 20.0], [108144.0, 200.0], [108140.5, 49990.0], [108140.0, 4070.0], [108137.5, 24940.0], [108135.5, 12890.0], [108133.0, 43120.0], [108132.5, 20.0], [108131.5, 20.0], [108131.0, 20.0], [108127.5, 490.0], [108122.5, 4880.0], [108120.0, 4070.0], [108119.5, 12270.0], [108116.5, 23300.0], [108116.0, 32430.0], [108115.0, 29110.0], [108114.0, 6300.0], [108113.5, 1000.0]], "asks": [[108153.5, 789650.0], [108154.0, 20.0], [108154.5, 20.0], [108155.0, 20.0], [108155.5, 20.0], [108156.0, 20.0], [108156.5, 20.0], [108157.0, 20.0], [108157.5, 4550.0], [108158.0, 9240.0], [108160.5, 6000.0], [108163.5, 24110.0], [108165.5, 15250.0], [108167.0, 40000.0], [108167.5, 45400.0], [108168.0, 4070.0], [108168.5, 6290.0], [108171.0, 20070.0], [108173.5, 1000.0], [108174.0, 41290.0]]}}}
{"jsonrpc": "2.0", "method": "subscription", "params": {"channel": "book.BTC-PERPETUAL.none.20.100ms", "data": {"timestamp": 1761096616838, "change_id": 123113004759, "instrument_name": "BTC-PERPETUAL", "bids": [[108150.0, 13990.0], [108143.0, 24940.0], [108138.0, 200.0], [108136.0, 4070.0], [108133.0, 1000.0], [108132.5, 20.0], [108123.5, 28530.0], [108123.0, 42120.0], [108121.5, 49990.0], [108121.0, 5490.0], [108120.5, 12810.0], [108120.0, 4070.0], [108115.5, 10870.0], [108115.0, 29110.0], [108114.0, 6300.0], [108113.5, 8140.0], [108113.0, 2560.0], [108110.5, 9230.0], [108110.0, 12280.0], [108108.0, 43420.0]], "asks": [[108150.5, 731350.0], [108151.0, 20.0], [108151.5, 20.0], [108152.0, 20.0], [108152.5, 9260.0], [108153.0, 103870.0], [108153.5, 176070.0], [108154.0, 20.0], [108161.0, 7760.0], [108162.0, 25000.0], [108163.0, 1000.0], [108163.5, 11860.0], [108165.5, 15250.0], [108167.5, 20400.0], [108168.0, 4070.0], [108168.5, 11460.0], [108170.0, 21000.0], [108171.0, 20070.0], [108174.0, 41290.0], [108176.0, 130.0]]}}}
{"jsonrpc": "2.0", "method": "subscription", "params": {"channel": "book.BTC-PERPETUAL.none.20.100ms", "data": {"timestamp": 1761096617170, "change_id": 123113005433, "instrument_name": "BTC-PERPETUAL", "bids": [[108150.0, 11380.0], [108138.0, 200.0], [108135.5, 4070.0], [108133.5, 49990.0], [108133.0, 1000.0], [108132.5, 7460.0], [108132.0, 24940.0], [108124.5, 19250.0], [108123.0, 42120.0], [108122.0, 490.0], [108121.0, 5000.0], [108120.5, 12810.0], [108120.0, 4070.0], [108115.5, 10870.0], [108115.0, 29110.0], [108114.0, 6300.0], [108113.5, 21220.0], [108113.0, 2560.0], [108110.5, 21980.0], [108110.0, 12280.0]], "asks": [[108150.5, 767620.0], [108151.0, 20.0], [108151.5, 20.0], [108152.0, 20.0], [108152.5, 20.0], [108153.0, 103870.0], [108153.5, 176070.0], [108154.0, 20.0], [108160.0, 10520.0], [108160.5, 9240.0], [108161.0, 25000.0], [108163.0, 1000.0], [108163.5, 11860.0], [108165.5, 15250.0], [108167.5, 20400.0], [108168.0, 4070.0], [108168.5, 11460.0], [108171.0, 25070.0], [108173.5, 21000.0], [108174.0, 41290.0]]}}}
{"jsonrpc": "2.0", "method": "subscription", "params": {"channel": "book.BTC-PERPETUAL.none.20.100ms", "data": {"timestamp": 1761096617495, "change_id": 123113006043, "instrument_name": "BTC-PERPETUAL", "bids": [[108150.0, 15350.0], [108146.5, 24940.0], [108142.5, 4070.0], [108138.0, 200.0], [108136.5, 14920.0], [108136.0, 49990.0], [108135.5, 13270.0], [108133.0, 1000.0], [108132.5, 20.0], [108131.5, 20.0], [108131.0, 42140.0], [108122.0, 490.0], [108121.5, 6530.0], [108121.0, 14230.0], [108120.5, 12810.0], [108120.0, 4070.0], [108116.5, 10990.0], [108115.5, 17430.0], [108115.0, 29110.0], [108114.0, 6300.0]], "asks": [[108150.5, 647660.0], [108151.0, 20.0], [108151.5, 20.0], [108152.0, 20.0], [108152.5, 520.0], [108153.0, 63870.0], [108153.5, 170060.0], [108154.0, 20.0], [108159.0, 4550.0], [108159.5, 6000.0], [108163.0, 9240.0], [108163.5, 36170.0], [108165.5, 15250.0], [108166.0, 86530.0], [108167.5, 20400.0], [108168.0, 4070.0], [108168.5, 6290.0], [108171.0, 20070.0], [108174.0, 42290.0], [108175.0, 25000.0]]}}}
{"jsonrpc": "2.0", "method": "subscription", "params": {"channel": "book.BTC-PERPETUAL.none.20.100ms", "data": {"timestamp": 1761096617827, "change_id": 123113006588, "instrument_name": "BTC-PERPETUAL", "bids": [[108150.0, 15320.0], [108144.0, 200.0], [108138.5, 49990.0], [108137.5, 24940.0], [108135.5, 13270.0], [108133.0, 1000.0], [108132.5, 20.0], [108131.0, 42120.0], [108129.0, 20.0], [108122.0, 490.0], [108121.5, 6530.0], [108121.0, 5000.0], [108120.5, 12810.0], [108120.0, 4070.0], [108115.5, 10870.0], [108115.0, 29110.0], [108114.0, 6300.0], [108113.5, 1000.0], [108113.0, 2560.0], [108112.0, 9230.0]], "asks": [[108150.5, 648210.0], [108151.0, 20.0], [108151.5, 20.0], [108152.0, 20.0], [108152.5, 20.0], [108153.0, 73110.0], [108153.5, 170010.0], [108154.0, 20.0], [108158.0, 1790.0], [108159.5, 6000.0], [108163.5, 36170.0], [108165.5, 15250.0], [108166.0, 86530.0], [108167.5, 20400.0], [108168.0, 4070.0], [108168.5, 18520.0], [108171.0, 45070.0], [108173.5, 21000.0], [108174.0, 42290.0], [108176.0, 130.0]]}}}
{"jsonrpc": "2.0", "method": "subscription", "params": {"channel": "book.BTC-PERPETUAL.none.20.100ms", "data": {"timestamp": 1761096618154, "change_id": 123113007145, "instrument_name": "BTC-PERPETUAL", "bids": [[108150.0, 12160.0], [108144.0, 25140.0], [108141.0, 4070.0], [108136.5, 14920.0], [108136.0, 49990.0], [108135.5, 13270.0], [108133.0, 1000.0], [108132.5, 20.0], [108131.0, 42120.0], [108122.0, 490.0], [108121.5, 6530.0], [108121.0, 5000.0], [108120.5, 12810.0], [108120.0, 4070.0], [108115.5, 20100.0], [108115.0, 29110.0], [108114.0, 6300.0], [108113.5, 11990.0], [108113.0, 13550.0], [108111.0, 10990.0]], "asks": [[108150.5, 647710.0], [108151.0, 20.0], [108151.5, 20.0], [108152.0, 20.0], [108152.5, 520.0], [108153.0, 63870.0], [108153.5, 169750.0], [108154.0, 20.0], [108157.5, 9240.0], [108158.0, 1790.0], [108159.5, 6000.0], [108163.5, 36170.0], [108165.5, 15250.0], [108166.0, 86530.0], [108167.5, 20400.0], [108168.0, 4070.0], [108168.5, 12560.0], [108171.0, 20070.0], [108174.0, 67290.0], [108176.0, 21130.0]]}}}
{"jsonrpc": "2.0", "method": "subscription", "params": {"channel": "book.BTC-PERPETUAL.none.20.100ms", "data": {"timestamp": 1761096618493, "change_id": 123113007586, "instrument_name": "BTC-PERPETUAL", "bids": [[108150.0, 12390.0], [108145.5, 24940.0], [108140.0, 4070.0], [108138.0, 49990.0], [108135.5, 13270.0], [108133.0, 1000.0], [108132.5, 20.0], [108131.0, 42120.0], [108129.5, 20.0], [108129.0, 20.0], [108125.0, 20.0], [108122.0, 490.0], [108121.5, 6530.0], [108121.0, 5000.0], [108120.5, 12810.0], [108120.0, 4070.0], [108115.5, 10870.0], [108115.0, 29110.0], [108114.0, 15530.0], [108113.5, 8710.0]], "asks": [[108150.5, 647640.0], [108151.0, 20.0], [108151.5, 20.0], [108152.0, 520.0], [108152.5, 20.0], [108153.0, 63870.0], [108153.5, 169750.0], [108154.0, 20.0], [108157.5, 9240.0], [108158.0, 1790.0], [108159.5, 6000.0], [108163.5, 36170.0], [108165.5, 40250.0], [108166.0, 86530.0], [108167.5, 20400.0], [108168.0, 4070.0], [108168.5, 6290.0], [108171.0, 20070.0], [108174.0, 62940.0], [108175.0, 20.0]]}}}
{"jsonrpc": "2.0", "method": "subscription", "params": {"channel": "book.BTC-PERPETUAL.none.20.100ms", "data": {"timestamp": 1761096618812, "change_id": 123113008157, "instrument_name": "BTC-PERPETUAL", "bids": [[108150.0, 16310.0], [108142.5, 24940.0], [108140.0, 200.0], [108138.5, 4070.0], [108133.0, 1000.0], [108132.5, 20.0], [108131.5, 49990.0], [108131.0, 42120.0], [108126.5, 20.0], [108126.0, 20.0], [108125.0, 20.0], [108121.5, 5810.0], [108121.0, 5000.0], [108120.5, 12810.0], [108120.0, 4070.0], [108115.5, 8990.0], [108115.0, 29110.0], [108113.5, 1000.0], [108113.0, 2560.0], [108112.5, 10760.0]], "asks": [[108150.5, 657380.0], [108151.0, 20.0], [108151.5, 20.0], [108152.0, 20.0], [108152.5, 20.0], [108153.0, 103870.0], [108153.5, 169750.0], [108154.0, 20.0], [108158.0, 1790.0], [108159.5, 6000.0], [108163.5, 36170.0], [108165.5, 15250.0], [108166.0, 86530.0], [108167.5, 20400.0], [108168.0, 4070.0], [108168.5, 18520.0], [108169.0, 25000.0], [108170.5, 21000.0], [108171.0, 20070.0], [108174.0, 62940.0]]}}}
{"jsonrpc": "2.0", "method": "subscription", "params": {"channel": "book.BTC-PERPETUAL.none.20.100ms", "data": {"timestamp": 1761096619154, "change_id": 123113008898, "instrument_name": "BTC-PERPETUAL", "bids": [[108150.0, 14480.0], [108143.0, 24940.0], [108140.0, 200.0], [108138.5, 4070.0], [108134.0, 15230.0], [108133.5, 49990.0], [108133.0, 1000.0], [108132.5, 20.0], [108125.0, 20.0], [108122.0, 490.0], [108121.5, 5320.0], [108121.0, 5000.0], [108120.5, 12810.0], [108120.0, 4070.0], [108115.5, 8990.0], [108115.0, 29110.0], [108113.5, 1000.0], [108113.0, 2560.0], [108112.5, 19890.0], [108111.5, 9230.0]], "asks": [[108150.5, 648140.0], [108151.0, 20.0], [108151.5, 20.0], [108152.0, 20.0], [108152.5, 9260.0], [108153.0, 103870.0], [108153.5, 168750.0], [108154.0, 20.0], [108158.0, 1790.0], [108159.5, 6000.0], [108163.5, 36170.0], [108165.5, 15250.0], [108166.0, 86530.0], [108167.5, 20400.0], [108168.0, 4070.0], [108168.5, 18410.0], [108170.5, 21000.0], [108171.0, 20070.0], [108172.0, 25000.0], [108174.0, 62940.0]]}}}
{"jsonrpc": "2.0", "method": "subscription", "params": {"channel": "book.BTC-PERPETUAL.none.20.100ms", "data": {"timestamp": 1761096619482, "change_id": 123113009428, "instrument_name": "BTC-PERPETUAL", "bids": [[108150.0, 10420.0], [108143.0, 24940.0], [108140.0, 200.0], [108139.0, 4070.0], [108133.0, 1000.0], [108132.5, 20.0], [108127.0, 12580.0], [108126.5, 42140.0], [108125.0, 20.0], [108122.5, 20750.0], [108122.0, 50480.0], [108121.0, 5000.0], [108120.5, 12810.0], [108120.0, 4070.0], [108115.5, 8990.0], [108115.0, 29110.0], [108113.5, 1000.0], [108113.0, 2560.0], [108112.0, 22640.0], [108111.5, 9230.0]], "asks": [[108150.5, 648140.0], [108151.0, 20.0], [108151.5, 20.0], [108152.0, 20.0], [108152.5, 9260.0], [108153.0, 103870.0], [108153.5, 168750.0], [108154.0, 20.0], [108158.0, 1790.0], [108159.5, 6000.0], [108163.5, 36170.0], [108165.5, 15250.0], [108166.0, 86530.0], [108167.5, 20400.0], [108168.0, 4070.0], [108168.5, 18410.0], [108171.0, 20070.0], [108172.0, 25000.0], [108173.5, 21000.0], [108174.0, 62940.0]]}}}
{"jsonrpc": "2.0", "method": "subscription", "params": {"channel": "book.BTC-PERPETUAL.none.20.100ms", "data": {"timestamp": 1761096619815, "change_id": 123113009919, "instrument_name": "BTC-PERPETUAL", "bids": [[108150.0, 11020.0], [108145.5, 24940.0], [108140.0, 200.0], [108139.0, 4070.0], [108136.5, 12570.0], [108136.0, 42120.0], [108133.0, 1000.0], [108132.5, 20.0], [108130.0, 15070.0], [108129.5, 49990.0], [108128.0, 490.0], [108125.0, 20.0], [108122.5, 6680.0], [108121.0, 5000.0], [108120.5, 12810.0], [108120.0, 4070.0], [108115.5, 8990.0], [108115.0, 29110.0], [108114.0, 9230.0], [108113.5, 1000.0]], "asks": [[108150.5, 648140.0], [108151.0, 20.0], [108151.5, 20.0], [108152.0, 20.0], [108152.5, 20.0], [108153.0, 103870.0], [108153.5, 168750.0], [108154.0, 20.0], [108157.5, 9240.0], [108158.0, 1790.0], [108159.5, 6000.0], [108163.5, 36170.0], [108165.5, 15250.0], [108166.0, 86530.0], [108166.5, 25000.0], [108167.5, 20400.0], [108168.0, 4070.0], [108168.5, 6290.0], [108171.0, 20070.0], [108174.0, 62940.0]]}}}
{"jsonrpc": "2.0", "method": "subscription", "params": {"channel": "book.BTC-PERPETUAL.none.20.100ms", "data": {"timestamp": 1761096620145, "change_id": 123113010667, "instrument_name": "BTC-PERPETUAL", "bids": [[108150.0, 11270.0], [108147.5, 24940.0], [108138.0, 49990.0], [108136.0, 42120.0], [108133.0, 1000.0], [108132.5, 20.0], [108131.0, 490.0], [108128.0, 20.0], [108125.0, 20.0], [108122.5, 6680.0], [108121.0, 5000.0], [108120.5, 12810.0], [108115.5, 13870.0], [108115.0, 29110.0], [108114.5, 10990.0], [108114.0, 9230.0], [108113.5, 1000.0], [108113.0, 2560.0], [108112.0, 7780.0], [108111.5, 10990.0]], "asks": [[108150.5, 651710.0], [108151.0, 20.0], [108151.5, 20.0], [108152.0, 20.0], [108152.5, 20.0], [108153.0, 104370.0], [108153.5, 164680.0], [108154.0, 20.0], [108158.0, 4320.0], [108159.0, 9240.0], [108159.5, 6000.0], [108163.5, 36170.0], [108165.5, 15250.0], [108166.0, 86530.0], [108167.5, 20400.0], [108168.0, 4070.0], [108168.5, 12950.0], [108170.5, 25000.0], [108171.0, 20070.0], [108174.0, 62940.0]]}}}
{"jsonrpc": "2.0", "method": "subscription", "params": {"channel": "book.BTC-PERPETUAL.none.20.100ms", "data": {"timestamp": 1761096620457, "change_id": 123113011049, "instrument_name": "BTC-PERPETUAL", "bids": [[108150.0, 6210.0], [108144.5, 24940.0], [108143.5, 4070.0], [108139.0, 49990.0], [108138.5, 12570.0], [108136.0, 42120.0], [108133.0, 1000.0], [108132.5, 20.0], [108129.5, 20.0], [108129.0, 510.0], [108128.5, 2620.0], [108128.0, 8750.0], [108125.0, 20.0], [108122.5, 6680.0], [108121.0, 5000.0], [108120.5, 12810.0], [108120.0, 4070.0], [108115.5, 13870.0], [108115.0, 29110.0], [108114.0, 9230.0]], "asks": [[108150.5, 651710.0], [108151.0, 20.0], [108151.5, 20.0], [108152.0, 20.0], [108152.5, 20.0], [108153.0, 103870.0], [108153.5, 164680.0], [108154.0, 20.0], [108157.5, 500.0], [108158.0, 4320.0], [108159.0, 9240.0], [108159.5, 6000.0], [108163.5, 36170.0], [108165.5, 15250.0], [108166.0, 86530.0], [108167.5, 20400.0], [108168.0, 4070.0], [108168.5, 12950.0], [108169.5, 25000.0], [108171.0, 20070.0]]}}}
{"jsonrpc": "2.0", "method": "subscription", "params": {"channel": "book.BTC-PERPETUAL.none.20.100ms", "data": {"timestamp": 1761096620800, "change_id": 123113011216, "instrument_name": "BTC-PERPETUAL", "bids": [[108150.0, 31150.0], [108143.5, 4070.0], [108139.0, 49990.0], [108136.0, 42120.0], [108133.0, 1000.0], [108132.5, 20.0], [108129.0, 490.0], [108128.5, 2640.0], [108128.0, 8770.0], [108125.0, 20.0], [108122.5, 6680.0], [108121.0, 5000.0], [108120.5, 12810.0], [108120.0, 4070.0], [108115.5, 13870.0], [108115.0, 29110.0], [108114.0, 9230.0], [108113.5, 1000.0], [108113.0, 2560.0], [108112.5, 10990.0]], "asks": [[108150.5, 651710.0], [108151.0, 20.0], [108151.5, 20.0], [108152.0, 20.0], [108152.5, 20.0], [108153.0, 104370.0], [108153.5, 164680.0], [108154.0, 20.0], [108158.0, 4320.0], [108159.0, 9240.0], [108159.5, 6000.0], [108163.5, 36170.0], [108165.5, 15250.0], [108166.0, 86530.0], [108167.5, 20400.0], [108168.0, 4070.0], [108168.5, 12950.0], [108170.0, 25000.0], [108171.0, 20070.0], [108174.0, 62940.0]]}}}
{"jsonrpc": "2.0", "method": "subscription", "params": {"channel": "book.BTC-PERPETUAL.none.20.100ms", "data": {"timestamp": 1761096621129, "change_id": 123113011899, "instrument_name": "BTC-PERPETUAL", "bids": [[108150.0, 31210.0], [108143.5, 4070.0], [108137.5, 49990.0], [108137.0, 12570.0], [108136.0, 42120.0], [108133.0, 1000.0], [108132.5, 20.0], [108129.5, 20.0], [108129.0, 510.0], [108128.5, 2620.0], [108128.0, 8750.0], [108125.0, 20.0], [108122.5, 6680.0], [108121.0, 5000.0], [108120.5, 12810.0], [108120.0, 4070.0], [108115.5, 13870.0], [108115.0, 29110.0], [108114.0, 9230.0], [108113.5, 1000.0]], "asks": [[108150.5, 651710.0], [108151.0, 20.0], [108151.5, 20.0], [108152.0, 20.0], [108152.5, 20.0], [108153.0, 86610.0], [108153.5, 155560.0], [108154.0, 20.0], [108157.5, 500.0], [108158.0, 4320.0], [108159.0, 9240.0], [108159.5, 6000.0], [108163.5, 36170.0], [108165.5, 15250.0], [108166.0, 86530.0], [108167.5, 20400.0], [108168.0, 4070.0], [108168.5, 12950.0], [108170.0, 25000.0], [108171.0, 20070.0]]}}}
{"jsonrpc": "2.0", "method": "subscription", "params": {"channel": "book.BTC-PERPETUAL.none.20.100ms", "data": {"timestamp": 1761096621472, "change_id": 123113012355, "instrument_name": "BTC-PERPETUAL", "bids": [[108150.0, 6260.0], [108141.0, 4070.0], [108138.5, 49990.0], [108137.5, 24940.0], [108136.0, 42120.0], [108133.0, 1000.0], [108132.5, 20.0], [108129.0, 490.0], [108128.5, 2620.0], [108128.0, 8750.0], [108125.0, 20.0], [108122.5, 6680.0], [108121.0, 5000.0], [108120.5, 12810.0], [108120.0, 4070.0], [108115.5, 13870.0], [108115.0, 29110.0], [108114.0, 9230.0], [108113.5, 1000.0], [108113.0, 2560.0]], "asks": [[108150.5, 660830.0], [108151.0, 20.0], [108151.5, 20.0], [108152.0, 20.0], [108152.5, 520.0], [108153.0, 86610.0], [108153.5, 155560.0], [108154.0, 20.0], [108157.0, 9240.0], [108158.0, 1790.0], [108159.5, 6000.0], [108163.5, 36170.0], [108165.5, 15250.0], [108166.0, 86530.0], [108167.5, 20400.0], [108168.0, 4070.0], [108168.5, 18360.0], [108169.0, 25000.0], [108171.0, 20070.0], [108173.5, 21000.0]]}}}
{"jsonrpc": "2.0", "method": "subscription", "params": {"channel": "book.BTC-PERPETUAL.none.20.100ms", "data": {"timestamp": 1761096621804, "change_id": 123113012570, "instrument_name": "BTC-PERPETUAL", "bids": [[108150.0, 6210.0], [108141.0, 4070.0], [108138.0, 24940.0], [108137.0, 27490.0], [108136.5, 49990.0], [108136.0, 42120.0], [108133.0, 1000.0], [108132.5, 20.0], [108129.0, 490.0], [108128.5, 2640.0], [108128.0, 8770.0], [108125.0, 20.0], [108122.5, 6680.0], [108121.0, 5000.0], [108120.5, 12810.0], [108120.0, 4070.0], [108116.0, 9230.0], [108115.5, 8990.0], [108115.0, 29110.0], [108113.5, 11990.0]], "asks": [[108150.5, 660830.0], [108151.0, 20.0], [108151.5, 20.0], [108152.0, 20.0], [108152.5, 20.0], [108153.0, 87110.0], [108153.5, 155560.0], [108154.0, 20.0], [108157.5, 9240.0], [108158.0, 1790.0], [108159.5, 6000.0], [108163.5, 36170.0], [108165.5, 15250.0], [108166.0, 86530.0], [108167.5, 20400.0], [108168.0, 4070.0], [108168.5, 6290.0], [108171.0, 20070.0], [108174.0, 62940.0], [108175.0, 20.0]]}}}
{"jsonrpc": "2.0", "method": "subscription", "params": {"channel": "book.BTC-PERPETUAL.none.20.100ms", "data": {"timestamp": 1761096622136, "change_id": 123113013265, "instrument_name": "BTC-PERPETUAL", "bids": [[108150.0, 6210.0], [108147.5, 24940.0], [108141.0, 4070.0], [108137.5, 49990.0], [108137.0, 12570.0], [108136.0, 42120.0], [108133.0, 1000.0], [108132.5, 20.0], [108129.0, 510.0], [108128.5, 2640.0], [108128.0, 8750.0], [108125.0, 20.0], [108122.5, 6680.0], [108121.0, 5000.0], [108120.5, 12810.0], [108120.0, 4070.0], [108116.0, 9230.0], [108115.5, 8990.0], [108115.0, 29110.0], [108113.5, 1000.0]], "asks": [[108150.5, 660830.0], [108151.0, 20.0], [108151.5, 20.0], [108152.0, 20.0], [108152.5, 20.0], [108153.0, 86610.0], [108153.5, 155560.0], [108154.0, 20.0], [108157.0, 500.0], [108157.5, 9240.0], [108158.0, 1790.0], [108159.5, 6000.0], [108163.5, 36170.0], [108165.5, 15250.0], [108166.0, 86530.0], [108167.5, 20400.0], [108168.0, 4070.0], [108168.5, 6290.0], [108171.0, 20070.0], [108174.0, 62940.0]]}}}
{"jsonrpc": "2.0", "method": "subscription", "params": {"channel": "book.BTC-PERPETUAL.none.20.100ms", "data": {"timestamp": 1761096622466, "change_id": 123113014233, "instrument_name": "BTC-PERPETUAL", "bids": [[108150.0, 29670.0], [108149.0, 24940.0], [108148.5, 4070.0], [108141.5, 1000.0], [108137.5, 12720.0], [108137.0, 49990.0], [108136.5, 490.0], [108136.0, 42120.0], [108132.5, 20.0], [108130.0, 2620.0], [108128.0, 8750.0], [108125.0, 20.0], [108123.0, 20220.0], [108122.5, 6680.0], [108122.0, 6300.0], [108121.0, 5000.0], [108120.5, 12810.0], [108120.0, 4070.0], [108116.0, 10990.0], [108115.5, 8990.0]], "asks": [[108150.5, 495280.0], [108151.0, 20.0], [108151.5, 4090.0], [108152.0, 20.0], [108152.5, 20.0], [108153.0, 72600.0], [108153.5, 155560.0], [108154.0, 20.0], [108156.5, 61590.0], [108163.0, 500.0], [108163.5, 53710.0], [108164.0, 70200.0], [108165.5, 15250.0], [108166.0, 86530.0], [108167.5, 28600.0], [108168.0, 4070.0], [108168.5, 6290.0], [108171.0, 20070.0], [108174.0, 41290.0], [108175.0, 20.0]]}}}
{"jsonrpc": "2.0", "method": "subscription", "params": {"channel": "book.BTC-PERPETUAL.none.20.100ms", "data": {"timestamp": 1761096622790, "change_id": 123113014512, "instrument_name": "BTC-PERPETUAL", "bids": [[108150.0, 98420.0], [108148.5, 4070.0], [108141.5, 1000.0], [108139.5, 15070.0], [108139.0, 49990.0], [108136.5, 490.0], [108134.0, 20.0], [108133.5, 20.0], [108132.5, 20.0], [108130.0, 2620.0], [108128.0, 8750.0], [108125.0, 20.0], [108123.0, 9230.0], [108122.5, 6680.0], [108122.0, 6300.0], [108121.0, 5000.0], [108120.5, 23800.0], [108120.0, 4070.0], [108116.0, 10990.0], [108115.5, 8990.0]], "asks": [[108150.5, 571470.0], [108151.0, 20.0], [108151.5, 4090.0], [108152.0, 72620.0], [108152.5, 61610.0], [108153.0, 20.0], [108153.5, 155560.0], [108154.0, 20.0], [108163.0, 500.0], [108163.5, 14300.0], [108165.0, 9240.0], [108165.5, 15250.0], [108167.5, 19360.0], [108168.0, 4070.0], [108168.5, 6290.0], [108171.0, 20070.0], [108174.0, 41290.0], [108175.0, 20.0], [108176.0, 130.0], [108176.5, 98150.0]]}}}
{"jsonrpc": "2.0", "method": "subscription", "params": {"channel": "book.BTC-PERPETUAL.none.20.100ms", "data": {"timestamp": 1761096623129, "change_id": 123113015244, "instrument_name": "BTC-PERPETUAL", "bids": [[108150.0, 180400.0], [108148.5, 4070.0], [108141.5, 15920.0], [108141.0, 49990.0], [108132.5, 20.0], [108130.5, 490.0], [108130.0, 2620.0], [108128.0, 8750.0], [108125.0, 20.0], [108123.0, 9230.0], [108122.5, 6680.0], [108122.0, 6300.0], [108121.0, 5000.0], [108120.5, 23800.0], [108120.0, 4070.0], [108116.0, 10990.0], [108115.5, 8990.0], [108115.0, 29110.0], [108113.5, 1000.0], [108113.0, 2560.0]], "asks": [[108150.5, 571470.0], [108151.0, 20.0], [108151.5, 4090.0], [108152.0, 72620.0], [108152.5, 61610.0], [108153.0, 40020.0], [108153.5, 151560.0], [108154.0, 20.0], [108163.0, 500.0], [108163.5, 14300.0], [108165.0, 9240.0], [108165.5, 15250.0], [108167.5, 19360.0], [108168.0, 4070.0], [108168.5, 6290.0], [108171.0, 20070.0], [108174.0, 72550.0], [108175.0, 20.0], [108176.0, 130.0], [108176.5, 98150.0]]}}}
{"jsonrpc": "2.0", "method": "subscription", "params": {"channel": "book.BTC-PERPETUAL.none.20.100ms", "data": {"timestamp": 1761096623458, "change_id": 123113015626, "instrument_name": "BTC-PERPETUAL", "bids": [[108150.0, 94060.0], [108148.5, 4070.0], [108143.5, 15220.0], [108143.0, 49990.0], [108141.5, 1000.0], [108132.5, 20.0], [108130.5, 490.0], [108130.0, 2620.0], [108128.0, 8750.0], [108125.0, 20.0], [108123.0, 9230.0], [108122.5, 6680.0], [108122.0, 6300.0], [108121.0, 15990.0], [108120.5, 12810.0], [108120.0, 4070.0], [108116.0, 10990.0], [108115.5, 8990.0], [108115.0, 29110.0], [108113.5, 1000.0]], "asks": [[108150.5, 591470.0], [108151.0, 20.0], [108151.5, 4090.0], [108152.0, 72620.0], [108152.5, 61610.0], [108153.0, 40020.0], [108153.5, 151560.0], [108154.0, 20.0], [108163.0, 500.0], [108163.5, 14300.0], [108165.0, 9240.0], [108165.5, 15250.0], [108167.5, 19360.0], [108168.0, 4070.0], [108168.5, 6290.0], [108170.5, 6000.0], [108171.0, 20070.0], [108174.0, 72550.0], [108175.0, 20.0], [108176.0, 130.0]]}}}
{"jsonrpc": "2.0", "method": "subscription", "params": {"channel": "book.BTC-PERPETUAL.none.20.100ms", "data": {"timestamp": 1761096623725, "change_id": 123113015802, "instrument_name": "BTC-PERPETUAL", "bids": [[108150.0, 92950.0], [108148.5, 4070.0], [108141.5, 1000.0], [108132.5, 20.0], [108132.0, 20.0], [108130.5, 490.0], [108130.0, 17200.0], [108128.5, 49990.0], [108128.0, 8750.0], [108125.0, 20.0], [108123.0, 9230.0], [108122.5, 6680.0], [108122.0, 6300.0], [108121.0, 5000.0], [108120.5, 12810.0], [108120.0, 4070.0], [108116.5, 10990.0], [108116.0, 10990.0], [108115.5, 8990.0], [108115.0, 29110.0]], "asks": [[108150.5, 653060.0], [108151.0, 20.0], [108151.5, 4090.0], [108152.0, 72620.0], [108152.5, 20.0], [108153.0, 40020.0], [108153.5, 151560.0], [108154.0, 20.0], [108162.0, 2910.0], [108162.5, 9240.0], [108163.0, 500.0], [108163.5, 14300.0], [108165.5, 15250.0], [108167.5, 19360.0], [108168.0, 4070.0], [108168.5, 6290.0], [108170.5, 6000.0], [108171.0, 20070.0], [108174.0, 72550.0], [108175.0, 20.0]]}}}
{"jsonrpc": "2.0", "method": "subscription", "params": {"channel": "book.BTC-PERPETUAL.none.20.100ms", "data": {"timestamp": 1761096624120, "change_id": 123113016545, "instrument_name": "BTC-PERPETUAL", "bids": [[108150.0, 175450.0], [108141.5, 1000.0], [108134.0, 15070.0], [108133.5, 49990.0], [108132.5, 510.0], [108130.0, 2620.0], [108128.0, 8750.0], [108125.0, 20.0], [108123.0, 9230.0], [108122.5, 9620.0], [108122.0, 6300.0], [108121.0, 5000.0], [108120.5, 12810.0], [108116.5, 10990.0], [108116.0, 10990.0], [108115.5, 8990.0], [108115.0, 29110.0], [108113.5, 1000.0], [108113.0, 2560.0], [108112.5, 32430.0]], "asks": [[108150.5, 662490.0], [108151.0, 20.0], [108151.5, 4090.0], [108152.0, 72620.0], [108152.5, 20.0], [108153.0, 40020.0], [108153.5, 151560.0], [108154.0, 20.0], [108161.5, 500.0], [108163.5, 14300.0], [108165.0, 9240.0], [108165.5, 15250.0], [108167.5, 19360.0], [108168.0, 4070.0], [108168.5, 6290.0], [108170.5, 6000.0], [108171.0, 20070.0], [108174.0, 72550.0], [108175.0, 20.0], [108176.0, 130.0]]}}}
{"jsonrpc": "2.0", "method": "subscription", "params": {"channel": "book.BTC-PERPETUAL.none.20.100ms", "data": {"timestamp": 1761096624427, "change_id": 123113016914, "instrument_name": "BTC-PERPETUAL", "bids": [[108150.0, 92950.0], [108149.5, 4070.0], [108141.5, 1000.0], [108136.0, 14920.0], [108135.5, 49990.0], [108134.5, 490.0], [108133.0, 20.0], [108132.5, 40.0], [108130.0, 2620.0], [108128.0, 8750.0], [108125.0, 20.0], [108123.0, 9230.0], [108122.5, 9620.0], [108122.0, 7300.0], [108121.0, 5000.0], [108120.5, 12810.0], [108120.0, 4070.0], [108116.5, 10990.0], [108116.0, 10990.0], [108115.5, 8990.0]], "asks": [[108150.5, 672490.0], [108151.0, 20.0], [108151.5, 4090.0], [108152.0, 72620.0], [108152.5, 10020.0], [108153.0, 40020.0], [108153.5, 151560.0], [108154.0, 20.0], [108162.0, 2910.0], [108162.5, 9240.0], [108163.0, 500.0], [108163.5, 14300.0], [108165.5, 15250.0], [108167.5, 19360.0], [108168.0, 4070.0], [108168.5, 6290.0], [108170.5, 6000.0], [108171.0, 20070.0], [108174.0, 72550.0], [108175.0, 20.0]]}}}
{"jsonrpc": "2.0", "method": "subscription", "params": {"channel": "book.BTC-PERPETUAL.none.20.100ms", "data": {"timestamp": 1761096624765, "change_id": 123113017171, "instrument_name": "BTC-PERPETUAL", "bids": [[108150.0, 25960.0], [108149.5, 4070.0], [108148.0, 24940.0], [108142.0, 10780.0], [108141.5, 36100.0], [108138.0, 15070.0], [108137.5, 49990.0], [108134.0, 490.0], [108133.5, 1000.0], [108132.5, 20.0], [108131.0, 20.0], [108130.0, 2620.0], [108128.0, 8750.0], [108125.0, 20.0], [108122.5, 9620.0], [108122.0, 6300.0], [108121.5, 9230.0], [108121.0, 5000.0], [108120.5, 12810.0], [108120.0, 4070.0]], "asks": [[108150.5, 672490.0], [108151.0, 20.0], [108151.5, 4090.0], [108152.0, 72620.0], [108152.5, 10020.0], [108153.0, 40020.0], [108153.5, 150520.0], [108154.0, 20.0], [108161.5, 500.0], [108162.0, 2910.0], [108162.5, 9240.0], [108163.5, 14300.0], [108165.5, 15250.0], [108167.5, 19360.0], [108168.0, 4070.0], [108168.5, 6290.0], [108170.5, 6000.0], [108171.0, 20070.0], [108174.0, 72550.0], [108175.0, 20.0]]}}}
{"jsonrpc": "2.0", "method": "subscription", "params": {"channel": "book.BTC-PERPETUAL.none.20.100ms", "data": {"timestamp": 1761096625109, "change_id": 123113018472, "instrument_name": "BTC-PERPETUAL", "bids": [[108150.0, 18170.0], [108144.0, 24940.0], [108139.5, 4070.0], [108132.5, 20.0], [108130.0, 15230.0], [108129.5, 49990.0], [108129.0, 1000.0], [108125.0, 20.0], [108124.5, 20.0], [108123.5, 5500.0], [108123.0, 490.0], [108120.5, 12880.0], [108120.0, 4070.0], [108119.5, 1000.0], [108115.5, 8750.0], [108115.0, 29110.0], [108113.5, 9430.0], [108113.0, 2560.0], [108111.0, 6300.0], [108110.5, 16350.0]], "asks": [[108150.5, 701880.0], [108151.0, 20.0], [108151.5, 4090.0], [108152.0, 72620.0], [108152.5, 10020.0], [108153.0, 40020.0], [108153.5, 150520.0], [108154.0, 20.0], [108162.5, 2760.0], [108163.0, 9240.0], [108163.5, 14300.0], [108165.5, 15250.0], [108167.5, 19360.0], [108168.0, 4070.0], [108168.5, 11460.0], [108171.0, 20070.0], [108173.5, 21000.0], [108174.0, 72550.0], [108175.0, 20.0], [108176.0, 130.0]]}}}
{"jsonrpc": "2.0", "method": "subscription", "params": {"channel": "book.BTC-PERPETUAL.none.20.100ms", "data": {"timestamp": 1761096625439, "change_id": 123113018958, "instrument_name": "BTC-PERPETUAL", "bids": [[108150.0, 18190.0], [108147.0, 24940.0], [108139.0, 4070.0], [108133.5, 49990.0], [108133.0, 10480.0], [108132.5, 35120.0], [108129.0, 1000.0], [108126.5, 20.0], [108126.0, 20.0], [108125.0, 20.0], [108121.5, 490.0], [108121.0, 6550.0], [108120.5, 12880.0], [108120.0, 9070.0], [108119.0, 1200.0], [108115.5, 8750.0], [108115.0, 29110.0], [108113.5, 9230.0], [108113.0, 2560.0], [108111.0, 6300.0]], "asks": [[108150.5, 682980.0], [108151.0, 20.0], [108151.5, 4090.0], [108152.0, 72620.0], [108152.5, 20.0], [108153.0, 40020.0], [108153.5, 150520.0], [108154.0, 20.0], [108162.5, 2760.0], [108163.0, 9240.0], [108163.5, 14300.0], [108165.5, 15250.0], [108167.5, 19360.0], [108168.0, 4070.0], [108168.5, 11460.0], [108171.0, 20070.0], [108173.5, 21000.0], [108174.0, 41290.0], [108175.0, 5020.0], [108176.0, 130.0]]}}}
{"jsonrpc": "2.0", "method": "subscription", "params": {"channel": "book.BTC-PERPETUAL.none.20.100ms", "data": {"timestamp": 1761096625771, "change_id": 123113019257, "instrument_name": "BTC-PERPETUAL", "bids": [[108150.0, 18210.0], [108149.5, 24940.0], [108142.5, 4070.0], [108137.5, 1000.0], [108136.0, 14920.0], [108135.5, 49990.0], [108133.0, 10480.0], [108132.5, 35120.0], [108129.5, 20.0], [108126.5, 200.0], [108125.0, 20.0], [108121.5, 9720.0], [108121.0, 6550.0], [108120.5, 12880.0], [108120.0, 9070.0], [108119.0, 1000.0], [108116.0, 15250.0], [108115.5, 10990.0], [108115.0, 29110.0], [108114.0, 10990.0]], "asks": [[108150.5, 682990.0], [108151.0, 20.0], [108151.5, 4090.0], [108152.0, 72620.0], [108152.5, 20.0], [108153.0, 40020.0], [108153.5, 150520.0], [108154.0, 20.0], [108161.0, 4550.0], [108161.5, 6000.0], [108163.0, 9240.0], [108163.5, 14300.0], [108165.5, 15250.0], [108166.5, 1000.0], [108167.5, 19360.0], [108168.0, 4070.0], [108168.5, 5990.0], [108171.0, 20070.0], [108174.0, 41290.0], [108175.0, 20.0]]}}}
{"jsonrpc": "2.0", "method": "subscription", "params": {"channel": "book.BTC-PERPETUAL.none.20.100ms", "data": {"timestamp": 1761096626102, "change_id": 123113019987, "instrument_name": "BTC-PERPETUAL", "bids": [[108150.0, 43150.0], [108142.5, 4070.0], [108138.0, 15220.0], [108137.5, 50990.0], [108133.0, 10490.0], [108132.5, 35120.0], [108129.5, 20.0], [108128.5, 2690.0], [108128.0, 8800.0], [108126.5, 200.0], [108125.0, 20.0], [108122.5, 490.0], [108122.0, 6300.0], [108121.0, 6550.0], [108120.5, 12880.0], [108120.0, 9070.0], [108119.5, 9230.0], [108119.0, 1000.0], [108116.0, 15250.0], [108115.5, 10990.0]], "asks": [[108150.5, 682990.0], [108151.0, 20.0], [108151.5, 4090.0], [108152.0, 72620.0], [108152.5, 20.0], [108153.0, 40020.0], [108153.5, 150520.0], [108154.0, 20.0], [108160.0, 4550.0], [108160.5, 9240.0], [108161.5, 6000.0], [108163.5, 14300.0], [108165.5, 15250.0], [108166.5, 1000.0], [108167.5, 19100.0], [108168.0, 4070.0], [108168.5, 37660.0], [108171.0, 20070.0], [108172.0, 25000.0], [108173.5, 86530.0]]}}}
{"jsonrpc": "2.0", "method": "subscription", "params": {"channel": "book.BTC-PERPETUAL.none.20.100ms", "data": {"timestamp": 1761096626434, "change_id": 123113020358, "instrument_name": "BTC-PERPETUAL", "bids": [[108150.0, 17870.0], [108142.5, 4070.0], [108142.0, 24940.0], [108137.5, 1000.0], [108135.0, 25470.0], [108134.5, 49990.0], [108133.0, 200.0], [108132.5, 35120.0], [108128.5, 2690.0], [108128.0, 8820.0], [108127.5, 20.0], [108125.0, 20.0], [108122.5, 490.0], [108122.0, 6300.0], [108121.0, 6550.0], [108120.5, 12880.0], [108120.0, 9070.0], [108119.5, 9230.0], [108119.0, 1000.0], [108116.0, 15250.0]], "asks": [[108150.5, 682990.0], [108151.0, 20.0], [108151.5, 4090.0], [108152.0, 72620.0], [108152.5, 20.0], [108153.0, 40020.0], [108153.5, 150520.0], [108154.0, 20.0], [108160.0, 4550.0], [108160.5, 9240.0], [108161.5, 6000.0], [108163.5, 14300.0], [108165.5, 15250.0], [108166.5, 1000.0], [108167.5, 19100.0], [108168.0, 4070.0], [108168.5, 37660.0], [108171.0, 20070.0], [108173.5, 111530.0], [108174.0, 41290.0]]}}}
{"jsonrpc": "2.0", "method": "subscription", "params": {"channel": "book.BTC-PERPETUAL.none.20.100ms", "data": {"timestamp": 1761096626760, "change_id": 123113020659, "instrument_name": "BTC-PERPETUAL", "bids": [[108150.0, 17970.0], [108149.5, 24940.0], [108145.0, 2000.0], [108142.5, 4070.0], [108137.5, 1000.0], [108137.0, 14920.0], [108136.5, 49990.0], [108133.0, 10690.0], [108132.5, 35120.0], [108130.0, 20.0], [108125.0, 20.0], [108122.5, 490.0], [108122.0, 6300.0], [108121.0, 6550.0], [108120.5, 12880.0], [108120.0, 9070.0], [108119.0, 1000.0], [108116.5, 9230.0], [108116.0, 15250.0], [108115.0, 29110.0]], "asks": [[108150.5, 682990.0], [108151.0, 20.0], [108151.5, 4090.0], [108152.0, 72620.0], [108152.5, 20.0], [108153.0, 40020.0], [108153.5, 150520.0], [108154.0, 20.0], [108160.0, 4550.0], [108160.5, 9240.0], [108161.5, 6000.0], [108163.5, 14300.0], [108165.5, 15250.0], [108166.5, 1000.0], [108167.5, 19100.0], [108168.0, 4070.0], [108168.5, 12690.0], [108171.0, 20070.0], [108172.0, 25000.0], [108174.0, 26820.0]]}}}
{"jsonrpc": "2.0", "method": "subscription", "params": {"channel": "book.BTC-PERPETUAL.none.20.100ms", "data": {"timestamp": 1761096627090, "change_id": 123113021401, "instrument_name": "BTC-PERPETUAL", "bids": [[108150.0, 18060.0], [108149.5, 24940.0], [108142.5, 4070.0], [108137.5, 15920.0], [108135.5, 49990.0], [108134.0, 10540.0], [108133.0, 200.0], [108132.5, 35120.0], [108129.0, 20.0], [108128.5, 20.0], [108125.0, 20.0], [108122.5, 490.0], [108122.0, 6300.0], [108121.0, 6550.0], [108120.5, 12880.0], [108120.0, 9070.0], [108119.0, 1000.0], [108116.5, 9230.0], [108116.0, 15250.0], [108115.0, 29110.0]], "asks": [[108150.5, 709090.0], [108151.0, 20.0], [108151.5, 4090.0], [108152.0, 72620.0], [108152.5, 20.0], [108153.0, 40020.0], [108153.5, 150520.0], [108154.0, 20.0], [108160.0, 4550.0], [108160.5, 9240.0], [108161.5, 6000.0], [108163.5, 14300.0], [108165.5, 15250.0], [108166.5, 1000.0], [108167.5, 19100.0], [108168.0, 4070.0], [108168.5, 12690.0], [108171.0, 20070.0], [108172.0, 25000.0], [108174.0, 26820.0]]}}}
{"jsonrpc": "2.0", "method": "subscription", "params": {"channel": "book.BTC-PERPETUAL.none.20.100ms", "data": {"timestamp": 1761096627429, "change_id": 123113021777, "instrument_name": "BTC-PERPETUAL", "bids": [[108150.0, 18060.0], [108148.5, 24940.0], [108143.5, 200.0], [108142.5, 4070.0], [108137.5, 1000.0], [108134.0, 25410.0], [108133.5, 49990.0], [108132.5, 35120.0], [108129.5, 20.0], [108129.0, 20.0], [108125.0, 20.0], [108122.5, 490.0], [108122.0, 6300.0], [108121.0, 6550.0], [108120.5, 12880.0], [108120.0, 9070.0], [108119.5, 9230.0], [108119.0, 1000.0], [108116.5, 10990.0], [108116.0, 15250.0]], "asks": [[108150.5, 749090.0], [108151.0, 20.0], [108151.5, 4090.0], [108152.0, 44970.0], [108152.5, 20.0], [108153.0, 20.0], [108153.5, 150520.0], [108154.0, 20.0], [108160.0, 4550.0], [108160.5, 9240.0], [108161.5, 6000.0], [108163.5, 41400.0], [108164.0, 18870.0], [108165.5, 15250.0], [108166.5, 1000.0], [108167.5, 105630.0], [108168.0, 4070.0], [108168.5, 12690.0], [108171.0, 20070.0], [108172.0, 25000.0]]}}}
{"jsonrpc": "2.0", "method": "subscription", "params": {"channel": "book.BTC-PERPETUAL.none.20.100ms", "data": {"timestamp": 1761096627759, "change_id": 123113021986, "instrument_name": "BTC-PERPETUAL", "bids": [[108150.0, 17970.0], [108149.5, 24940.0], [108143.5, 200.0], [108142.5, 4070.0], [108137.5, 50990.0], [108135.0, 10490.0], [108132.5, 35120.0], [108130.5, 20.0], [108130.0, 20.0], [108125.0, 20.0], [108122.5, 490.0], [108122.0, 6300.0], [108121.0, 6550.0], [108120.5, 12880.0], [108120.0, 9070.0], [108119.0, 1000.0], [108116.5, 9230.0], [108116.0, 15250.0], [108115.5, 10990.0], [108115.0, 29110.0]], "asks": [[108150.5, 722990.0], [108151.0, 20.0], [108151.5, 4090.0], [108152.0, 44970.0], [108152.5, 20.0], [108153.0, 20.0], [108153.5, 150520.0], [108154.0, 20.0], [108160.0, 4550.0], [108160.5, 9240.0], [108161.5, 6000.0], [108163.5, 41400.0], [108164.0, 18870.0], [108165.5, 15250.0], [108166.5, 1000.0], [108167.5, 105630.0], [108168.0, 4070.0], [108168.5, 12690.0], [108171.0, 20070.0], [108172.0, 25000.0]]}}}
{"jsonrpc": "2.0", "method": "subscription", "params": {"channel": "book.BTC-PERPETUAL.none.20.100ms", "data": {"timestamp": 1761096628090, "change_id": 123113022661, "instrument_name": "BTC-PERPETUAL", "bids": [[108150.0, 17970.0], [108149.5, 24940.0], [108142.5, 4070.0], [108137.5, 1000.0], [108136.0, 14920.0], [108135.5, 49990.0], [108135.0, 10490.0], [108132.5, 35120.0], [108129.0, 20.0], [108128.5, 20.0], [108127.0, 1000.0], [108125.0, 20.0], [108122.5, 490.0], [108122.0, 6300.0], [108121.0, 6550.0], [108120.5, 12880.0], [108120.0, 9070.0], [108116.5, 9230.0], [108116.0, 15250.0], [108115.0, 29110.0]], "asks": [[108150.5, 737490.0], [108151.0, 20.0], [108151.5, 4090.0], [108152.0, 44970.0], [108152.5, 20.0], [108153.0, 20.0], [108153.5, 150520.0], [108154.0, 20.0], [108160.0, 4550.0], [108160.5, 9240.0], [108161.5, 6000.0], [108163.5, 41400.0], [108164.0, 18870.0], [108165.5, 15250.0], [108166.5, 1000.0], [108167.5, 105630.0], [108168.0, 4070.0], [108168.5, 12690.0], [108171.0, 20070.0], [108171.5, 25000.0]]}}}
{"jsonrpc": "2.0", "method": "subscription", "params": {"channel": "book.BTC-PERPETUAL.none.20.100ms", "data": {"timestamp": 1761096628415, "change_id": 123113022997, "instrument_name": "BTC-PERPETUAL", "bids": [[108150.0, 16920.0], [108149.5, 24940.0], [108143.5, 200.0], [108142.5, 4070.0], [108137.5, 15920.0], [108135.5, 49990.0], [108135.0, 10490.0], [108132.5, 35120.0], [108129.0, 20.0], [108128.5, 20.0], [108127.0, 1000.0], [108125.0, 20.0], [108122.5, 490.0], [108122.0, 6300.0], [108121.0, 6550.0], [108120.5, 12880.0], [108120.0, 9070.0], [108116.5, 9230.0], [108115.5, 15250.0], [108115.0, 29110.0]], "asks": [[108150.5, 747440.0], [108151.0, 20.0], [108151.5, 4090.0], [108152.0, 44970.0], [108152.5, 20.0], [108153.0, 20.0], [108153.5, 150520.0], [108154.0, 20.0], [108160.0, 4550.0], [108160.5, 9240.0], [108161.5, 6000.0], [108163.5, 41400.0], [108164.0, 18870.0], [108165.5, 15250.0], [108166.5, 1000.0], [108167.5, 105630.0], [108168.0, 4070.0], [108168.5, 12690.0], [108171.0, 20070.0], [108171.5, 25000.0]]}}}
{"jsonrpc": "2.0", "method": "subscription", "params": {"channel": "book.BTC-PERPETUAL.none.20.100ms", "data": {"timestamp": 1761096628750, "change_id": 123113024068, "instrument_name": "BTC-PERPETUAL", "bids": [[108140.0, 50360.0], [108137.0, 4070.0], [108132.5, 20.0], [108127.0, 1000.0], [108125.0, 14940.0], [108124.5, 63630.0], [108124.0, 35100.0], [108123.0, 1000.0], [108120.0, 4070.0], [108119.0, 20.0], [108118.5, 20.0], [108118.0, 8800.0], [108116.0, 490.0], [108115.5, 6140.0], [108115.0, 20560.0], [108112.0, 5550.0], [108111.0, 6300.0], [108110.0, 12280.0], [108108.0, 9230.0], [108107.5, 8760.0]], "asks": [[108140.5, 635830.0], [108143.0, 14930.0], [108143.5, 40000.0], [108146.0, 10000.0], [108149.0, 9730.0], [108149.5, 18960.0], [108150.5, 49920.0], [108151.0, 20.0], [108151.5, 20.0], [108152.0, 44970.0], [108152.5, 20.0], [108153.0, 20.0], [108153.5, 140470.0], [108154.0, 20.0], [108163.5, 73890.0], [108164.0, 18870.0], [108165.0, 21000.0], [108165.5, 15250.0], [108166.5, 1000.0], [108167.5, 105630.0]]}}}
{"jsonrpc": "2.0", "method": "subscription", "params": {"channel": "book.BTC-PERPETUAL.none.20.100ms", "data": {"timestamp": 1761096629083, "change_id": 123113025552, "instrument_name": "BTC-PERPETUAL", "bids": [[108140.0, 26780.0], [108132.5, 20.0], [108127.5, 4070.0], [108127.0, 1000.0], [108125.5, 200.0], [108125.0, 20.0], [108124.5, 74930.0], [108123.0, 1000.0], [108113.5, 11970.0], [108113.0, 35100.0], [108112.5, 490.0], [108107.5, 6280.0], [108104.0, 21040.0], [108101.5, 4640.0], [108101.0, 9230.0], [108098.5, 6300.0], [108097.0, 4900.0], [108096.5, 23320.0], [108096.0, 6630.0], [108090.0, 10990.0]], "asks": [[108140.5, 703290.0], [108141.0, 20.0], [108142.0, 9240.0], [108143.0, 14930.0], [108143.5, 40000.0], [108144.0, 4070.0], [108146.0, 10000.0], [108149.5, 13110.0], [108150.5, 43870.0], [108151.0, 20.0], [108151.5, 20.0], [108152.0, 44970.0], [108152.5, 20.0], [108153.0, 20.0], [108153.5, 140450.0], [108155.0, 1000.0], [108156.5, 25000.0], [108157.5, 6270.0], [108158.0, 21000.0], [108163.0, 33400.0]]}}}
{"jsonrpc": "2.0", "method": "subscription", "params": {"channel": "book.BTC-PERPETUAL.none.20.100ms", "data": {"timestamp": 1761096629380, "change_id": 123113026151, "instrument_name": "BTC-PERPETUAL", "bids": [[108140.0, 24020.0], [108134.0, 24940.0], [108132.5, 20.0], [108132.0, 4070.0], [108125.5, 200.0], [108125.0, 20.0], [108123.0, 1000.0], [108115.5, 15070.0], [108115.0, 49990.0], [108114.0, 490.0], [108113.5, 19860.0], [108113.0, 35100.0], [108110.5, 12900.0], [108108.0, 23170.0], [108107.5, 6280.0], [108107.0, 1000.0], [108104.0, 21040.0], [108102.0, 9230.0], [108098.5, 6300.0], [108097.5, 10990.0]], "asks": [[108140.5, 646390.0], [108141.0, 20.0], [108141.5, 20.0], [108142.0, 20.0], [108143.0, 14930.0], [108143.5, 40000.0], [108144.0, 4070.0], [108149.0, 9240.0], [108149.5, 13110.0], [108150.5, 43870.0], [108151.0, 20.0], [108151.5, 20.0], [108152.0, 44970.0], [108153.5, 140450.0], [108154.0, 6000.0], [108157.5, 20660.0], [108161.5, 50900.0], [108162.5, 46000.0], [108163.0, 33400.0], [108163.5, 32490.0]]}}}
{"jsonrpc": "2.0", "method": "subscription", "params": {"channel": "book.BTC-PERPETUAL.none.20.100ms", "data": {"timestamp": 1761096629735, "change_id": 123113026481, "instrument_name": "BTC-PERPETUAL", "bids": [[108140.0, 24020.0], [108132.5, 4090.0], [108131.0, 200.0], [108128.5, 24940.0], [108125.0, 20.0], [108124.5, 25390.0], [108124.0, 49990.0], [108123.0, 36100.0], [108120.5, 20.0], [108120.0, 4090.0], [108111.5, 490.0], [108111.0, 12260.0], [108110.5, 17900.0], [108108.0, 23170.0], [108107.5, 9230.0], [108107.0, 1000.0], [108104.5, 6280.0], [108104.0, 21040.0], [108099.5, 10990.0], [108099.0, 10990.0]], "asks": [[108140.5, 646440.0], [108141.0, 20.0], [108141.5, 20.0], [108142.0, 20.0], [108142.5, 20.0], [108143.0, 14950.0], [108143.5, 40020.0], [108144.0, 4090.0], [108149.0, 9240.0], [108149.5, 13110.0], [108150.5, 43800.0], [108152.0, 62270.0], [108152.5, 25000.0], [108153.5, 139450.0], [108155.0, 20070.0], [108155.5, 68330.0], [108157.5, 44650.0], [108159.0, 86520.0], [108161.5, 50900.0], [108162.5, 21000.0]]}}}
{"jsonrpc": "2.0", "method": "subscription", "params": {"channel": "book.BTC-PERPETUAL.none.20.100ms", "data": {"timestamp": 1761096630065, "change_id": 123113027293, "instrument_name": "BTC-PERPETUAL", "bids": [[108140.0, 26580.0], [108134.5, 24940.0], [108132.5, 4090.0], [108131.0, 200.0], [108126.0, 49990.0], [108125.0, 20.0], [108124.5, 12000.0], [108123.0, 36100.0], [108120.0, 4070.0], [108118.5, 20.0], [108111.5, 490.0], [108111.0, 12260.0], [108110.5, 17900.0], [108108.0, 23170.0], [108107.0, 1000.0], [108105.0, 9230.0], [108104.5, 6280.0], [108104.0, 21040.0], [108099.5, 10990.0], [108098.5, 6300.0]], "asks": [[108140.5, 702640.0], [108141.0, 20.0], [108141.5, 20.0], [108142.0, 20.0], [108142.5, 20.0], [108143.0, 14950.0], [108143.5, 40020.0], [108144.0, 4090.0], [108149.0, 9240.0], [108149.5, 13110.0], [108150.5, 43800.0], [108152.0, 62270.0], [108153.0, 25000.0], [108153.5, 139190.0], [108155.0, 20070.0], [108155.5, 68330.0], [108157.5, 44650.0], [108159.0, 86520.0], [108161.5, 50900.0], [108162.5, 26000.0]]}}}
{"jsonrpc": "2.0", "method": "subscription", "params": {"channel": "book.BTC-PERPETUAL.none.20.100ms", "data": {"timestamp": 1761096630405, "change_id": 123113027705, "instrument_name": "BTC-PERPETUAL", "bids": [[108140.0, 122660.0], [108136.5, 24940.0], [108132.5, 4090.0], [108131.0, 200.0], [108126.0, 49990.0], [108125.0, 20.0], [108124.5, 12000.0], [108123.0, 36100.0], [108120.5, 20.0], [108120.0, 4070.0], [108111.5, 490.0], [108111.0, 12260.0], [108110.5, 17900.0], [108108.0, 23170.0], [108107.5, 9230.0], [108107.0, 1000.0], [108104.5, 6280.0], [108104.0, 21040.0], [108100.0, 43420.0], [108099.5, 10990.0]], "asks": [[108140.5, 686440.0], [108141.0, 20.0], [108141.5, 20.0], [108142.0, 20.0], [108142.5, 20.0], [108143.0, 1250.0], [108143.5, 20.0], [108144.0, 4090.0], [108148.0, 6000.0], [108149.0, 9240.0], [108149.5, 13110.0], [108150.5, 43800.0], [108152.0, 62270.0], [108153.5, 139190.0], [108155.0, 20070.0], [108155.5, 68330.0], [108157.5, 44650.0], [108159.0, 86520.0], [108161.5, 50900.0], [108162.5, 5000.0]]}}}
{"jsonrpc": "2.0", "method": "subscription", "params": {"channel": "book.BTC-PERPETUAL.none.20.100ms", "data": {"timestamp": 1761096630725, "change_id": 123113027872, "instrument_name": "BTC-PERPETUAL", "bids": [[108140.0, 124270.0], [108138.5, 24940.0], [108137.5, 230.0], [108132.5, 4090.0], [108131.0, 200.0], [108125.0, 20.0], [108124.5, 25390.0], [108123.5, 49990.0], [108123.0, 36120.0], [108120.0, 4070.0], [108111.5, 490.0], [108111.0, 12260.0], [108110.5, 17900.0], [108108.0, 23170.0], [108107.5, 9230.0], [108107.0, 1000.0], [108104.5, 6280.0], [108104.0, 21040.0], [108100.5, 32430.0], [108099.5, 10990.0]], "asks": [[108140.5, 686440.0], [108141.0, 20.0], [108141.5, 20.0], [108142.0, 20.0], [108142.5, 20.0], [108143.0, 1250.0], [108143.5, 20.0], [108144.0, 4090.0], [108149.0, 9240.0], [108149.5, 13110.0], [108150.5, 43800.0], [108152.0, 62270.0], [108153.5, 139190.0], [108155.0, 20070.0], [108155.5, 68330.0], [108157.5, 44650.0], [108158.0, 25000.0], [108159.0, 86520.0], [108161.5, 50900.0], [108162.5, 5000.0]]}}}
{"jsonrpc": "2.0", "method": "subscription", "params": {"channel": "book.BTC-PERPETUAL.none.20.100ms", "data": {"timestamp": 1761096631059, "change_id": 123113028599, "instrument_name": "BTC-PERPETUAL", "bids": [[108140.0, 123080.0], [108137.5, 25170.0], [108132.5, 4090.0], [108131.0, 200.0], [108126.5, 14930.0], [108126.0, 49990.0], [108125.0, 20.0], [108124.5, 12000.0], [108123.0, 36100.0], [108122.5, 20.0], [108122.0, 20.0], [108120.0, 4070.0], [108111.5, 490.0], [108111.0, 12260.0], [108110.5, 17900.0], [108108.0, 23170.0], [108107.0, 1000.0], [108105.0, 9230.0], [108104.5, 6280.0], [108104.0, 21040.0]], "asks": [[108140.5, 728440.0], [108141.0, 20.0], [108141.5, 20.0], [108142.0, 20.0], [108142.5, 20.0], [108143.0, 1250.0], [108143.5, 20.0], [108144.0, 4090.0], [108148.0, 6000.0], [108149.0, 9240.0], [108149.5, 13110.0], [108150.5, 43800.0], [108152.0, 62270.0], [108153.5, 139190.0], [108155.0, 20070.0], [108155.5, 68330.0], [108157.0, 25000.0], [108157.5, 44650.0], [108159.0, 86520.0], [108161.5, 50900.0]]}}}
{"jsonrpc": "2.0", "method": "subscription", "params": {"channel": "book.BTC-PERPETUAL.none.20.100ms", "data": {"timestamp": 1761096631394, "change_id": 123113029169, "instrument_name": "BTC-PERPETUAL", "bids": [[108140.0, 123080.0], [108137.5, 230.0], [108132.5, 20.0], [108128.0, 24940.0], [108125.0, 20.0], [108123.0, 36100.0], [108122.5, 200.0], [108116.0, 20.0], [108115.5, 20.0], [108115.0, 20.0], [108111.5, 49990.0], [108110.5, 5000.0], [108108.5, 490.0], [108108.0, 23170.0], [108107.0, 1000.0], [108104.5, 6280.0], [108104.0, 21040.0], [108100.0, 18120.0], [108099.5, 41650.0], [108098.5, 6300.0]], "asks": [[108140.5, 746800.0], [108141.0, 20.0], [108141.5, 20.0], [108142.0, 20.0], [108142.5, 20.0], [108143.0, 1250.0], [108143.5, 20.0], [108144.0, 4090.0], [108148.5, 20470.0], [108150.5, 34330.0], [108152.0, 87270.0], [108153.5, 139190.0], [108155.0, 20070.0], [108155.5, 68330.0], [108157.0, 22000.0], [108157.5, 44650.0], [108159.0, 86520.0], [108161.5, 50900.0], [108162.5, 5000.0], [108163.0, 47730.0]]}}}
{"jsonrpc": "2.0", "method": "subscription", "params": {"channel": "book.BTC-PERPETUAL.none.20.100ms", "data": {"timestamp": 1761096631728, "change_id": 123113029858, "instrument_name": "BTC-PERPETUAL", "bids": [[108140.0, 121670.0], [108137.5, 230.0], [108132.5, 20.0], [108125.5, 24940.0], [108125.0, 20.0], [108123.0, 1000.0], [108113.0, 16410.0], [108112.5, 49990.0], [108108.5, 5000.0], [108107.5, 490.0], [108107.0, 1000.0], [108104.5, 6280.0], [108104.0, 21040.0], [108101.0, 1880.0], [108098.5, 6300.0], [108097.0, 4900.0], [108096.5, 12330.0], [108096.0, 6630.0], [108089.5, 20220.0], [108089.0, 12710.0]], "asks": [[108140.5, 787800.0], [108141.0, 20.0], [108141.5, 3060.0], [108142.0, 6020.0], [108142.5, 20.0], [108143.0, 20.0], [108143.5, 20.0], [108144.0, 4090.0], [108148.5, 17710.0], [108149.5, 21000.0], [108150.5, 34330.0], [108152.0, 62270.0], [108153.5, 139190.0], [108155.0, 20070.0], [108155.5, 68330.0], [108157.0, 1000.0], [108157.5, 44650.0], [108159.0, 86520.0], [108161.5, 50900.0], [108162.5, 5000.0]]}}}
{"jsonrpc": "2.0", "method": "subscription", "params": {"channel": "book.BTC-PERPETUAL.none.20.100ms", "data": {"timestamp": 1761096632039, "change_id": 123113030826, "instrument_name": "BTC-PERPETUAL", "bids": [[108140.0, 121670.0], [108137.5, 230.0], [108132.5, 20.0], [108127.5, 24940.0], [108125.0, 20.0], [108123.5, 4070.0], [108123.0, 1000.0], [108115.5, 200.0], [108115.0, 14930.0], [108114.5, 49990.0], [108111.0, 5490.0], [108110.5, 12910.0], [108109.5, 490.0], [108108.5, 5000.0], [108107.0, 25300.0], [108106.5, 35100.0], [108104.0, 21040.0], [108103.5, 32430.0], [108101.0, 4400.0], [108098.5, 6300.0]], "asks": [[108140.5, 746800.0], [108141.0, 20.0], [108141.5, 1840.0], [108142.0, 6020.0], [108142.5, 20.0], [108143.0, 20.0], [108143.5, 20.0], [108144.0, 4090.0], [108148.0, 17710.0], [108148.5, 25000.0], [108150.5, 34330.0], [108152.0, 62270.0], [108153.0, 21000.0], [108153.5, 139190.0], [108155.0, 20070.0], [108155.5, 68330.0], [108157.0, 1000.0], [108157.5, 44650.0], [108159.0, 86520.0], [108161.5, 50900.0]]}}}
{"jsonrpc": "2.0", "method": "subscription", "params": {"channel": "book.BTC-PERPETUAL.none.20.100ms", "data": {"timestamp": 1761096632313, "change_id": 123113031416, "instrument_name": "BTC-PERPETUAL", "bids": [[108140.0, 121670.0], [108137.5, 230.0], [108132.5, 20.0], [108131.0, 24940.0], [108130.0, 4070.0], [108126.5, 200.0], [108125.0, 20.0], [108123.0, 1000.0], [108117.5, 25400.0], [108117.0, 49990.0], [108116.0, 35100.0], [108111.5, 490.0], [108111.0, 5350.0], [108110.5, 12910.0], [108108.5, 5000.0], [108107.0, 10040.0], [108104.5, 9230.0], [108104.0, 21040.0], [108101.5, 32430.0], [108101.0, 1880.0]], "asks": [[108140.5, 691830.0], [108141.0, 20.0], [108141.5, 1260.0], [108142.0, 20.0], [108142.5, 20.0], [108143.0, 20.0], [108143.5, 20.0], [108144.0, 4090.0], [108147.5, 9240.0], [108148.0, 10250.0], [108150.5, 34330.0], [108152.0, 62270.0], [108153.5, 139190.0], [108155.0, 20070.0], [108155.5, 68330.0], [108157.0, 1000.0], [108157.5, 44650.0], [108159.0, 86520.0], [108161.0, 21000.0], [108161.5, 75900.0]]}}}
{"jsonrpc": "2.0", "method": "subscription", "params": {"channel": "book.BTC-PERPETUAL.none.20.100ms", "data": {"timestamp": 1761096632721, "change_id": 123113031634, "instrument_name": "BTC-PERPETUAL", "bids": [[108140.0, 121670.0], [108137.5, 230.0], [108132.5, 20.0], [108131.0, 24940.0], [108130.0, 4070.0], [108126.5, 200.0], [108125.0, 20.0], [108123.0, 1000.0], [108121.0, 20.0], [108120.5, 20.0], [108119.5, 49990.0], [108116.5, 10480.0], [108116.0, 35100.0], [108111.5, 490.0], [108111.0, 3850.0], [108110.5, 12910.0], [108107.0, 7280.0], [108104.0, 21040.0], [108102.0, 9230.0], [108101.5, 32430.0]], "asks": [[108140.5, 691830.0], [108141.0, 20.0], [108141.5, 20.0], [108142.0, 20.0], [108142.5, 20.0], [108143.0, 4000.0], [108143.5, 9260.0], [108144.0, 4090.0], [108148.0, 10250.0], [108150.5, 34330.0], [108152.0, 62270.0], [108153.5, 139190.0], [108155.0, 20070.0], [108155.5, 68330.0], [108157.0, 1000.0], [108157.5, 44650.0], [108159.0, 86520.0], [108161.0, 21000.0], [108161.5, 75900.0], [108162.5, 5000.0]]}}}
{"jsonrpc": "2.0", "method": "subscription", "params": {"channel": "book.BTC-PERPETUAL.none.20.100ms", "data": {"timestamp": 1761096633047, "change_id": 123113032451, "instrument_name": "BTC-PERPETUAL", "bids": [[108140.0, 121670.0], [108137.5, 230.0], [108134.5, 24940.0], [108132.5, 20.0], [108130.0, 4070.0], [108126.5, 200.0], [108125.0, 20.0], [108123.5, 1000.0], [108123.0, 1000.0], [108122.0, 14930.0], [108121.5, 50010.0], [108121.0, 20.0], [108116.5, 10480.0], [108116.0, 35100.0], [108111.5, 490.0], [108111.0, 3850.0], [108110.5, 17910.0], [108107.0, 6280.0], [108104.0, 21040.0], [108102.0, 9230.0]], "asks": [[108140.5, 729530.0], [108141.0, 20.0], [108141.5, 20.0], [108142.0, 20.0], [108142.5, 20.0], [108143.0, 3850.0], [108143.5, 9260.0], [108144.0, 4090.0], [108148.0, 20880.0], [108149.5, 40000.0], [108150.5, 34330.0], [108152.0, 62270.0], [108153.5, 139190.0], [108155.0, 45070.0], [108155.5, 68330.0], [108157.0, 1000.0], [108157.5, 44650.0], [108159.0, 86520.0], [108161.0, 21000.0], [108161.5, 50900.0]]}}}
{"jsonrpc": "2.0", "method": "subscription", "params": {"channel": "book.BTC-PERPETUAL.none.20.100ms", "data": {"timestamp": 1761096633372, "change_id": 123113032822, "instrument_name": "BTC-PERPETUAL", "bids": [[108140.0, 121670.0], [108137.5, 230.0], [108134.0, 24940.0], [108132.5, 20.0], [108130.0, 4070.0], [108126.5, 200.0], [108126.0, 14930.0], [108125.0, 50010.0], [108124.5, 11090.0], [108124.0, 35100.0], [108123.5, 1000.0], [108123.0, 1000.0], [108122.0, 20.0], [108121.5, 20.0], [108111.5, 490.0], [108111.0, 3850.0], [108110.5, 17910.0], [108107.0, 6280.0], [108104.0, 21040.0], [108101.5, 9230.0]], "asks": [[108140.5, 655560.0], [108141.0, 20.0], [108141.5, 20.0], [108142.0, 20.0], [108142.5, 20.0], [108143.0, 3850.0], [108143.5, 9260.0], [108144.0, 4090.0], [108148.0, 20880.0], [108149.5, 40000.0], [108150.5, 40330.0], [108152.0, 62270.0], [108153.0, 25000.0], [108153.5, 139190.0], [108155.0, 20070.0], [108155.5, 68330.0], [108157.0, 1000.0], [108157.5, 44650.0], [108159.0, 86520.0], [108161.0, 21000.0]]}}}
{"jsonrpc": "2.0", "method": "subscription", "params": {"channel": "book.BTC-PERPETUAL.none.20.100ms", "data": {"timestamp": 1761096633710, "change_id": 123113032942, "instrument_name": "BTC-PERPETUAL", "bids": [[108140.0, 121670.0], [108137.5, 230.0], [108134.0, 24940.0], [108132.5, 20.0], [108130.0, 4070.0], [108126.5, 200.0], [108126.0, 49990.0], [108125.0, 20.0], [108124.5, 11090.0], [108124.0, 35100.0], [108123.5, 1000.0], [108123.0, 1000.0], [108121.5, 20.0], [108118.5, 2560.0], [108118.0, 8560.0], [108111.5, 490.0], [108111.0, 3850.0], [108110.5, 12910.0], [108107.0, 6280.0], [108104.0, 21040.0]], "asks": [[108140.5, 665510.0], [108141.0, 20.0], [108141.5, 20.0], [108142.0, 20.0], [108142.5, 20.0], [108143.0, 3850.0], [108143.5, 9260.0], [108144.0, 4090.0], [108148.0, 20880.0], [108149.5, 40000.0], [108150.5, 40330.0], [108152.0, 62270.0], [108153.5, 139190.0], [108155.0, 20070.0], [108155.5, 68330.0], [108157.0, 1000.0], [108157.5, 44650.0], [108158.5, 25000.0], [108159.0, 86520.0], [108161.0, 21000.0]]}}}
{"jsonrpc": "2.0", "method": "subscription", "params": {"channel": "book.BTC-PERPETUAL.none.20.100ms", "data": {"timestamp": 1761096634043, "change_id": 123113033764, "instrument_name": "BTC-PERPETUAL", "bids": [[108140.0, 121670.0], [108137.5, 230.0], [108134.0, 24940.0], [108132.5, 20.0], [108130.0, 4070.0], [108127.5, 14990.0], [108126.5, 200.0], [108125.0, 50010.0], [108124.5, 11090.0], [108124.0, 35100.0], [108123.5, 1000.0], [108123.0, 1020.0], [108122.5, 20.0], [108120.0, 4070.0], [108118.5, 2560.0], [108118.0, 8560.0], [108111.5, 490.0], [108111.0, 3850.0], [108110.5, 12910.0], [108108.5, 5000.0]], "asks": [[108140.5, 665510.0], [108141.0, 20.0], [108141.5, 20.0], [108142.0, 20.0], [108142.5, 20.0], [108143.0, 1250.0], [108143.5, 20.0], [108144.0, 4090.0], [108148.0, 20880.0], [108149.0, 9240.0], [108149.5, 40000.0], [108150.5, 40330.0], [108152.0, 62270.0], [108153.5, 139190.0], [108155.0, 45070.0], [108155.5, 68330.0], [108157.0, 1000.0], [108157.5, 44650.0], [108159.0, 86520.0], [108161.5, 50900.0]]}}}
{"jsonrpc": "2.0", "method": "subscription", "params": {"channel": "book.BTC-PERPETUAL.none.20.100ms", "data": {"timestamp": 1761096634300, "change_id": 123113034080, "instrument_name": "BTC-PERPETUAL", "bids": [[108140.0, 121670.0], [108137.5, 230.0], [108134.0, 24940.0], [108132.5, 20.0], [108132.0, 200.0], [108130.0, 4070.0], [108127.5, 14990.0], [108125.0, 50010.0], [108124.5, 11090.0], [108124.0, 35100.0], [108123.5, 1000.0], [108123.0, 1020.0], [108122.5, 20.0], [108120.0, 4070.0], [108118.5, 2560.0], [108118.0, 8560.0], [108111.5, 490.0], [108111.0, 3850.0], [108110.5, 12910.0], [108108.5, 5000.0]], "asks": [[108140.5, 665510.0], [108141.0, 20.0], [108141.5, 20.0], [108142.0, 20.0], [108142.5, 20.0], [108143.0, 1250.0], [108143.5, 20.0], [108144.0, 4090.0], [108148.0, 20880.0], [108149.0, 9240.0], [108149.5, 40000.0], [108150.5, 38930.0], [108152.0, 62270.0], [108153.5, 139190.0], [108155.0, 45070.0], [108155.5, 68330.0], [108157.0, 1000.0], [108157.5, 44650.0], [108159.0, 86520.0], [108161.5, 50900.0]]}}}
{"jsonrpc": "2.0", "method": "subscription", "params": {"channel": "book.BTC-PERPETUAL.none.20.100ms", "data": {"timestamp": 1761096634703, "change_id": 123113034264, "instrument_name": "BTC-PERPETUAL", "bids": [[108140.0, 120270.0], [108137.5, 230.0], [108132.5, 20.0], [108132.0, 200.0], [108130.0, 4070.0], [108127.5, 14990.0], [108125.0, 74950.0], [108124.5, 11090.0], [108124.0, 35100.0], [108123.5, 1000.0], [108123.0, 1000.0], [108121.0, 20.0], [108120.5, 20.0], [108111.5, 490.0], [108111.0, 3850.0], [108110.5, 12910.0], [108108.5, 5000.0], [108107.0, 6280.0], [108104.5, 9230.0], [108104.0, 21040.0]], "asks": [[108140.5, 692710.0], [108141.0, 20.0], [108141.5, 20.0], [108142.0, 20.0], [108142.5, 20.0], [108143.0, 1250.0], [108143.5, 20.0], [108144.0, 4090.0], [108148.0, 20880.0], [108149.0, 9240.0], [108149.5, 40000.0], [108150.5, 38930.0], [108152.0, 62270.0], [108153.5, 139190.0], [108154.5, 25000.0], [108155.0, 20070.0], [108155.5, 68330.0], [108157.0, 1000.0], [108157.5, 44650.0], [108159.0, 86520.0]]}}}
{"jsonrpc": "2.0", "method": "subscription", "params": {"channel": "book.BTC-PERPETUAL.none.20.100ms", "data": {"timestamp": 1761096635033, "change_id": 123113035090, "instrument_name": "BTC-PERPETUAL", "bids": [[108140.0, 120270.0], [108137.5, 230.0], [108132.5, 20.0], [108131.5, 24940.0], [108126.0, 200.0], [108125.0, 20.0], [108124.5, 11090.0], [108124.0, 35100.0], [108123.5, 1000.0], [108123.0, 1000.0], [108112.5, 20410.0], [108112.0, 50480.0], [108110.5, 12910.0], [108108.5, 5000.0], [108107.0, 6280.0], [108104.0, 21040.0], [108101.5, 9230.0], [108101.0, 17310.0], [108098.5, 38720.0], [108097.0, 24990.0]], "asks": [[108140.5, 718710.0], [108141.0, 20.0], [108141.5, 20.0], [108142.0, 20.0], [108142.5, 20.0], [108143.0, 5430.0], [108143.5, 9260.0], [108144.0, 4090.0], [108144.5, 6000.0], [108148.0, 31110.0], [108149.5, 40000.0], [108150.5, 32930.0], [108151.0, 25000.0], [108152.0, 62270.0], [108153.5, 139190.0], [108155.0, 20070.0], [108155.5, 68330.0], [108157.0, 1000.0], [108157.5, 44650.0], [108158.5, 21000.0]]}}}
{"jsonrpc": "2.0", "method": "subscription", "params": {"channel": "book.BTC-PERPETUAL.none.20.100ms", "data": {"timestamp": 1761096635366, "change_id": 123113035477, "instrument_name": "BTC-PERPETUAL", "bids": [[108140.0, 120270.0], [108137.5, 230.0], [108132.5, 20.0], [108129.5, 4070.0], [108126.0, 200.0], [108125.0, 20.0], [108124.5, 11090.0], [108124.0, 85090.0], [108123.5, 25940.0], [108123.0, 1000.0], [108117.5, 20.0], [108117.0, 20.0], [108111.0, 5840.0], [108110.5, 12910.0], [108108.5, 5000.0], [108107.0, 6280.0], [108104.0, 21040.0], [108101.0, 1880.0], [108099.0, 9230.0], [108098.5, 6300.0]], "asks": [[108140.5, 738260.0], [108141.0, 20.0], [108141.5, 20.0], [108142.0, 5810.0], [108142.5, 20.0], [108143.0, 20.0], [108143.5, 20.0], [108144.0, 4090.0], [108144.5, 6000.0], [108148.0, 31110.0], [108149.5, 65000.0], [108150.5, 32930.0], [108152.0, 62270.0], [108153.5, 139190.0], [108155.0, 20070.0], [108155.5, 68330.0], [108157.0, 1000.0], [108157.5, 44650.0], [108158.5, 21000.0], [108159.0, 86520.0]]}}}
{"jsonrpc": "2.0", "method": "subscription", "params": {"channel": "book.BTC-PERPETUAL.none.20.100ms", "data": {"timestamp": 1761096635679, "change_id": 123113035596, "instrument_name": "BTC-PERPETUAL", "bids": [[108140.0, 120270.0], [108137.5, 230.0], [108132.5, 20.0], [108130.0, 24940.0], [108129.5, 4070.0], [108126.0, 200.0], [108125.0, 20.0], [108124.5, 11090.0], [108124.0, 35100.0], [108123.5, 1000.0], [108123.0, 1000.0], [108118.0, 20.0], [108117.5, 20.0], [108113.0, 18920.0], [108112.5, 50480.0], [108110.5, 12910.0], [108107.0, 6280.0], [108104.0, 21040.0], [108101.0, 1880.0], [108099.0, 9230.0]], "asks": [[108140.5, 712260.0], [108141.0, 20.0], [108141.5, 20.0], [108142.0, 3050.0], [108142.5, 20.0], [108143.0, 20.0], [108143.5, 20.0], [108144.0, 4090.0], [108144.5, 6000.0], [108148.0, 31110.0], [108149.5, 40000.0], [108150.5, 57930.0], [108152.0, 62270.0], [108153.5, 134190.0], [108155.0, 20070.0], [108155.5, 68330.0], [108157.0, 1000.0], [108157.5, 44650.0], [108158.5, 21000.0], [108159.0, 86520.0]]}}}
{"jsonrpc": "2.0", "method": "subscription", "params": {"channel": "book.BTC-PERPETUAL.none.20.100ms", "data": {"timestamp": 1761096636025, "change_id": 123113036327, "instrument_name": "BTC-PERPETUAL", "bids": [[108140.0, 101730.0], [108137.5, 230.0], [108132.5, 20.0], [108129.5, 4070.0], [108127.5, 24940.0], [108126.0, 200.0], [108125.0, 20.0], [108124.5, 11090.0], [108124.0, 35100.0], [108123.5, 1000.0], [108123.0, 1000.0], [108117.5, 20.0], [108117.0, 20.0], [108115.0, 14920.0], [108114.5, 49990.0], [108111.0, 3850.0], [108110.5, 12910.0], [108109.5, 490.0], [108109.0, 5000.0], [108107.0, 6280.0]], "asks": [[108140.5, 718660.0], [108141.0, 20.0], [108141.5, 20.0], [108142.0, 3050.0], [108142.5, 20.0], [108143.0, 20.0], [108143.5, 20.0], [108144.0, 4090.0], [108144.5, 6000.0], [108148.0, 31110.0], [108149.5, 40000.0], [108150.5, 57930.0], [108152.0, 62270.0], [108153.5, 132890.0], [108155.0, 20070.0], [108155.5, 68330.0], [108157.0, 1000.0], [108157.5, 44650.0], [108158.5, 21000.0], [108159.0, 86520.0]]}}}
{"jsonrpc": "2.0", "method": "subscription", "params": {"channel": "book.BTC-PERPETUAL.none.20.100ms", "data": {"timestamp": 1761096636334, "change_id": 123113036658, "instrument_name": "BTC-PERPETUAL", "bids": [[108140.0, 100440.0], [108137.5, 230.0], [108132.5, 20.0], [108129.5, 4070.0], [108126.0, 200.0], [108125.0, 20.0], [108124.0, 60040.0], [108123.5, 1000.0], [108123.0, 1000.0], [108118.5, 20.0], [108118.0, 20.0], [108117.0, 14920.0], [108116.5, 49990.0], [108111.5, 490.0], [108111.0, 3850.0], [108110.5, 12910.0], [108109.0, 5000.0], [108107.0, 6280.0], [108104.0, 21040.0], [108101.0, 1880.0]], "asks": [[108140.5, 718660.0], [108141.0, 20.0], [108141.5, 20.0], [108142.0, 3050.0], [108142.5, 20.0], [108143.0, 20.0], [108143.5, 20.0], [108144.0, 4090.0], [108144.5, 6000.0], [108148.0, 31110.0], [108149.5, 40000.0], [108150.5, 57930.0], [108152.0, 62270.0], [108153.5, 132890.0], [108155.0, 20070.0], [108155.5, 68330.0], [108157.0, 1000.0], [108157.5, 44650.0], [108158.5, 21000.0], [108159.0, 86520.0]]}}}
{"jsonrpc": "2.0", "method": "subscription", "params": {"channel": "book.BTC-PERPETUAL.none.20.100ms", "data": {"timestamp": 1761096636663, "change_id": 123113036808, "instrument_name": "BTC-PERPETUAL", "bids": [[108140.0, 100440.0], [108137.5, 230.0], [108132.5, 20.0], [108131.5, 24940.0], [108129.5, 4070.0], [108126.0, 200.0], [108125.0, 14940.0], [108124.5, 61080.0], [108124.0, 35100.0], [108123.5, 1000.0], [108123.0, 1000.0], [108121.0, 20.0], [108120.5, 20.0], [108111.5, 490.0], [108111.0, 5350.0], [108110.5, 12910.0], [108109.0, 5000.0], [108107.0, 6280.0], [108104.0, 21040.0], [108101.5, 9230.0]], "asks": [[108140.5, 655820.0], [108141.0, 20.0], [108141.5, 20.0], [108142.0, 5420.0], [108142.5, 20.0], [108143.0, 20.0], [108143.5, 9260.0], [108144.0, 4090.0], [108144.5, 6000.0], [108148.0, 21770.0], [108149.5, 40000.0], [108150.5, 32930.0], [108152.0, 62270.0], [108153.5, 132890.0], [108155.0, 20070.0], [108155.5, 68330.0], [108157.0, 1000.0], [108157.5, 44650.0], [108158.0, 25000.0], [108158.5, 21000.0]]}}}
{"jsonrpc": "2.0", "method": "subscription", "params": {"channel": "book.BTC-PERPETUAL.none.20.100ms", "data": {"timestamp": 1761096637010, "change_id": 123113037516, "instrument_name": "BTC-PERPETUAL", "bids": [[108140.0, 100440.0], [108137.5, 230.0], [108132.5, 20.0], [108131.5, 24940.0], [108129.5, 4070.0], [108126.0, 200.0], [108125.0, 20.0], [108124.5, 11090.0], [108124.0, 35100.0], [108123.5, 1000.0], [108123.0, 1000.0], [108119.5, 20.0], [108113.5, 18920.0], [108113.0, 50480.0], [108110.5, 12910.0], [108107.0, 6280.0], [108104.0, 21040.0], [108101.5, 9230.0], [108101.0, 1880.0], [108098.5, 6300.0]], "asks": [[108140.5, 715220.0], [108141.0, 20.0], [108141.5, 20.0], [108142.0, 5420.0], [108142.5, 20.0], [108143.0, 20.0], [108143.5, 9260.0], [108144.0, 4090.0], [108144.5, 6000.0], [108148.0, 21770.0], [108149.5, 40000.0], [108150.5, 32930.0], [108152.0, 87270.0], [108153.5, 132890.0], [108155.0, 20070.0], [108155.5, 68330.0], [108157.0, 1000.0], [108157.5, 44650.0], [108158.5, 21000.0], [108159.0, 86520.0]]}}}
{"jsonrpc": "2.0", "method": "subscription", "params": {"channel": "book.BTC-PERPETUAL.none.20.100ms", "data": {"timestamp": 1761096637326, "change_id": 123113037853, "instrument_name": "BTC-PERPETUAL", "bids": [[108140.0, 98620.0], [108137.5, 230.0], [108132.5, 20.0], [108132.0, 24940.0], [108129.5, 4070.0], [108126.0, 200.0], [108125.0, 20.0], [108124.5, 11090.0], [108124.0, 35100.0], [108123.5, 1000.0], [108123.0, 1000.0], [108118.0, 20.0], [108117.5, 20.0], [108115.5, 14920.0], [108115.0, 49990.0], [108111.5, 490.0], [108111.0, 5350.0], [108110.5, 12910.0], [108109.5, 5000.0], [108107.0, 6280.0]], "asks": [[108140.5, 715220.0], [108141.0, 20.0], [108141.5, 20.0], [108142.0, 5420.0], [108142.5, 20.0], [108143.0, 20.0], [108143.5, 9260.0], [108144.0, 4090.0], [108144.5, 6000.0], [108148.0, 21770.0], [108149.5, 40000.0], [108150.5, 32930.0], [108152.0, 87270.0], [108153.5, 132890.0], [108155.0, 20070.0], [108155.5, 68330.0], [108157.0, 1000.0], [108157.5, 44650.0], [108158.5, 21000.0], [108159.0, 86520.0]]}}}
{"jsonrpc": "2.0", "method": "subscription", "params": {"channel": "book.BTC-PERPETUAL.none.20.100ms", "data": {"timestamp": 1761096637677, "change_id": 123113038912, "instrument_name": "BTC-PERPETUAL", "bids": [[108125.0, 36240.0], [108123.5, 1000.0], [108111.5, 49990.0], [108110.5, 24940.0], [108104.5, 490.0], [108101.0, 13530.0], [108098.5, 6300.0], [108097.0, 37960.0], [108096.0, 6630.0], [108090.5, 9230.0], [108090.0, 9750.0], [108089.5, 10990.0], [108089.0, 12710.0], [108087.0, 8960.0], [108086.0, 18170.0], [108085.5, 45350.0], [108084.0, 10990.0], [108083.0, 18370.0], [108078.5, 6250.0], [108078.0, 11990.0]], "asks": [[108125.5, 499210.0], [108137.5, 61600.0], [108138.0, 58650.0], [108138.5, 20.0], [108139.0, 20.0], [108139.5, 6320.0], [108140.0, 20.0], [108140.5, 150880.0], [108141.0, 20.0], [108141.5, 20.0], [108143.5, 10080.0], [108144.0, 4070.0], [108144.5, 6000.0], [108145.5, 25000.0], [108148.0, 30480.0], [108148.5, 32490.0], [108150.5, 32930.0], [108151.5, 21000.0], [108152.0, 62270.0], [108153.5, 132890.0]]}}}
{"jsonrpc": "2.0", "method": "subscription", "params": {"channel": "book.BTC-PERPETUAL.none.20.100ms", "data": {"timestamp": 1761096638010, "change_id": 123113040624, "instrument_name": "BTC-PERPETUAL", "bids": [[108125.0, 19030.0], [108120.5, 24940.0], [108116.0, 1410.0], [108115.5, 5070.0], [108110.0, 15220.0], [108109.5, 49990.0], [108109.0, 1000.0], [108106.5, 13030.0], [108106.0, 35100.0], [108103.5, 490.0], [108103.0, 8560.0], [108100.5, 5000.0], [108099.0, 5750.0], [108098.5, 6300.0], [108097.0, 12970.0], [108096.5, 8900.0], [108096.0, 6630.0], [108092.0, 24030.0], [108091.0, 9220.0], [108090.5, 9230.0]], "asks": [[108125.5, 604700.0], [108129.0, 10000.0], [108134.0, 9730.0], [108134.5, 6000.0], [108138.0, 50790.0], [108138.5, 20.0], [108139.0, 20.0], [108139.5, 6320.0], [108140.0, 20.0], [108140.5, 29450.0], [108141.0, 20.0], [108141.5, 20.0], [108142.5, 14250.0], [108144.0, 29070.0], [108146.0, 21000.0], [108146.5, 1000.0], [108148.0, 39400.0], [108148.5, 32490.0], [108150.5, 32930.0], [108152.0, 113170.0]]}}}
{"jsonrpc": "2.0", "method": "subscription", "params": {"channel": "book.BTC-PERPETUAL.none.20.100ms", "data": {"timestamp": 1761096638336, "change_id": 123113041122, "instrument_name": "BTC-PERPETUAL", "bids": [[108125.0, 19030.0], [108121.5, 24940.0], [108119.5, 4070.0], [108116.0, 200.0], [108115.5, 1000.0], [108112.0, 15220.0], [108111.5, 49990.0], [108109.0, 1000.0], [108106.5, 13200.0], [108106.0, 35120.0], [108103.5, 490.0], [108103.0, 8560.0], [108100.5, 5000.0], [108099.0, 5750.0], [108098.5, 6300.0], [108097.0, 12970.0], [108096.5, 8900.0], [108096.0, 6630.0], [108092.0, 24030.0], [108091.0, 9220.0]], "asks": [[108125.5, 610790.0], [108126.0, 20.0], [108126.5, 20.0], [108127.0, 20.0], [108128.5, 490.0], [108129.0, 10000.0], [108134.0, 9240.0], [108134.5, 6000.0], [108138.0, 48790.0], [108138.5, 20.0], [108139.0, 20.0], [108139.5, 6320.0], [108140.5, 29430.0], [108142.5, 39250.0], [108144.0, 4070.0], [108145.5, 86510.0], [108146.0, 21000.0], [108146.5, 1000.0], [108148.0, 55510.0], [108148.5, 119000.0]]}}}
{"jsonrpc": "2.0", "method": "subscription", "params": {"channel": "book.BTC-PERPETUAL.none.20.100ms", "data": {"timestamp": 1761096638666, "change_id": 123113041385, "instrument_name": "BTC-PERPETUAL", "bids": [[108125.0, 19230.0], [108122.0, 24940.0], [108119.5, 14070.0], [108115.5, 1000.0], [108109.0, 1000.0], [108108.5, 14920.0], [108108.0, 49990.0], [108106.5, 13040.0], [108106.0, 35120.0], [108105.5, 20.0], [108103.0, 8560.0], [108101.0, 490.0], [108100.5, 5000.0], [108099.0, 5750.0], [108098.5, 6300.0], [108097.0, 12970.0], [108096.5, 8900.0], [108096.0, 6630.0], [108092.0, 24030.0], [108091.0, 9220.0]], "asks": [[108125.5, 611280.0], [108126.0, 3040.0], [108126.5, 10020.0], [108127.0, 20.0], [108127.5, 20.0], [108128.0, 20.0], [108128.5, 20.0], [108129.0, 20.0], [108133.5, 4550.0], [108134.0, 9240.0], [108134.5, 6000.0], [108137.5, 22250.0], [108138.0, 48770.0], [108139.5, 6300.0], [108140.5, 19480.0], [108142.5, 39250.0], [108143.0, 25000.0], [108144.0, 4070.0], [108145.5, 86510.0], [108146.0, 21000.0]]}}}
{"jsonrpc": "2.0", "method": "subscription", "params": {"channel": "book.BTC-PERPETUAL.none.20.100ms", "data": {"timestamp": 1761096638988, "change_id": 123113042256, "instrument_name": "BTC-PERPETUAL", "bids": [[108125.0, 18680.0], [108122.0, 24940.0], [108119.5, 14070.0], [108119.0, 200.0], [108112.5, 15220.0], [108112.0, 49990.0], [108109.0, 1000.0], [108106.5, 13040.0], [108106.0, 35100.0], [108105.5, 20.0], [108103.0, 8560.0], [108101.0, 490.0], [108100.5, 5000.0], [108100.0, 20.0], [108099.0, 5750.0], [108098.5, 6300.0], [108097.0, 12970.0], [108096.5, 8900.0], [108096.0, 6630.0], [108092.0, 24030.0]], "asks": [[108125.5, 611450.0], [108126.0, 3040.0], [108126.5, 10020.0], [108127.0, 20.0], [108127.5, 20.0], [108128.0, 20.0], [108128.5, 20.0], [108129.0, 20.0], [108133.5, 4550.0], [108134.0, 9240.0], [108134.5, 6000.0], [108137.5, 22250.0], [108138.0, 48650.0], [108139.5, 6300.0], [108140.5, 19070.0], [108142.5, 39250.0], [108143.0, 25000.0], [108144.0, 4070.0], [108145.5, 86510.0], [108146.0, 21000.0]]}}}
{"jsonrpc": "2.0", "method": "subscription", "params": {"channel": "book.BTC-PERPETUAL.none.20.100ms", "data": {"timestamp": 1761096639317, "change_id": 123113042658, "instrument_name": "BTC-PERPETUAL", "bids": [[108125.0, 18550.0], [108122.0, 24940.0], [108119.5, 14070.0], [108119.0, 200.0], [108114.5, 14920.0], [108114.0, 49990.0], [108109.0, 1000.0], [108107.5, 13040.0], [108106.0, 35100.0], [108105.5, 20.0], [108103.5, 490.0], [108103.0, 8560.0], [108100.5, 5000.0], [108100.0, 20.0], [108099.0, 5750.0], [108098.5, 6300.0], [108097.0, 12970.0], [108096.5, 8900.0], [108096.0, 6630.0], [108092.0, 24030.0]], "asks": [[108125.5, 620960.0], [108126.0, 510.0], [108126.5, 20.0], [108127.0, 20.0], [108127.5, 20.0], [108128.0, 20.0], [108128.5, 20.0], [108129.0, 20.0], [108133.5, 4550.0], [108134.0, 9240.0], [108134.5, 6000.0], [108137.5, 22250.0], [108138.0, 48650.0], [108139.5, 6300.0], [108140.5, 19070.0], [108142.5, 39250.0], [108143.0, 25000.0], [108144.0, 4070.0], [108145.5, 86510.0], [108146.0, 21000.0]]}}}
{"jsonrpc": "2.0", "method": "subscription", "params": {"channel": "book.BTC-PERPETUAL.none.20.100ms", "data": {"timestamp": 1761096639659, "change_id": 123113042796, "instrument_name": "BTC-PERPETUAL", "bids": [[108125.0, 19550.0], [108122.0, 24940.0], [108119.5, 14070.0], [108119.0, 200.0], [108111.5, 15230.0], [108110.0, 49990.0], [108109.0, 1000.0], [108108.5, 20.0], [108108.0, 20.0], [108107.5, 13040.0], [108106.0, 35100.0], [108103.5, 490.0], [108103.0, 8560.0], [108100.5, 5000.0], [108100.0, 20.0], [108099.0, 5750.0], [108098.5, 6300.0], [108097.0, 12970.0], [108096.5, 8900.0], [108096.0, 6630.0]], "asks": [[108125.5, 620960.0], [108126.0, 20.0], [108126.5, 20.0], [108127.0, 20.0], [108127.5, 20.0], [108128.0, 20.0], [108128.5, 20.0], [108129.0, 20.0], [108133.0, 490.0], [108133.5, 4550.0], [108134.0, 9240.0], [108134.5, 6000.0], [108137.5, 22250.0], [108138.0, 48650.0], [108139.5, 6300.0], [108140.5, 19070.0], [108142.5, 39250.0], [108144.0, 4070.0], [108145.5, 111510.0], [108146.0, 21000.0]]}}}
{"jsonrpc": "2.0", "method": "subscription", "params": {"channel": "book.BTC-PERPETUAL.none.20.100ms", "data": {"timestamp": 1761096639996, "change_id": 123113043535, "instrument_name": "BTC-PERPETUAL", "bids": [[108125.0, 58050.0], [108122.0, 24940.0], [108119.5, 14070.0], [108119.0, 200.0], [108114.0, 49990.0], [108113.5, 15220.0], [108109.0, 1000.0], [108108.0, 20.0], [108107.5, 13040.0], [108106.0, 35100.0], [108103.5, 490.0], [108103.0, 8560.0], [108100.5, 5000.0], [108100.0, 20.0], [108099.0, 5750.0], [108098.5, 6300.0], [108097.0, 12970.0], [108096.5, 8900.0], [108096.0, 6630.0], [108092.0, 24030.0]], "asks": [[108125.5, 621050.0], [108126.0, 20.0], [108126.5, 20.0], [108127.0, 20.0], [108127.5, 20.0], [108128.0, 20.0], [108128.5, 20.0], [108129.0, 20.0], [108133.0, 490.0], [108133.5, 4550.0], [108134.0, 9240.0], [108134.5, 6000.0], [108137.5, 22250.0], [108138.0, 48560.0], [108139.5, 6300.0], [108140.5, 19070.0], [108142.5, 39250.0], [108144.0, 4070.0], [108145.5, 111510.0], [108146.0, 21000.0]]}}}
{"jsonrpc": "2.0", "method": "subscription", "params": {"channel": "book.BTC-PERPETUAL.none.20.100ms", "data": {"timestamp": 1761096640319, "change_id": 123113043871, "instrument_name": "BTC-PERPETUAL", "bids": [[108125.0, 19750.0], [108122.0, 24940.0], [108119.5, 14070.0], [108109.0, 1000.0], [108108.5, 14950.0], [108108.0, 50010.0], [108107.5, 13040.0], [108106.0, 35100.0], [108103.5, 490.0], [108103.0, 8560.0], [108100.5, 5000.0], [108100.0, 20.0], [108099.0, 5750.0], [108098.5, 6300.0], [108097.0, 12970.0], [108096.5, 8900.0], [108096.0, 6630.0], [108092.0, 24030.0], [108091.0, 9220.0], [108090.5, 9230.0]], "asks": [[108125.5, 621050.0], [108126.0, 20.0], [108126.5, 20.0], [108127.0, 20.0], [108127.5, 20.0], [108128.0, 20.0], [108128.5, 20.0], [108129.0, 20.0], [108133.0, 490.0], [108133.5, 4320.0], [108134.0, 9240.0], [108134.5, 6000.0], [108137.5, 22250.0], [108138.0, 48560.0], [108139.5, 6300.0], [108140.5, 19070.0], [108142.5, 39250.0], [108144.0, 4070.0], [108145.5, 111510.0], [108146.0, 21000.0]]}}}
{"jsonrpc": "2.0", "method": "subscription", "params": {"channel": "book.BTC-PERPETUAL.none.20.100ms", "data": {"timestamp": 1761096640650, "change_id": 123113044025, "instrument_name": "BTC-PERPETUAL", "bids": [[108125.0, 37950.0], [108123.5, 24940.0], [108119.5, 14070.0], [108115.5, 25400.0], [108114.5, 49990.0], [108114.0, 35100.0], [108109.0, 1000.0], [108108.5, 20.0], [108108.0, 20.0], [108104.0, 490.0], [108103.5, 2560.0], [108103.0, 8560.0], [108100.5, 5000.0], [108100.0, 20.0], [108099.0, 5750.0], [108098.5, 6300.0], [108097.0, 12970.0], [108096.5, 8900.0], [108096.0, 6630.0], [108092.0, 24030.0]], "asks": [[108125.5, 621050.0], [108126.0, 20.0], [108126.5, 20.0], [108127.0, 20.0], [108127.5, 20.0], [108128.0, 20.0], [108128.5, 20.0], [108129.0, 20.0], [108133.0, 490.0], [108133.5, 4320.0], [108134.0, 9240.0], [108134.5, 6000.0], [108137.5, 22250.0], [108138.0, 48560.0], [108139.5, 6300.0], [108140.5, 19070.0], [108142.5, 39250.0], [108144.0, 4070.0], [108145.5, 86510.0], [108146.0, 21000.0]]}}}
{"jsonrpc": "2.0", "method": "subscription", "params": {"channel": "book.BTC-PERPETUAL.none.20.100ms", "data": {"timestamp": 1761096640981, "change_id": 123113044773, "instrument_name": "BTC-PERPETUAL", "bids": [[108125.0, 37600.0], [108123.5, 24940.0], [108119.5, 14070.0], [108116.5, 24060.0], [108116.0, 49990.0], [108114.0, 35100.0], [108109.0, 1000.0], [108108.0, 20.0], [108104.0, 3050.0], [108103.0, 8560.0], [108100.5, 5000.0], [108100.0, 20.0], [108099.0, 5750.0], [108098.5, 6300.0], [108097.0, 12970.0], [108096.5, 8900.0], [108096.0, 6630.0], [108092.0, 24030.0], [108091.0, 9220.0], [108090.5, 9230.0]], "asks": [[108125.5, 621050.0], [108126.0, 20.0], [108126.5, 20.0], [108127.0, 20.0], [108127.5, 20.0], [108128.0, 20.0], [108128.5, 20.0], [108129.0, 20.0], [108133.0, 490.0], [108133.5, 1790.0], [108134.5, 6000.0], [108137.0, 9240.0], [108137.5, 22250.0], [108138.0, 48560.0], [108139.5, 6300.0], [108140.5, 19070.0], [108142.5, 39250.0], [108144.0, 4070.0], [108144.5, 25000.0], [108145.5, 86510.0]]}}}
{"jsonrpc": "2.0", "method": "subscription", "params": {"channel": "book.BTC-PERPETUAL.none.20.100ms", "data": {"timestamp": 1761096641234, "change_id": 123113044872, "instrument_name": "BTC-PERPETUAL", "bids": [[108125.0, 37600.0], [108123.5, 24940.0], [108119.5, 14070.0], [108116.5, 24060.0], [108114.5, 49990.0], [108114.0, 35100.0], [108109.0, 1000.0], [108108.5, 20.0], [108108.0, 20.0], [108104.5, 490.0], [108104.0, 2560.0], [108103.0, 8560.0], [108100.5, 5000.0], [108100.0, 20.0], [108099.0, 5750.0], [108098.5, 6300.0], [108097.0, 12970.0], [108096.5, 8900.0], [108096.0, 6630.0], [108092.0, 24030.0]], "asks": [[108125.5, 673220.0], [108126.0, 20.0], [108126.5, 20.0], [108127.0, 20.0], [108127.5, 20.0], [108128.0, 20.0], [108128.5, 20.0], [108129.0, 20.0], [108133.0, 490.0], [108133.5, 1790.0], [108134.5, 6000.0], [108137.0, 9240.0], [108137.5, 7410.0], [108138.0, 8560.0], [108139.5, 6300.0], [108140.5, 9950.0], [108142.5, 39250.0], [108144.0, 4070.0], [108145.0, 25000.0], [108145.5, 86510.0]]}}}
{"jsonrpc": "2.0", "method": "subscription", "params": {"channel": "book.BTC-PERPETUAL.none.20.100ms", "data": {"timestamp": 1761096641642, "change_id": 123113045710, "instrument_name": "BTC-PERPETUAL", "bids": [[108125.0, 185960.0], [108124.5, 29140.0], [108124.0, 4070.0], [108119.5, 10000.0], [108118.5, 10780.0], [108118.0, 1490.0], [108114.0, 35100.0], [108104.0, 2560.0], [108103.0, 8560.0], [108101.5, 10010.0], [108101.0, 9230.0], [108100.5, 5000.0], [108100.0, 20.0], [108098.5, 6300.0], [108097.0, 12970.0], [108096.5, 8900.0], [108096.0, 6630.0], [108095.0, 10.0], [108092.0, 24030.0], [108089.5, 10990.0]], "asks": [[108125.5, 439110.0], [108126.0, 20.0], [108126.5, 20.0], [108127.0, 20.0], [108127.5, 20.0], [108128.0, 20.0], [108128.5, 20.0], [108129.0, 20.0], [108132.0, 18380.0], [108132.5, 61590.0], [108133.0, 25990.0], [108137.5, 7410.0], [108138.0, 8560.0], [108139.5, 6300.0], [108140.5, 9950.0], [108142.0, 500.0], [108142.5, 27040.0], [108143.5, 9240.0], [108144.0, 4070.0], [108145.5, 86510.0]]}}}
{"jsonrpc": "2.0", "method": "subscription", "params": {"channel": "book.BTC-PERPETUAL.none.20.100ms", "data": {"timestamp": 1761096641978, "change_id": 123113046551, "instrument_name": "BTC-PERPETUAL", "bids": [[108125.0, 218700.0], [108124.5, 25150.0], [108124.0, 4070.0], [108120.0, 49990.0], [108119.5, 10000.0], [108118.0, 1000.0], [108114.5, 20.0], [108104.5, 490.0], [108104.0, 2560.0], [108103.0, 8560.0], [108101.5, 10010.0], [108101.0, 9230.0], [108100.5, 5000.0], [108100.0, 20.0], [108098.5, 6300.0], [108097.0, 12970.0], [108096.5, 8900.0], [108096.0, 6630.0], [108095.0, 10.0], [108092.0, 24030.0]], "asks": [[108125.5, 513180.0], [108126.0, 20.0], [108126.5, 20.0], [108127.0, 20.0], [108127.5, 20.0], [108128.0, 20.0], [108128.5, 20.0], [108129.0, 20.0], [108131.0, 28710.0], [108131.5, 87580.0], [108135.5, 500.0], [108137.5, 7560.0], [108138.0, 8560.0], [108139.5, 6300.0], [108140.5, 9950.0], [108142.5, 27040.0], [108143.5, 9240.0], [108144.0, 4070.0], [108145.5, 86510.0], [108148.0, 55510.0]]}}}
{"jsonrpc": "2.0", "method": "subscription", "params": {"channel": "book.BTC-PERPETUAL.none.20.100ms", "data": {"timestamp": 1761096642298, "change_id": 123113046901, "instrument_name": "BTC-PERPETUAL", "bids": [[108125.0, 268690.0], [108124.5, 4200.0], [108124.0, 4070.0], [108119.5, 10000.0], [108118.0, 1000.0], [108104.5, 490.0], [108104.0, 2560.0], [108103.0, 8560.0], [108101.5, 10010.0], [108101.0, 9230.0], [108100.5, 5000.0], [108100.0, 20.0], [108098.5, 6300.0], [108097.0, 12970.0], [108096.5, 8900.0], [108096.0, 6630.0], [108095.0, 10.0], [108092.0, 24030.0], [108089.5, 13030.0], [108089.0, 12710.0]], "asks": [[108125.5, 513380.0], [108126.0, 20.0], [108126.5, 20.0], [108127.0, 20.0], [108127.5, 20.0], [108128.0, 20.0], [108128.5, 20.0], [108129.0, 20.0], [108130.0, 26140.0], [108130.5, 61590.0], [108131.5, 25990.0], [108137.0, 500.0], [108137.5, 7560.0], [108138.0, 8560.0], [108139.5, 6300.0], [108140.5, 9950.0], [108142.5, 27040.0], [108143.5, 9240.0], [108144.0, 4070.0], [108145.5, 86510.0]]}}}
{"jsonrpc": "2.0", "method": "subscription", "params": {"channel": "book.BTC-PERPETUAL.none.20.100ms", "data": {"timestamp": 1761096642639, "change_id": 123113047359, "instrument_name": "BTC-PERPETUAL", "bids": [[108125.0, 143970.0], [108121.5, 17910.0], [108121.0, 49990.0], [108119.5, 10000.0], [108118.0, 1000.0], [108109.0, 20.0], [108104.5, 490.0], [108104.0, 2560.0], [108103.0, 8560.0], [108101.5, 7250.0], [108100.5, 5000.0], [108100.0, 20.0], [108098.5, 6300.0], [108097.0, 12970.0], [108096.5, 18130.0], [108096.0, 6630.0], [108095.0, 10.0], [108092.0, 24030.0], [108089.5, 13030.0], [108089.0, 12710.0]], "asks": [[108125.5, 610960.0], [108126.0, 10020.0], [108126.5, 20.0], [108127.0, 20.0], [108127.5, 20.0], [108128.0, 20.0], [108128.5, 20.0], [108129.0, 20.0], [108136.5, 9240.0], [108137.0, 500.0], [108137.5, 7560.0], [108138.0, 8560.0], [108139.5, 6300.0], [108140.5, 9950.0], [108142.5, 27040.0], [108144.0, 10070.0], [108145.5, 86510.0], [108146.5, 25000.0], [108148.0, 55510.0], [108148.5, 119000.0]]}}}
{"jsonrpc": "2.0", "method": "subscription", "params": {"channel": "book.BTC-PERPETUAL.none.20.100ms", "data": {"timestamp": 1761096642959, "change_id": 123113047891, "instrument_name": "BTC-PERPETUAL", "bids": [[108125.0, 151360.0], [108123.0, 17910.0], [108120.0, 49990.0], [108119.5, 10000.0], [108118.0, 1000.0], [108117.0, 10480.0], [108116.5, 35100.0], [108110.5, 20.0], [108110.0, 20.0], [108104.5, 490.0], [108104.0, 2560.0], [108103.0, 8560.0], [108101.5, 7250.0], [108100.5, 5000.0], [108100.0, 20.0], [108098.5, 6300.0], [108097.0, 12970.0], [108096.5, 18130.0], [108096.0, 6630.0], [108095.0, 10.0]], "asks": [[108125.5, 610960.0], [108126.0, 10020.0], [108126.5, 20.0], [108127.0, 20.0], [108127.5, 20.0], [108128.0, 20.0], [108128.5, 20.0], [108129.0, 20.0], [108136.0, 500.0], [108136.5, 9240.0], [108137.5, 7560.0], [108138.0, 8560.0], [108139.5, 6300.0], [108140.5, 9950.0], [108142.5, 27040.0], [108144.0, 10070.0], [108145.5, 86510.0], [108146.5, 25000.0], [108148.0, 55510.0], [108148.5, 119000.0]]}}}
{"jsonrpc": "2.0", "method": "subscription", "params": {"channel": "book.BTC-PERPETUAL.none.20.100ms", "data": {"timestamp": 1761096643299, "change_id": 123113048413, "instrument_name": "BTC-PERPETUAL", "bids": [[108125.0, 151510.0], [108121.5, 17910.0], [108121.0, 49990.0], [108119.5, 10000.0], [108118.0, 1000.0], [108117.0, 10480.0], [108116.5, 35100.0], [108104.5, 490.0], [108104.0, 2560.0], [108103.0, 8560.0], [108102.0, 9230.0], [108101.5, 7250.0], [108100.5, 5000.0], [108100.0, 20.0], [108098.5, 6300.0], [108097.0, 12970.0], [108096.5, 8900.0], [108096.0, 6630.0], [108095.0, 10.0], [108092.0, 24030.0]], "asks": [[108125.5, 590960.0], [108126.0, 10020.0], [108126.5, 20.0], [108127.0, 20.0], [108127.5, 20.0], [108128.0, 20.0], [108128.5, 20.0], [108129.0, 20.0], [108136.5, 7560.0], [108137.0, 500.0], [108138.0, 8560.0], [108139.5, 6300.0], [108140.5, 9950.0], [108142.0, 9240.0], [108142.5, 27040.0], [108144.0, 10070.0], [108145.5, 86510.0], [108148.0, 55510.0], [108148.5, 119000.0], [108150.0, 20.0]]}}}
{"jsonrpc": "2.0", "method": "subscription", "params": {"channel": "book.BTC-PERPETUAL.none.20.100ms", "data": {"timestamp": 1761096643630, "change_id": 123113048664, "instrument_name": "BTC-PERPETUAL", "bids": [[108125.0, 186610.0], [108123.5, 17910.0], [108123.0, 49990.0], [108119.5, 10000.0], [108118.0, 1000.0], [108112.5, 20.0], [108112.0, 20.0], [108104.5, 490.0], [108104.0, 2560.0], [108103.0, 8560.0], [108101.5, 7250.0], [108100.5, 5000.0], [108100.0, 20.0], [108099.0, 9230.0], [108098.5, 6300.0], [108097.0, 12970.0], [108096.5, 8900.0], [108096.0, 6630.0], [108095.0, 10.0], [108092.0, 24030.0]], "asks": [[108125.5, 610910.0], [108126.0, 20.0], [108126.5, 20.0], [108127.0, 20.0], [108127.5, 20.0], [108128.0, 20.0], [108128.5, 20.0], [108129.0, 20.0], [108136.0, 500.0], [108136.5, 7560.0], [108138.0, 8560.0], [108139.0, 9240.0], [108139.5, 6300.0], [108140.5, 9950.0], [108142.5, 27040.0], [108144.0, 10070.0], [108145.5, 86510.0], [108148.0, 80510.0], [108148.5, 119000.0], [108150.0, 20.0]]}}}
{"jsonrpc": "2.0", "method": "subscription", "params": {"channel": "book.BTC-PERPETUAL.none.20.100ms", "data": {"timestamp": 1761096643956, "change_id": 123113049164, "instrument_name": "BTC-PERPETUAL", "bids": [[108125.0, 103710.0], [108124.5, 47100.0], [108123.5, 17520.0], [108120.0, 49990.0], [108119.5, 10000.0], [108118.0, 1000.0], [108112.0, 20.0], [108111.5, 20.0], [108104.5, 490.0], [108104.0, 2560.0], [108103.0, 8560.0], [108101.5, 7250.0], [108100.5, 5000.0], [108100.0, 20.0], [108098.5, 6300.0], [108097.5, 9230.0], [108097.0, 12970.0], [108096.5, 8900.0], [108096.0, 6630.0], [108095.0, 10.0]], "asks": [[108125.5, 610910.0], [108126.0, 20.0], [108126.5, 20.0], [108127.0, 20.0], [108127.5, 20.0], [108128.0, 20.0], [108128.5, 20.0], [108129.0, 20.0], [108136.5, 7560.0], [108137.5, 500.0], [108138.0, 8560.0], [108139.0, 9240.0], [108139.5, 6300.0], [108140.5, 9950.0], [108142.5, 27040.0], [108144.0, 10070.0], [108145.5, 86510.0], [108148.0, 55510.0], [108148.5, 119000.0], [108150.0, 20.0]]}}}
{"jsonrpc": "2.0", "method": "subscription", "params": {"channel": "book.BTC-PERPETUAL.none.20.100ms", "data": {"timestamp": 1761096644284, "change_id": 123113049724, "instrument_name": "BTC-PERPETUAL", "bids": [[108125.0, 103710.0], [108124.5, 47100.0], [108123.5, 17910.0], [108121.5, 49990.0], [108119.5, 10000.0], [108118.0, 1000.0], [108112.0, 20.0], [108104.5, 490.0], [108104.0, 2560.0], [108103.0, 8560.0], [108101.5, 7250.0], [108100.5, 5000.0], [108100.0, 20.0], [108098.5, 6300.0], [108097.5, 9230.0], [108097.0, 12970.0], [108096.5, 8900.0], [108096.0, 6630.0], [108095.0, 10.0], [108092.0, 24030.0]], "asks": [[108125.5, 630910.0], [108126.0, 20.0], [108126.5, 20.0], [108127.0, 20.0], [108127.5, 20.0], [108128.0, 20.0], [108128.5, 20.0], [108129.0, 20.0], [108136.0, 500.0], [108136.5, 7560.0], [108138.0, 8560.0], [108139.0, 9240.0], [108139.5, 6300.0], [108140.5, 9950.0], [108142.5, 27040.0], [108144.0, 10070.0], [108145.5, 86510.0], [108148.0, 55510.0], [108148.5, 119000.0], [108149.5, 25000.0]]}}}
{"jsonrpc": "2.0", "method": "subscription", "params": {"channel": "book.BTC-PERPETUAL.none.20.100ms", "data": {"timestamp": 1761096644565, "change_id": 123113049945, "instrument_name": "BTC-PERPETUAL", "bids": [[108125.0, 103710.0], [108124.5, 47100.0], [108123.5, 17520.0], [108120.0, 49990.0], [108119.5, 10000.0], [108118.0, 1000.0], [108112.5, 20.0], [108112.0, 20.0], [108104.5, 490.0], [108104.0, 2560.0], [108103.0, 8560.0], [108101.5, 7250.0], [108100.5, 5000.0], [108100.0, 20.0], [108098.5, 6300.0], [108097.5, 9230.0], [108097.0, 12970.0], [108096.5, 8900.0], [108096.0, 6630.0], [108095.0, 10.0]], "asks": [[108125.5, 630910.0], [108126.0, 20.0], [108126.5, 20.0], [108127.0, 20.0], [108127.5, 20.0], [108128.0, 20.0], [108128.5, 20.0], [108129.0, 20.0], [108136.0, 500.0], [108136.5, 7560.0], [108138.0, 8560.0], [108139.0, 9240.0], [108139.5, 6300.0], [108140.5, 9950.0], [108142.5, 27040.0], [108144.0, 10070.0], [108145.5, 86510.0], [108148.0, 55510.0], [108148.5, 119000.0], [108149.5, 25000.0]]}}}
{"jsonrpc": "2.0", "method": "subscription", "params": {"channel": "book.BTC-PERPETUAL.none.20.100ms", "data": {"timestamp": 1761096644950, "change_id": 123113050465, "instrument_name": "BTC-PERPETUAL", "bids": [[108125.0, 64540.0], [108120.5, 85190.0], [108119.5, 10000.0], [108118.0, 1000.0], [108108.5, 20.0], [108104.5, 490.0], [108104.0, 2560.0], [108103.0, 8560.0], [108101.5, 7250.0], [108100.5, 5000.0], [108100.0, 20.0], [108097.5, 9230.0], [108097.0, 12970.0], [108096.5, 8900.0], [108096.0, 2560.0], [108095.0, 10.0], [108092.0, 24030.0], [108089.5, 13030.0], [108089.0, 12710.0], [108087.0, 8960.0]], "asks": [[108125.5, 630910.0], [108126.0, 20.0], [108126.5, 20.0], [108127.0, 20.0], [108127.5, 20.0], [108128.0, 20.0], [108128.5, 20.0], [108129.0, 20.0], [108136.0, 500.0], [108136.5, 7560.0], [108137.5, 9240.0], [108138.0, 8560.0], [108139.5, 6300.0], [108140.5, 9950.0], [108142.5, 27040.0], [108144.0, 10070.0], [108145.5, 86510.0], [108148.0, 55510.0], [108148.5, 119000.0], [108149.0, 25000.0]]}}}
{"jsonrpc": "2.0", "method": "subscription", "params": {"channel": "book.BTC-PERPETUAL.none.20.100ms", "data": {"timestamp": 1761096645286, "change_id": 123113051221, "instrument_name": "BTC-PERPETUAL", "bids": [[108125.0, 35830.0], [108121.5, 4070.0], [108121.0, 24940.0], [108119.5, 10000.0], [108119.0, 200.0], [108118.0, 1000.0], [108105.5, 49990.0], [108103.5, 490.0], [108103.0, 8560.0], [108101.5, 5370.0], [108100.5, 5000.0], [108100.0, 20.0], [108097.0, 12970.0], [108096.5, 8900.0], [108096.0, 6630.0], [108095.0, 10.0], [108094.0, 6300.0], [108092.0, 24030.0], [108089.0, 12710.0], [108087.5, 9230.0]], "asks": [[108125.5, 702140.0], [108126.0, 20.0], [108126.5, 20.0], [108127.0, 20.0], [108127.5, 20.0], [108128.0, 20.0], [108128.5, 20.0], [108129.0, 20.0], [108136.0, 500.0], [108136.5, 17980.0], [108137.5, 9240.0], [108138.0, 14560.0], [108139.5, 6300.0], [108140.5, 34830.0], [108142.0, 21000.0], [108142.5, 27040.0], [108144.0, 4070.0], [108145.5, 86510.0], [108148.0, 55510.0], [108148.5, 119000.0]]}}}
