{"jsonrpc": "2.0", "id": 1, "result": ["book.BTC-PERPETUAL.none.20.100ms"], "usIn": 1772207748314435, "usOut": 1772207748314716, "usDiff": 281, "testnet": false}
{"jsonrpc": "2.0", "method": "subscription", "params": {"channel": "book.BTC-PERPETUAL.none.20.100ms", "data": {"timestamp": 1772207748309, "change_id": 142584149531, "instrument_name": "BTC-PERPETUAL", "bids": [[66135.0, 70260.0], [66134.5, 3590.0], [66129.0, 2080.0], [66127.5, 15470.0], [66127.0, 30000.0], [66126.5, 32600.0], [66123.5, 54070.0], [66123.0, 196700.0], [66118.5, 13060.0], [66117.0, 20990.0], [66116.5, 19250.0], [66115.5, 5000.0], [66115.0, 500.0], [66112.5, 22090.0], [66112.0, 50000.0], [66111.5, 26600.0], [66110.0, 8670.0], [66105.0, 9770.0], [66104.5, 32690.0], [66101.0, 3380.0]], "asks": [[66135.5, 20.0], [66145.5, 8470.0], [66146.0, 26690.0], [66146.5, 10660.0], [66147.0, 30000.0], [66148.0, 2030.0], [66149.5, 3690.0], [66150.0, 25380.0], [66152.0, 75000.0], [66153.5, 12340.0], [66154.0, 8630.0], [66154.5, 24010.0], [66155.0, 4330.0], [66156.5, 23610.0], [66157.0, 10560.0], [66157.5, 8680.0], [66158.5, 1330.0], [66160.0, 120.0], [66160.5, 31480.0], [66161.0, 8680.0]]}}}
{"jsonrpc": "2.0", "method": "subscription", "params": {"channel": "book.BTC-PERPETUAL.none.20.100ms", "data": {"timestamp": 1772207748617, "change_id": 142584151513, "instrument_name": "BTC-PERPETUAL", "bids": [[66135.0, 169570.0], [66134.5, 3590.0], [66131.0, 9590.0], [66129.0, 30000.0], [66127.0, 9730.0], [66126.5, 32600.0], [66124.5, 29660.0], [66123.0, 24010.0], [66119.5, 6270.0], [66119.0, 95960.0], [66118.5, 20440.0], [66117.0, 50000.0], [66116.5, 19250.0], [66115.5, 5000.0], [66115.0, 500.0], [66112.0, 7170.0], [66111.5, 26600.0], [66110.0, 8670.0], [66105.0, 9770.0], [66104.5, 32690.0]], "asks": [[66135.5, 20.0], [66145.0, 8620.0], [66145.5, 24010.0], [66146.0, 2680.0], [66146.5, 10030.0], [66147.0, 30000.0], [66151.5, 6000.0], [66152.0, 29240.0], [66152.5, 24010.0], [66153.0, 77030.0], [66153.5, 7790.0], [66154.0, 8630.0], [66155.0, 4330.0], [66155.5, 8250.0], [66156.5, 4360.0], [66157.0, 30650.0], [66157.5, 8680.0], [66158.0, 50000.0], [66158.5, 1330.0], [66160.0, 120.0]]}}}
{"jsonrpc": "2.0", "method": "subscription", "params": {"channel": "book.BTC-PERPETUAL.none.20.100ms", "data": {"timestamp": 1772207748943, "change_id": 142584152567, "instrument_name": "BTC-PERPETUAL", "bids": [[66135.0, 169570.0], [66134.5, 3590.0], [66131.0, 9100.0], [66129.5, 490.0], [66129.0, 30000.0], [66123.5, 12560.0], [66123.0, 24010.0], [66122.5, 21150.0], [66121.0, 22380.0], [66120.5, 74970.0], [66117.5, 27090.0], [66117.0, 70990.0], [66116.5, 19250.0], [66115.0, 500.0], [66112.0, 7170.0], [66111.5, 26600.0], [66110.0, 8670.0], [66105.0, 10640.0], [66104.5, 35610.0], [66101.0, 3380.0]], "asks": [[66135.5, 20.0], [66144.5, 4080.0], [66145.0, 8120.0], [66145.5, 24010.0], [66146.0, 2680.0], [66146.5, 10030.0], [66147.0, 30000.0], [66148.5, 2030.0], [66151.5, 35550.0], [66152.0, 75000.0], [66152.5, 24010.0], [66153.5, 7630.0], [66154.0, 8630.0], [66155.0, 4330.0], [66156.0, 8250.0], [66156.5, 4360.0], [66157.0, 27300.0], [66157.5, 8680.0], [66158.0, 61000.0], [66158.5, 1330.0]]}}}
{"jsonrpc": "2.0", "method": "subscription", "params": {"channel": "book.BTC-PERPETUAL.none.20.100ms", "data": {"timestamp": 1772207749277, "change_id": 142584153174, "instrument_name": "BTC-PERPETUAL", "bids": [[66135.0, 209570.0], [66134.5, 3590.0], [66129.5, 490.0], [66123.5, 13480.0], [66123.0, 24010.0], [66122.5, 21150.0], [66121.5, 1490.0], [66121.0, 5000.0], [66118.5, 49460.0], [66118.0, 74970.0], [66117.0, 70990.0], [66116.5, 19250.0], [66115.0, 500.0], [66112.0, 7170.0], [66111.5, 26600.0], [66110.0, 8670.0], [66105.0, 10640.0], [66104.5, 32690.0], [66101.0, 3380.0], [66100.5, 2640.0]], "asks": [[66135.5, 36130.0], [66144.5, 4080.0], [66145.0, 8120.0], [66145.5, 24010.0], [66146.0, 2680.0], [66146.5, 10030.0], [66147.0, 30000.0], [66148.5, 2030.0], [66151.5, 35550.0], [66152.0, 75000.0], [66152.5, 24010.0], [66153.5, 7630.0], [66154.0, 8630.0], [66155.0, 4330.0], [66156.0, 8250.0], [66156.5, 4360.0], [66157.0, 27300.0], [66157.5, 8680.0], [66158.0, 50000.0], [66158.5, 1330.0]]}}}
{"jsonrpc": "2.0", "method": "subscription", "params": {"channel": "book.BTC-PERPETUAL.none.20.100ms", "data": {"timestamp": 1772207749607, "change_id": 142584153792, "instrument_name": "BTC-PERPETUAL", "bids": [[66135.0, 209570.0], [66134.5, 3590.0], [66124.5, 490.0], [66124.0, 35860.0], [66123.5, 74970.0], [66123.0, 24010.0], [66122.5, 21150.0], [66121.5, 1490.0], [66121.0, 5000.0], [66117.5, 27090.0], [66117.0, 70990.0], [66116.5, 19250.0], [66115.0, 500.0], [66112.0, 7170.0], [66111.5, 26600.0], [66110.0, 8670.0], [66105.0, 10640.0], [66104.5, 32690.0], [66101.0, 3380.0], [66100.5, 2640.0]], "asks": [[66135.5, 36130.0], [66144.5, 3590.0], [66145.0, 8120.0], [66145.5, 24510.0], [66146.0, 2680.0], [66146.5, 10030.0], [66147.0, 30000.0], [66148.5, 2030.0], [66151.5, 35550.0], [66152.5, 24010.0], [66153.0, 75010.0], [66153.5, 7630.0], [66154.0, 8630.0], [66155.0, 4330.0], [66156.0, 8250.0], [66156.5, 4360.0], [66157.0, 27300.0], [66157.5, 8680.0], [66158.0, 61000.0], [66158.5, 1330.0]]}}}
{"jsonrpc": "2.0", "method": "subscription", "params": {"channel": "book.BTC-PERPETUAL.none.20.100ms", "data": {"timestamp": 1772207749930, "change_id": 142584154514, "instrument_name": "BTC-PERPETUAL", "bids": [[66135.0, 176970.0], [66134.5, 3590.0], [66125.0, 490.0], [66124.5, 35860.0], [66123.5, 74970.0], [66123.0, 24010.0], [66122.5, 21150.0], [66121.5, 1490.0], [66121.0, 5000.0], [66117.5, 27090.0], [66117.0, 70990.0], [66116.5, 19250.0], [66115.0, 500.0], [66112.0, 7170.0], [66111.5, 26600.0], [66110.0, 8670.0], [66105.0, 10640.0], [66104.5, 32690.0], [66101.0, 3380.0], [66100.5, 2640.0]], "asks": [[66135.5, 36130.0], [66144.5, 3590.0], [66145.0, 8120.0], [66145.5, 24510.0], [66146.0, 2680.0], [66146.5, 10030.0], [66147.0, 30000.0], [66148.5, 2030.0], [66151.5, 35550.0], [66152.5, 24010.0], [66153.0, 75010.0], [66153.5, 7630.0], [66154.0, 8630.0], [66155.0, 4330.0], [66156.0, 8250.0], [66156.5, 4360.0], [66157.0, 27300.0], [66157.5, 8680.0], [66158.0, 50000.0], [66158.5, 1330.0]]}}}
{"jsonrpc": "2.0", "method": "subscription", "params": {"channel": "book.BTC-PERPETUAL.none.20.100ms", "data": {"timestamp": 1772207750267, "change_id": 142584155705, "instrument_name": "BTC-PERPETUAL", "bids": [[66135.0, 176970.0], [66134.5, 3590.0], [66130.5, 7170.0], [66130.0, 24010.0], [66126.0, 6270.0], [66125.5, 57000.0], [66125.0, 75460.0], [66123.0, 24010.0], [66122.5, 21150.0], [66121.5, 1490.0], [66121.0, 5000.0], [66117.5, 27090.0], [66117.0, 50000.0], [66116.5, 19250.0], [66115.0, 500.0], [66112.0, 7170.0], [66111.5, 26600.0], [66110.0, 8670.0], [66105.0, 10640.0], [66104.5, 32690.0]], "asks": [[66135.5, 20.0], [66146.0, 2680.0], [66147.0, 30000.0], [66148.0, 500.0], [66148.5, 5620.0], [66151.5, 13170.0], [66152.5, 24010.0], [66153.5, 26590.0], [66154.0, 8630.0], [66155.0, 4330.0], [66155.5, 75010.0], [66156.5, 4360.0], [66157.5, 8680.0], [66158.5, 1330.0], [66160.0, 120.0], [66160.5, 13220.0], [66161.0, 8680.0], [66161.5, 500.0], [66162.0, 19250.0], [66162.5, 24010.0]]}}}
{"jsonrpc": "2.0", "method": "subscription", "params": {"channel": "book.BTC-PERPETUAL.none.20.100ms", "data": {"timestamp": 1772207750597, "change_id": 142584156424, "instrument_name": "BTC-PERPETUAL", "bids": [[66135.0, 167740.0], [66134.5, 3590.0], [66132.0, 2900.0], [66131.5, 9230.0], [66131.0, 490.0], [66125.5, 36010.0], [66123.5, 74970.0], [66123.0, 24010.0], [66122.5, 21150.0], [66121.5, 1490.0], [66121.0, 5000.0], [66117.5, 27090.0], [66117.0, 50000.0], [66116.5, 19250.0], [66115.5, 20990.0], [66115.0, 500.0], [66112.0, 7170.0], [66111.5, 26600.0], [66110.0, 8670.0], [66105.0, 10640.0]], "asks": [[66135.5, 20.0], [66144.0, 24010.0], [66144.5, 3590.0], [66147.5, 30000.0], [66148.0, 500.0], [66148.5, 2030.0], [66151.5, 13170.0], [66152.5, 24010.0], [66153.0, 83260.0], [66153.5, 7630.0], [66154.0, 8630.0], [66155.0, 4330.0], [66156.5, 4360.0], [66157.0, 13680.0], [66157.5, 17920.0], [66158.5, 1330.0], [66159.5, 50000.0], [66160.0, 120.0], [66160.5, 19500.0], [66161.0, 16030.0]]}}}
{"jsonrpc": "2.0", "method": "subscription", "params": {"channel": "book.BTC-PERPETUAL.none.20.100ms", "data": {"timestamp": 1772207750919, "change_id": 142584156896, "instrument_name": "BTC-PERPETUAL", "bids": [[66135.0, 200460.0], [66134.5, 3590.0], [66132.0, 3390.0], [66131.5, 9230.0], [66125.5, 36010.0], [66123.5, 74970.0], [66123.0, 24010.0], [66122.5, 21150.0], [66121.5, 1490.0], [66121.0, 5000.0], [66117.5, 27090.0], [66117.0, 50000.0], [66116.5, 19250.0], [66115.5, 20990.0], [66115.0, 500.0], [66112.0, 7170.0], [66111.5, 26600.0], [66110.0, 8670.0], [66105.0, 10640.0], [66104.5, 32690.0]], "asks": [[66135.5, 20.0], [66144.0, 24010.0], [66144.5, 3590.0], [66147.0, 500.0], [66147.5, 30000.0], [66148.5, 2030.0], [66151.5, 13170.0], [66152.5, 24010.0], [66153.5, 82640.0], [66154.0, 8630.0], [66154.5, 8250.0], [66155.0, 4330.0], [66156.5, 4360.0], [66157.0, 2680.0], [66157.5, 8680.0], [66158.0, 11000.0], [66158.5, 1330.0], [66159.5, 50000.0], [66160.0, 9360.0], [66160.5, 19500.0]]}}}
{"jsonrpc": "2.0", "method": "subscription", "params": {"channel": "book.BTC-PERPETUAL.none.20.100ms", "data": {"timestamp": 1772207751259, "change_id": 142584158094, "instrument_name": "BTC-PERPETUAL", "bids": [[66135.0, 167460.0], [66134.5, 3590.0], [66128.0, 24010.0], [66127.5, 22380.0], [66127.0, 74970.0], [66124.5, 12730.0], [66124.0, 20990.0], [66122.5, 21150.0], [66122.0, 500.0], [66121.5, 14930.0], [66121.0, 50000.0], [66117.0, 5900.0], [66116.5, 19250.0], [66113.0, 11430.0], [66112.5, 14290.0], [66111.5, 26600.0], [66110.0, 8670.0], [66105.0, 10640.0], [66104.5, 32690.0], [66101.0, 3380.0]], "asks": [[66135.5, 20.0], [66152.0, 16640.0], [66152.5, 24010.0], [66153.0, 33590.0], [66154.0, 2030.0], [66154.5, 25350.0], [66155.0, 4330.0], [66156.5, 4360.0], [66157.0, 84560.0], [66157.5, 8680.0], [66159.0, 6000.0], [66160.0, 120.0], [66160.5, 8250.0], [66161.0, 20700.0], [66162.0, 11000.0], [66162.5, 24010.0], [66163.0, 100.0], [66163.5, 50000.0], [66164.0, 6320.0], [66164.5, 8680.0]]}}}
{"jsonrpc": "2.0", "method": "subscription", "params": {"channel": "book.BTC-PERPETUAL.none.20.100ms", "data": {"timestamp": 1772207751590, "change_id": 142584159224, "instrument_name": "BTC-PERPETUAL", "bids": [[66135.0, 55580.0], [66132.5, 22520.0], [66130.0, 30000.0], [66129.5, 68760.0], [66128.0, 2760.0], [66125.5, 9230.0], [66124.5, 3590.0], [66124.0, 15000.0], [66123.5, 21150.0], [66123.0, 490.0], [66122.5, 21150.0], [66122.0, 500.0], [66117.5, 24010.0], [66117.0, 74970.0], [66116.5, 19250.0], [66114.0, 2640.0], [66112.5, 19290.0], [66111.5, 2590.0], [66110.5, 20990.0], [66110.0, 8670.0]], "asks": [[66135.5, 86750.0], [66136.0, 1070.0], [66136.5, 3590.0], [66139.0, 2030.0], [66140.5, 500.0], [66144.0, 7170.0], [66145.0, 24010.0], [66146.5, 4010.0], [66148.0, 8250.0], [66148.5, 6000.0], [66150.5, 33650.0], [66151.0, 75010.0], [66152.5, 24010.0], [66153.0, 9240.0], [66153.5, 11000.0], [66154.0, 19500.0], [66154.5, 3390.0], [66155.0, 54330.0], [66156.5, 4360.0], [66157.0, 2680.0]]}}}
{"jsonrpc": "2.0", "method": "subscription", "params": {"channel": "book.BTC-PERPETUAL.none.20.100ms", "data": {"timestamp": 1772207751920, "change_id": 142584160090, "instrument_name": "BTC-PERPETUAL", "bids": [[66135.0, 130.0], [66132.0, 5740.0], [66131.5, 11000.0], [66130.5, 8240.0], [66129.0, 27740.0], [66127.0, 30000.0], [66126.5, 49270.0], [66126.0, 19490.0], [66125.5, 3380.0], [66125.0, 9230.0], [66124.0, 2080.0], [66120.5, 1560.0], [66120.0, 3590.0], [66117.0, 5750.0], [66116.5, 19250.0], [66113.5, 24510.0], [66112.0, 5000.0], [66111.5, 2590.0], [66110.5, 74970.0], [66110.0, 8670.0]], "asks": [[66135.5, 136920.0], [66136.0, 1070.0], [66136.5, 3590.0], [66142.0, 22390.0], [66142.5, 75010.0], [66144.5, 9630.0], [66145.0, 24010.0], [66146.0, 8250.0], [66146.5, 17390.0], [66149.0, 50000.0], [66150.5, 15750.0], [66151.0, 28740.0], [66151.5, 11000.0], [66152.5, 24010.0], [66154.5, 3390.0], [66155.0, 4330.0], [66156.5, 4360.0], [66157.5, 8680.0], [66159.5, 500.0], [66160.0, 120.0]]}}}
{"jsonrpc": "2.0", "method": "subscription", "params": {"channel": "book.BTC-PERPETUAL.none.20.100ms", "data": {"timestamp": 1772207752251, "change_id": 142584160884, "instrument_name": "BTC-PERPETUAL", "bids": [[66132.0, 54550.0], [66129.0, 29480.0], [66128.5, 30000.0], [66128.0, 19490.0], [66126.0, 49270.0], [66125.0, 3380.0], [66124.5, 9230.0], [66124.0, 2080.0], [66121.0, 490.0], [66120.5, 1070.0], [66120.0, 3590.0], [66117.0, 5750.0], [66116.5, 19250.0], [66114.0, 74970.0], [66113.5, 24510.0], [66112.0, 5000.0], [66111.5, 2590.0], [66110.0, 8670.0], [66109.0, 20990.0], [66108.5, 50000.0]], "asks": [[66132.5, 149450.0], [66134.0, 1850.0], [66134.5, 16680.0], [66135.0, 490.0], [66135.5, 52460.0], [66143.0, 32020.0], [66143.5, 77690.0], [66145.0, 24010.0], [66146.0, 8250.0], [66146.5, 17390.0], [66149.0, 50000.0], [66150.0, 20240.0], [66150.5, 15750.0], [66151.5, 8670.0], [66152.0, 28190.0], [66152.5, 24010.0], [66157.5, 10110.0], [66159.5, 500.0], [66160.0, 120.0], [66161.0, 15880.0]]}}}
{"jsonrpc": "2.0", "method": "subscription", "params": {"channel": "book.BTC-PERPETUAL.none.20.100ms", "data": {"timestamp": 1772207752570, "change_id": 142584161822, "instrument_name": "BTC-PERPETUAL", "bids": [[66132.0, 65360.0], [66130.5, 14030.0], [66129.5, 30000.0], [66129.0, 19490.0], [66128.5, 14710.0], [66125.5, 49270.0], [66125.0, 3380.0], [66124.5, 9230.0], [66124.0, 5670.0], [66121.0, 490.0], [66117.0, 5750.0], [66116.5, 19250.0], [66113.5, 24510.0], [66112.0, 5000.0], [66111.5, 2590.0], [66110.5, 74970.0], [66110.0, 8670.0], [66108.5, 50000.0], [66107.0, 20990.0], [66106.5, 24010.0]], "asks": [[66132.5, 156070.0], [66134.0, 1620.0], [66135.0, 3910.0], [66135.5, 11470.0], [66136.0, 1070.0], [66136.5, 3590.0], [66143.0, 32820.0], [66143.5, 77690.0], [66145.0, 24010.0], [66146.0, 8250.0], [66146.5, 17390.0], [66149.0, 50000.0], [66150.0, 11000.0], [66150.5, 15750.0], [66151.0, 9240.0], [66151.5, 8670.0], [66152.0, 28190.0], [66152.5, 24010.0], [66157.5, 10110.0], [66159.5, 500.0]]}}}
{"jsonrpc": "2.0", "method": "subscription", "params": {"channel": "book.BTC-PERPETUAL.none.20.100ms", "data": {"timestamp": 1772207752911, "change_id": 142584162253, "instrument_name": "BTC-PERPETUAL", "bids": [[66132.0, 65360.0], [66130.5, 14030.0], [66129.5, 30000.0], [66129.0, 19490.0], [66128.5, 14710.0], [66125.5, 49270.0], [66125.0, 3380.0], [66124.5, 9230.0], [66124.0, 5670.0], [66117.5, 490.0], [66117.0, 5750.0], [66116.5, 19250.0], [66114.0, 74970.0], [66113.5, 24510.0], [66112.0, 5000.0], [66111.5, 2590.0], [66110.0, 8670.0], [66108.5, 50000.0], [66107.0, 20990.0], [66106.5, 24010.0]], "asks": [[66132.5, 153850.0], [66135.0, 2930.0], [66135.5, 8170.0], [66136.0, 1070.0], [66136.5, 3590.0], [66142.5, 22390.0], [66143.0, 75010.0], [66143.5, 2680.0], [66144.5, 9630.0], [66145.0, 24010.0], [66146.0, 8250.0], [66146.5, 17390.0], [66149.0, 50000.0], [66150.0, 11000.0], [66150.5, 15750.0], [66151.0, 9240.0], [66151.5, 8670.0], [66152.0, 28190.0], [66152.5, 24010.0], [66155.0, 5000.0]]}}}
{"jsonrpc": "2.0", "method": "subscription", "params": {"channel": "book.BTC-PERPETUAL.none.20.100ms", "data": {"timestamp": 1772207753240, "change_id": 142584163241, "instrument_name": "BTC-PERPETUAL", "bids": [[66132.0, 11000.0], [66130.5, 2460.0], [66130.0, 8240.0], [66128.5, 14710.0], [66126.0, 49490.0], [66125.0, 15330.0], [66124.5, 49270.0], [66124.0, 2080.0], [66120.0, 1070.0], [66119.5, 3590.0], [66118.5, 8650.0], [66118.0, 9230.0], [66117.5, 490.0], [66116.5, 19250.0], [66113.5, 500.0], [66111.5, 2590.0], [66111.0, 24010.0], [66110.5, 74970.0], [66110.0, 8670.0], [66107.0, 50000.0]], "asks": [[66132.5, 166500.0], [66134.5, 490.0], [66135.5, 2040.0], [66142.5, 22390.0], [66143.0, 83260.0], [66143.5, 9850.0], [66145.0, 24010.0], [66146.5, 24560.0], [66148.5, 11000.0], [66149.0, 50000.0], [66149.5, 28740.0], [66150.5, 15750.0], [66151.5, 8670.0], [66152.0, 8690.0], [66152.5, 24010.0], [66155.0, 5000.0], [66157.5, 10110.0], [66159.0, 49290.0], [66159.5, 500.0], [66160.0, 120.0]]}}}
{"jsonrpc": "2.0", "method": "subscription", "params": {"channel": "book.BTC-PERPETUAL.none.20.100ms", "data": {"timestamp": 1772207753571, "change_id": 142584164022, "instrument_name": "BTC-PERPETUAL", "bids": [[66132.0, 34920.0], [66131.5, 19490.0], [66127.0, 20370.0], [66126.0, 30000.0], [66125.5, 24010.0], [66124.5, 13310.0], [66124.0, 2080.0], [66122.5, 14710.0], [66122.0, 49270.0], [66118.5, 33640.0], [66118.0, 24010.0], [66117.0, 74980.0], [66116.5, 19250.0], [66113.5, 500.0], [66111.5, 2590.0], [66111.0, 24010.0], [66110.0, 8670.0], [66108.0, 70990.0], [66107.5, 5000.0], [66105.0, 10.0]], "asks": [[66132.5, 70870.0], [66135.5, 2040.0], [66136.5, 3590.0], [66139.5, 500.0], [66142.0, 7170.0], [66142.5, 30000.0], [66143.5, 2680.0], [66145.0, 7170.0], [66145.5, 24010.0], [66146.5, 39350.0], [66147.5, 6000.0], [66148.5, 83260.0], [66150.5, 50000.0], [66151.0, 26110.0], [66151.5, 17910.0], [66152.0, 8690.0], [66153.5, 24010.0], [66154.5, 19500.0], [66155.0, 5000.0], [66157.5, 10110.0]]}}}
{"jsonrpc": "2.0", "method": "subscription", "params": {"channel": "book.BTC-PERPETUAL.none.20.100ms", "data": {"timestamp": 1772207753900, "change_id": 142584165547, "instrument_name": "BTC-PERPETUAL", "bids": [[66128.0, 27400.0], [66124.5, 2460.0], [66124.0, 8240.0], [66121.5, 28680.0], [66121.0, 3590.0], [66120.0, 58720.0], [66119.5, 49270.0], [66118.5, 5750.0], [66117.0, 2080.0], [66116.5, 19250.0], [66115.0, 490.0], [66111.5, 2590.0], [66110.5, 74970.0], [66110.0, 8670.0], [66108.5, 24010.0], [66107.5, 5000.0], [66105.0, 10.0], [66104.5, 9180.0], [66101.5, 20990.0], [66101.0, 3380.0]], "asks": [[66128.5, 83270.0], [66131.5, 2030.0], [66132.0, 3930.0], [66132.5, 16300.0], [66133.5, 9870.0], [66134.0, 3590.0], [66135.5, 10.0], [66136.0, 30000.0], [66138.0, 7170.0], [66138.5, 24010.0], [66140.0, 26100.0], [66140.5, 6000.0], [66142.0, 75000.0], [66143.0, 8250.0], [66143.5, 2680.0], [66145.0, 44350.0], [66145.5, 24010.0], [66146.0, 59240.0], [66147.0, 11000.0], [66147.5, 8670.0]]}}}
{"jsonrpc": "2.0", "method": "subscription", "params": {"channel": "book.BTC-PERPETUAL.none.20.100ms", "data": {"timestamp": 1772207754231, "change_id": 142584167060, "instrument_name": "BTC-PERPETUAL", "bids": [[66124.0, 8230.0], [66121.0, 8680.0], [66120.5, 11000.0], [66119.0, 19490.0], [66118.5, 9920.0], [66117.0, 39230.0], [66116.5, 10580.0], [66115.0, 15470.0], [66114.5, 49760.0], [66112.0, 2080.0], [66110.5, 3660.0], [66110.0, 8670.0], [66108.0, 3590.0], [66105.0, 74980.0], [66104.5, 33190.0], [66101.5, 25990.0], [66101.0, 3380.0], [66099.5, 50000.0], [66099.0, 8680.0], [66097.5, 25980.0]], "asks": [[66124.5, 114300.0], [66126.5, 100.0], [66128.0, 12100.0], [66128.5, 45190.0], [66130.5, 1780.0], [66131.5, 500.0], [66132.5, 5460.0], [66135.5, 10.0], [66136.5, 32020.0], [66137.0, 75010.0], [66137.5, 8250.0], [66138.5, 24010.0], [66140.0, 50000.0], [66142.5, 11000.0], [66143.0, 9240.0], [66143.5, 11350.0], [66144.0, 28190.0], [66144.5, 7170.0], [66145.5, 24010.0], [66147.5, 8670.0]]}}}
{"jsonrpc": "2.0", "method": "subscription", "params": {"channel": "book.BTC-PERPETUAL.none.20.100ms", "data": {"timestamp": 1772207754559, "change_id": 142584167723, "instrument_name": "BTC-PERPETUAL", "bids": [[66124.0, 59730.0], [66123.0, 2760.0], [66122.0, 9230.0], [66118.5, 26770.0], [66118.0, 30000.0], [66117.5, 490.0], [66117.0, 3590.0], [66116.5, 10580.0], [66115.5, 49270.0], [66115.0, 6120.0], [66112.0, 2080.0], [66111.5, 24010.0], [66111.0, 24970.0], [66110.5, 74970.0], [66110.0, 8670.0], [66105.0, 21000.0], [66104.5, 33190.0], [66101.5, 5000.0], [66101.0, 3380.0], [66099.5, 50000.0]], "asks": [[66124.5, 63830.0], [66126.5, 1920.0], [66128.5, 10580.0], [66129.5, 2030.0], [66130.0, 18060.0], [66130.5, 24010.0], [66131.0, 30000.0], [66132.0, 500.0], [66132.5, 6000.0], [66135.5, 10.0], [66136.0, 7170.0], [66137.5, 24010.0], [66139.5, 37140.0], [66140.0, 50000.0], [66142.0, 75010.0], [66143.0, 8250.0], [66143.5, 22350.0], [66144.0, 8690.0], [66146.5, 16020.0], [66147.5, 8670.0]]}}}
{"jsonrpc": "2.0", "method": "subscription", "params": {"channel": "book.BTC-PERPETUAL.none.20.100ms", "data": {"timestamp": 1772207754880, "change_id": 142584168378, "instrument_name": "BTC-PERPETUAL", "bids": [[66124.0, 89730.0], [66123.5, 49270.0], [66118.5, 7130.0], [66118.0, 9230.0], [66117.0, 3590.0], [66116.5, 10580.0], [66115.5, 490.0], [66115.0, 6120.0], [66112.0, 2080.0], [66111.5, 24010.0], [66111.0, 2590.0], [66110.0, 8670.0], [66105.5, 74970.0], [66105.0, 10.0], [66104.5, 33190.0], [66102.0, 20990.0], [66101.5, 5000.0], [66101.0, 3380.0], [66099.5, 50000.0], [66099.0, 8680.0]], "asks": [[66124.5, 94830.0], [66126.5, 1920.0], [66128.5, 3590.0], [66129.5, 2030.0], [66130.0, 18550.0], [66130.5, 24010.0], [66131.0, 30000.0], [66132.5, 6000.0], [66135.5, 10.0], [66136.0, 28640.0], [66137.5, 24010.0], [66139.0, 75000.0], [66139.5, 20670.0], [66140.0, 50000.0], [66142.0, 11000.0], [66143.0, 8250.0], [66143.5, 11350.0], [66144.0, 8690.0], [66146.5, 16020.0], [66147.0, 9240.0]]}}}
{"jsonrpc": "2.0", "method": "subscription", "params": {"channel": "book.BTC-PERPETUAL.none.20.100ms", "data": {"timestamp": 1772207755221, "change_id": 142584169358, "instrument_name": "BTC-PERPETUAL", "bids": [[66121.5, 24980.0], [66121.0, 25140.0], [66119.5, 1690.0], [66118.5, 14870.0], [66117.0, 39230.0], [66116.5, 10580.0], [66114.0, 40320.0], [66113.5, 49760.0], [66112.5, 3590.0], [66112.0, 2080.0], [66111.0, 2590.0], [66110.0, 8670.0], [66107.0, 32290.0], [66106.5, 74970.0], [66106.0, 24010.0], [66105.0, 10.0], [66104.5, 9180.0], [66102.0, 10990.0], [66101.0, 3380.0], [66100.0, 20990.0]], "asks": [[66122.0, 114780.0], [66124.5, 55120.0], [66129.0, 500.0], [66129.5, 2030.0], [66130.0, 8960.0], [66130.5, 24010.0], [66135.5, 10.0], [66136.0, 31100.0], [66137.0, 75010.0], [66137.5, 24010.0], [66139.5, 8250.0], [66140.0, 50000.0], [66142.5, 11000.0], [66143.0, 9240.0], [66143.5, 30850.0], [66144.0, 8690.0], [66147.5, 8670.0], [66148.5, 30500.0], [66150.5, 24910.0], [66151.0, 500.0]]}}}
{"jsonrpc": "2.0", "method": "subscription", "params": {"channel": "book.BTC-PERPETUAL.none.20.100ms", "data": {"timestamp": 1772207755550, "change_id": 142584170015, "instrument_name": "BTC-PERPETUAL", "bids": [[66121.5, 50120.0], [66120.0, 23660.0], [66119.5, 30000.0], [66119.0, 49270.0], [66118.0, 8440.0], [66117.5, 9230.0], [66117.0, 10990.0], [66116.5, 10580.0], [66114.5, 9500.0], [66114.0, 24010.0], [66112.5, 3590.0], [66112.0, 2080.0], [66111.0, 2590.0], [66110.0, 8670.0], [66108.0, 33780.0], [66106.5, 74970.0], [66106.0, 24010.0], [66105.0, 10.0], [66104.5, 14180.0], [66101.0, 3380.0]], "asks": [[66122.0, 121590.0], [66124.5, 49660.0], [66129.0, 500.0], [66129.5, 2030.0], [66130.0, 8960.0], [66130.5, 24010.0], [66135.5, 10.0], [66136.0, 31100.0], [66137.0, 75010.0], [66137.5, 24010.0], [66139.5, 31810.0], [66140.0, 50000.0], [66141.0, 11000.0], [66141.5, 8690.0], [66143.5, 11350.0], [66146.0, 9240.0], [66146.5, 19500.0], [66147.5, 8670.0], [66148.5, 30500.0], [66151.0, 25410.0]]}}}
{"jsonrpc": "2.0", "method": "subscription", "params": {"channel": "book.BTC-PERPETUAL.none.20.100ms", "data": {"timestamp": 1772207755877, "change_id": 142584170572, "instrument_name": "BTC-PERPETUAL", "bids": [[66121.5, 127220.0], [66121.0, 17460.0], [66119.5, 9230.0], [66119.0, 49270.0], [66118.0, 3160.0], [66116.5, 10580.0], [66115.0, 490.0], [66114.5, 9010.0], [66114.0, 24010.0], [66112.5, 3590.0], [66112.0, 2080.0], [66111.0, 24640.0], [66110.0, 8670.0], [66108.5, 74970.0], [66106.5, 11400.0], [66106.0, 24010.0], [66105.0, 10.0], [66104.5, 14180.0], [66101.0, 3380.0], [66100.0, 20990.0]], "asks": [[66122.0, 101500.0], [66124.5, 3690.0], [66127.5, 9100.0], [66128.0, 30000.0], [66129.0, 500.0], [66129.5, 2030.0], [66130.0, 8960.0], [66130.5, 24010.0], [66132.5, 6000.0], [66135.5, 10.0], [66136.0, 31100.0], [66137.5, 24010.0], [66138.5, 75010.0], [66139.5, 23560.0], [66140.0, 50000.0], [66141.0, 8250.0], [66141.5, 8690.0], [66143.0, 11000.0], [66143.5, 11350.0], [66146.0, 9240.0]]}}}
{"jsonrpc": "2.0", "method": "subscription", "params": {"channel": "book.BTC-PERPETUAL.none.20.100ms", "data": {"timestamp": 1772207756206, "change_id": 142584171351, "instrument_name": "BTC-PERPETUAL", "bids": [[66121.5, 127220.0], [66121.0, 17110.0], [66119.0, 49270.0], [66118.0, 5510.0], [66117.0, 9230.0], [66116.5, 10580.0], [66115.0, 490.0], [66114.5, 9010.0], [66114.0, 24010.0], [66112.5, 3590.0], [66112.0, 2080.0], [66111.0, 24640.0], [66110.0, 8670.0], [66108.0, 74970.0], [66106.5, 11400.0], [66106.0, 24010.0], [66105.0, 10.0], [66104.5, 14180.0], [66101.0, 3380.0], [66100.0, 20990.0]], "asks": [[66122.0, 131340.0], [66124.5, 3690.0], [66129.0, 500.0], [66129.5, 2030.0], [66130.0, 8960.0], [66130.5, 24010.0], [66132.5, 6000.0], [66135.5, 10.0], [66136.0, 31100.0], [66137.5, 24010.0], [66139.0, 75010.0], [66139.5, 8250.0], [66140.0, 50000.0], [66141.0, 11000.0], [66141.5, 8690.0], [66142.5, 9240.0], [66143.5, 11350.0], [66146.5, 19500.0], [66147.5, 8670.0], [66148.5, 30500.0]]}}}
{"jsonrpc": "2.0", "method": "subscription", "params": {"channel": "book.BTC-PERPETUAL.none.20.100ms", "data": {"timestamp": 1772207756531, "change_id": 142584171808, "instrument_name": "BTC-PERPETUAL", "bids": [[66121.5, 176490.0], [66120.0, 2760.0], [66118.5, 9230.0], [66118.0, 3160.0], [66116.5, 10580.0], [66115.0, 490.0], [66114.5, 9010.0], [66114.0, 24010.0], [66112.5, 3590.0], [66112.0, 2080.0], [66111.0, 24640.0], [66110.0, 8670.0], [66108.0, 74970.0], [66106.5, 11400.0], [66106.0, 24010.0], [66105.0, 10.0], [66104.5, 14180.0], [66101.0, 15590.0], [66100.0, 20990.0], [66099.0, 8680.0]], "asks": [[66122.0, 65750.0], [66124.5, 3690.0], [66127.0, 9100.0], [66127.5, 30000.0], [66129.5, 2530.0], [66130.0, 8960.0], [66130.5, 24010.0], [66132.5, 6000.0], [66135.5, 10.0], [66136.0, 31100.0], [66137.5, 24010.0], [66139.5, 98270.0], [66140.0, 50000.0], [66141.0, 8250.0], [66141.5, 8690.0], [66143.0, 11000.0], [66143.5, 11350.0], [66146.0, 9240.0], [66146.5, 19500.0], [66147.5, 8670.0]]}}}
{"jsonrpc": "2.0", "method": "subscription", "params": {"channel": "book.BTC-PERPETUAL.none.20.100ms", "data": {"timestamp": 1772207756873, "change_id": 142584172290, "instrument_name": "BTC-PERPETUAL", "bids": [[66121.5, 176490.0], [66120.0, 2760.0], [66118.5, 9230.0], [66118.0, 3160.0], [66116.5, 10580.0], [66115.0, 490.0], [66114.5, 9010.0], [66114.0, 24010.0], [66112.5, 3590.0], [66112.0, 2080.0], [66111.0, 24640.0], [66110.0, 8670.0], [66108.0, 74970.0], [66106.5, 11400.0], [66106.0, 24010.0], [66105.0, 10.0], [66104.5, 14180.0], [66101.0, 15590.0], [66100.0, 20990.0], [66099.0, 8680.0]], "asks": [[66122.0, 82130.0], [66124.5, 3690.0], [66127.0, 9100.0], [66127.5, 30000.0], [66129.0, 490.0], [66129.5, 2030.0], [66130.0, 8960.0], [66130.5, 24010.0], [66132.5, 6000.0], [66135.5, 10.0], [66136.0, 31100.0], [66137.0, 75000.0], [66137.5, 24010.0], [66139.5, 23270.0], [66140.0, 50000.0], [66141.0, 19250.0], [66141.5, 8690.0], [66143.5, 11350.0], [66146.0, 9240.0], [66146.5, 19500.0]]}}}
{"jsonrpc": "2.0", "method": "subscription", "params": {"channel": "book.BTC-PERPETUAL.none.20.100ms", "data": {"timestamp": 1772207757199, "change_id": 142584172937, "instrument_name": "BTC-PERPETUAL", "bids": [[66121.5, 176490.0], [66121.0, 2760.0], [66118.5, 9230.0], [66118.0, 3160.0], [66116.5, 10580.0], [66115.0, 490.0], [66114.5, 9010.0], [66114.0, 24010.0], [66112.5, 3590.0], [66112.0, 2080.0], [66111.0, 24640.0], [66110.0, 8670.0], [66108.0, 74970.0], [66106.5, 11400.0], [66106.0, 24010.0], [66105.0, 10.0], [66104.5, 14180.0], [66101.0, 15590.0], [66100.0, 20990.0], [66099.0, 8680.0]], "asks": [[66122.0, 66850.0], [66124.5, 3690.0], [66127.0, 9100.0], [66127.5, 30000.0], [66129.5, 2030.0], [66130.0, 9460.0], [66130.5, 24010.0], [66132.5, 6000.0], [66135.5, 10.0], [66136.0, 31100.0], [66137.5, 24010.0], [66139.0, 75000.0], [66139.5, 23270.0], [66140.0, 50000.0], [66141.0, 8250.0], [66141.5, 8690.0], [66143.0, 11000.0], [66143.5, 11350.0], [66146.0, 9240.0], [66146.5, 19500.0]]}}}
{"jsonrpc": "2.0", "method": "subscription", "params": {"channel": "book.BTC-PERPETUAL.none.20.100ms", "data": {"timestamp": 1772207757531, "change_id": 142584173416, "instrument_name": "BTC-PERPETUAL", "bids": [[66121.5, 186510.0], [66119.0, 2760.0], [66118.5, 9230.0], [66118.0, 3160.0], [66117.0, 490.0], [66116.5, 10580.0], [66114.5, 1690.0], [66112.5, 3590.0], [66112.0, 2080.0], [66111.0, 24640.0], [66110.5, 74970.0], [66110.0, 8670.0], [66106.5, 11400.0], [66106.0, 24010.0], [66105.0, 10.0], [66104.5, 14180.0], [66101.5, 20990.0], [66101.0, 24500.0], [66099.5, 50000.0], [66099.0, 8680.0]], "asks": [[66122.0, 65120.0], [66124.5, 3690.0], [66127.0, 9100.0], [66127.5, 30000.0], [66129.5, 2030.0], [66130.0, 8960.0], [66130.5, 24010.0], [66132.0, 500.0], [66132.5, 6000.0], [66135.5, 10.0], [66136.0, 31100.0], [66137.5, 24010.0], [66139.0, 75000.0], [66139.5, 23270.0], [66140.0, 50000.0], [66141.0, 8250.0], [66141.5, 8690.0], [66143.0, 11000.0], [66143.5, 11350.0], [66146.5, 19500.0]]}}}
{"jsonrpc": "2.0", "method": "subscription", "params": {"channel": "book.BTC-PERPETUAL.none.20.100ms", "data": {"timestamp": 1772207757858, "change_id": 142584173851, "instrument_name": "BTC-PERPETUAL", "bids": [[66121.5, 186510.0], [66119.0, 2760.0], [66118.5, 9230.0], [66118.0, 3160.0], [66117.0, 490.0], [66116.5, 10580.0], [66114.5, 1690.0], [66112.5, 3590.0], [66112.0, 2080.0], [66111.0, 24640.0], [66110.5, 74970.0], [66110.0, 8670.0], [66106.5, 11400.0], [66106.0, 24010.0], [66105.0, 10.0], [66104.5, 14180.0], [66101.5, 20990.0], [66101.0, 24500.0], [66099.5, 50000.0], [66099.0, 8680.0]], "asks": [[66122.0, 65620.0], [66124.5, 3690.0], [66127.0, 9100.0], [66127.5, 30000.0], [66129.5, 2030.0], [66130.0, 8960.0], [66130.5, 24010.0], [66132.0, 500.0], [66132.5, 6000.0], [66135.5, 10.0], [66136.0, 31100.0], [66137.5, 24010.0], [66139.5, 98280.0], [66140.0, 50000.0], [66141.0, 8250.0], [66141.5, 8690.0], [66143.0, 11000.0], [66143.5, 11350.0], [66146.5, 19500.0], [66147.0, 9240.0]]}}}
{"jsonrpc": "2.0", "method": "subscription", "params": {"channel": "book.BTC-PERPETUAL.none.20.100ms", "data": {"timestamp": 1772207758182, "change_id": 142584174438, "instrument_name": "BTC-PERPETUAL", "bids": [[66121.5, 186510.0], [66119.0, 2760.0], [66118.5, 9230.0], [66118.0, 3160.0], [66117.0, 490.0], [66116.5, 10580.0], [66114.5, 1690.0], [66112.5, 3590.0], [66112.0, 2080.0], [66111.0, 24640.0], [66110.5, 74970.0], [66110.0, 8670.0], [66106.5, 11400.0], [66106.0, 24010.0], [66105.0, 10.0], [66104.5, 14180.0], [66101.5, 20990.0], [66101.0, 24500.0], [66099.5, 50000.0], [66099.0, 8680.0]], "asks": [[66122.0, 65700.0], [66124.5, 3690.0], [66127.0, 9100.0], [66127.5, 30000.0], [66129.5, 2030.0], [66130.0, 8960.0], [66130.5, 24010.0], [66132.0, 500.0], [66132.5, 6000.0], [66135.5, 10.0], [66136.0, 31100.0], [66137.5, 24010.0], [66139.5, 98280.0], [66140.0, 50000.0], [66141.0, 8250.0], [66141.5, 8690.0], [66143.0, 11000.0], [66143.5, 11350.0], [66146.5, 19500.0], [66147.0, 9240.0]]}}}
{"jsonrpc": "2.0", "method": "subscription", "params": {"channel": "book.BTC-PERPETUAL.none.20.100ms", "data": {"timestamp": 1772207758522, "change_id": 142584175090, "instrument_name": "BTC-PERPETUAL", "bids": [[66121.5, 195740.0], [66120.0, 1220.0], [66118.5, 3590.0], [66118.0, 3160.0], [66117.0, 490.0], [66116.5, 12660.0], [66114.5, 6950.0], [66113.5, 24010.0], [66111.0, 24640.0], [66110.5, 74970.0], [66110.0, 8670.0], [66107.0, 11400.0], [66106.0, 24010.0], [66105.0, 10.0], [66104.5, 14180.0], [66102.0, 20990.0], [66101.0, 24500.0], [66099.5, 50000.0], [66099.0, 8680.0], [66098.0, 580.0]], "asks": [[66122.0, 12570.0], [66124.5, 100.0], [66129.5, 2030.0], [66130.5, 3590.0], [66132.0, 490.0], [66133.0, 9110.0], [66133.5, 30000.0], [66135.5, 10.0], [66138.5, 28640.0], [66139.0, 24010.0], [66139.5, 98270.0], [66140.0, 6000.0], [66141.0, 50000.0], [66141.5, 8690.0], [66142.5, 8250.0], [66143.0, 14390.0], [66143.5, 11350.0], [66146.5, 18780.0], [66147.0, 9240.0], [66147.5, 8670.0]]}}}
{"jsonrpc": "2.0", "method": "subscription", "params": {"channel": "book.BTC-PERPETUAL.none.20.100ms", "data": {"timestamp": 1772207758846, "change_id": 142584175608, "instrument_name": "BTC-PERPETUAL", "bids": [[66121.5, 195740.0], [66121.0, 1070.0], [66118.5, 3590.0], [66118.0, 3160.0], [66117.0, 490.0], [66116.5, 12660.0], [66114.5, 28660.0], [66113.5, 24010.0], [66111.5, 74970.0], [66111.0, 8570.0], [66110.0, 8670.0], [66108.5, 21150.0], [66107.0, 16210.0], [66106.0, 24010.0], [66105.0, 21000.0], [66104.5, 14180.0], [66101.0, 24500.0], [66099.5, 50000.0], [66099.0, 8680.0], [66098.0, 580.0]], "asks": [[66122.0, 20870.0], [66124.5, 100.0], [66129.5, 2030.0], [66130.5, 3590.0], [66132.5, 490.0], [66133.0, 9110.0], [66133.5, 30000.0], [66135.5, 10.0], [66138.5, 7170.0], [66139.0, 24010.0], [66139.5, 44470.0], [66140.0, 6000.0], [66140.5, 75000.0], [66141.5, 8690.0], [66143.0, 61640.0], [66143.5, 11350.0], [66147.0, 11000.0], [66147.5, 8670.0], [66148.0, 28740.0], [66148.5, 1490.0]]}}}
{"jsonrpc": "2.0", "method": "subscription", "params": {"channel": "book.BTC-PERPETUAL.none.20.100ms", "data": {"timestamp": 1772207759181, "change_id": 142584176297, "instrument_name": "BTC-PERPETUAL", "bids": [[66121.5, 195740.0], [66121.0, 1070.0], [66120.5, 2080.0], [66118.5, 4080.0], [66118.0, 3160.0], [66116.5, 10580.0], [66114.5, 6950.0], [66113.5, 24010.0], [66111.5, 31280.0], [66111.0, 74970.0], [66110.0, 8670.0], [66108.5, 21150.0], [66107.0, 16210.0], [66106.0, 24010.0], [66105.0, 21000.0], [66104.5, 14180.0], [66101.0, 24500.0], [66099.5, 50000.0], [66099.0, 8680.0], [66098.0, 580.0]], "asks": [[66122.0, 22310.0], [66124.5, 100.0], [66130.5, 3590.0], [66132.5, 490.0], [66133.0, 9110.0], [66133.5, 30000.0], [66134.0, 2030.0], [66135.5, 10.0], [66138.5, 7170.0], [66139.0, 24010.0], [66139.5, 44470.0], [66140.0, 6000.0], [66141.0, 75000.0], [66141.5, 8690.0], [66142.0, 8250.0], [66142.5, 11000.0], [66143.0, 53390.0], [66143.5, 11350.0], [66147.0, 9240.0], [66147.5, 28170.0]]}}}
{"jsonrpc": "2.0", "method": "subscription", "params": {"channel": "book.BTC-PERPETUAL.none.20.100ms", "data": {"timestamp": 1772207759501, "change_id": 142584176661, "instrument_name": "BTC-PERPETUAL", "bids": [[66121.5, 195740.0], [66121.0, 1070.0], [66120.5, 2080.0], [66118.5, 4080.0], [66118.0, 3160.0], [66116.5, 10580.0], [66114.5, 28660.0], [66113.5, 24010.0], [66112.0, 74970.0], [66110.5, 8900.0], [66110.0, 8670.0], [66108.5, 21150.0], [66107.0, 16210.0], [66106.0, 24010.0], [66105.0, 21000.0], [66104.5, 14180.0], [66101.0, 24500.0], [66099.5, 50000.0], [66099.0, 8680.0], [66098.0, 580.0]], "asks": [[66122.0, 10650.0], [66124.5, 100.0], [66130.5, 3590.0], [66132.5, 500.0], [66133.0, 9110.0], [66133.5, 30000.0], [66134.0, 2030.0], [66135.5, 10.0], [66138.5, 7170.0], [66139.0, 24010.0], [66139.5, 44470.0], [66140.0, 6000.0], [66141.0, 75000.0], [66141.5, 8690.0], [66143.0, 72640.0], [66143.5, 11350.0], [66147.5, 8670.0], [66148.0, 9240.0], [66148.5, 1490.0], [66149.0, 19500.0]]}}}
{"jsonrpc": "2.0", "method": "subscription", "params": {"channel": "book.BTC-PERPETUAL.none.20.100ms", "data": {"timestamp": 1772207759838, "change_id": 142584177232, "instrument_name": "BTC-PERPETUAL", "bids": [[66121.5, 137240.0], [66121.0, 18600.0], [66120.5, 2080.0], [66119.0, 49270.0], [66118.5, 3590.0], [66118.0, 5660.0], [66117.0, 9230.0], [66116.5, 10580.0], [66115.0, 490.0], [66114.5, 6950.0], [66113.5, 24010.0], [66111.5, 31280.0], [66110.0, 8670.0], [66109.0, 74970.0], [66108.5, 21150.0], [66107.0, 11400.0], [66106.0, 24010.0], [66105.0, 10.0], [66104.5, 14180.0], [66101.0, 3380.0]], "asks": [[66122.0, 41820.0], [66124.5, 100.0], [66125.0, 50000.0], [66130.0, 1570.0], [66130.5, 3590.0], [66133.0, 9110.0], [66133.5, 30000.0], [66134.0, 2030.0], [66135.5, 10.0], [66138.0, 35300.0], [66138.5, 75000.0], [66139.0, 32260.0], [66139.5, 23050.0], [66140.0, 6000.0], [66141.5, 8690.0], [66143.0, 32130.0], [66143.5, 11350.0], [66147.5, 8670.0], [66148.5, 1490.0], [66150.0, 24010.0]]}}}
{"jsonrpc": "2.0", "method": "subscription", "params": {"channel": "book.BTC-PERPETUAL.none.20.100ms", "data": {"timestamp": 1772207760174, "change_id": 142584178349, "instrument_name": "BTC-PERPETUAL", "bids": [[66121.5, 20990.0], [66118.5, 5620.0], [66116.5, 10580.0], [66115.0, 8240.0], [66112.5, 9580.0], [66112.0, 30000.0], [66111.5, 24700.0], [66110.5, 19490.0], [66109.0, 49760.0], [66108.5, 21150.0], [66107.0, 6570.0], [66106.5, 9230.0], [66105.0, 3600.0], [66104.5, 9180.0], [66103.5, 24010.0], [66101.0, 3380.0], [66100.0, 74970.0], [66099.0, 8680.0], [66098.5, 1000.0], [66098.0, 580.0]], "asks": [[66122.0, 114370.0], [66122.5, 15710.0], [66123.0, 50000.0], [66123.5, 500.0], [66124.5, 2130.0], [66128.5, 2460.0], [66129.0, 8250.0], [66131.0, 29550.0], [66131.5, 75000.0], [66132.0, 24010.0], [66132.5, 11030.0], [66133.0, 6000.0], [66135.5, 10.0], [66136.0, 13210.0], [66136.5, 30500.0], [66139.0, 24010.0], [66141.5, 8690.0], [66143.0, 3390.0], [66143.5, 11350.0], [66147.0, 49290.0]]}}}
{"jsonrpc": "2.0", "method": "subscription", "params": {"channel": "book.BTC-PERPETUAL.none.20.100ms", "data": {"timestamp": 1772207760504, "change_id": 142584179183, "instrument_name": "BTC-PERPETUAL", "bids": [[66120.5, 116760.0], [66119.5, 25030.0], [66117.5, 19490.0], [66116.5, 59850.0], [66115.5, 9230.0], [66111.5, 2080.0], [66109.5, 490.0], [66109.0, 6310.0], [66108.5, 21150.0], [66107.0, 25710.0], [66105.0, 78570.0], [66104.5, 9180.0], [66103.5, 24010.0], [66101.0, 3380.0], [66099.0, 8680.0], [66098.5, 21990.0], [66098.0, 5580.0], [66097.5, 2820.0], [66097.0, 120.0], [66096.5, 24270.0]], "asks": [[66121.0, 83070.0], [66122.0, 22980.0], [66123.0, 50000.0], [66127.5, 500.0], [66128.5, 1790.0], [66129.0, 6000.0], [66131.0, 7170.0], [66132.0, 24010.0], [66134.5, 22390.0], [66135.0, 75000.0], [66135.5, 10.0], [66136.0, 9630.0], [66138.0, 8250.0], [66139.0, 24010.0], [66140.0, 8660.0], [66140.5, 11000.0], [66141.0, 9240.0], [66141.5, 8690.0], [66142.5, 19500.0], [66143.0, 3390.0]]}}}
{"jsonrpc": "2.0", "method": "subscription", "params": {"channel": "book.BTC-PERPETUAL.none.20.100ms", "data": {"timestamp": 1772207760833, "change_id": 142584179823, "instrument_name": "BTC-PERPETUAL", "bids": [[66120.5, 123120.0], [66120.0, 19860.0], [66117.5, 49270.0], [66117.0, 9230.0], [66116.5, 10580.0], [66112.0, 490.0], [66111.5, 31780.0], [66111.0, 24010.0], [66109.5, 3590.0], [66108.5, 74970.0], [66105.0, 2750.0], [66104.5, 9180.0], [66103.5, 24010.0], [66101.5, 20990.0], [66101.0, 3380.0], [66099.0, 9400.0], [66098.5, 1000.0], [66098.0, 5580.0], [66097.5, 2820.0], [66097.0, 120.0]], "asks": [[66121.0, 92280.0], [66122.0, 8640.0], [66123.0, 50000.0], [66127.0, 10900.0], [66127.5, 30000.0], [66128.5, 500.0], [66129.0, 6000.0], [66132.5, 7170.0], [66133.0, 24010.0], [66135.5, 10.0], [66136.0, 24540.0], [66137.5, 75000.0], [66138.0, 8250.0], [66140.0, 8660.0], [66141.0, 11000.0], [66141.5, 8690.0], [66143.0, 12630.0], [66143.5, 11350.0], [66147.0, 31190.0], [66147.5, 13670.0]]}}}
{"jsonrpc": "2.0", "method": "subscription", "params": {"channel": "book.BTC-PERPETUAL.none.20.100ms", "data": {"timestamp": 1772207761162, "change_id": 142584180432, "instrument_name": "BTC-PERPETUAL", "bids": [[66120.5, 122000.0], [66120.0, 19860.0], [66117.5, 49270.0], [66117.0, 9230.0], [66116.5, 10580.0], [66112.0, 490.0], [66111.5, 9250.0], [66111.0, 24010.0], [66109.5, 3590.0], [66106.5, 25120.0], [66106.0, 74970.0], [66105.0, 10.0], [66104.5, 9180.0], [66103.5, 24010.0], [66101.0, 3380.0], [66099.5, 20990.0], [66099.0, 9400.0], [66098.5, 1000.0], [66098.0, 5580.0], [66097.5, 2820.0]], "asks": [[66121.0, 66620.0], [66122.0, 3690.0], [66123.0, 50000.0], [66125.5, 17910.0], [66126.0, 24010.0], [66126.5, 32030.0], [66129.0, 6000.0], [66132.0, 500.0], [66132.5, 7170.0], [66133.0, 24010.0], [66135.5, 10.0], [66136.0, 24540.0], [66139.0, 75000.0], [66139.5, 8250.0], [66140.0, 8660.0], [66141.0, 11000.0], [66141.5, 8690.0], [66143.0, 32130.0], [66143.5, 11350.0], [66147.0, 11690.0]]}}}
{"jsonrpc": "2.0", "method": "subscription", "params": {"channel": "book.BTC-PERPETUAL.none.20.100ms", "data": {"timestamp": 1772207761481, "change_id": 142584180821, "instrument_name": "BTC-PERPETUAL", "bids": [[66120.5, 122000.0], [66120.0, 19860.0], [66117.5, 49270.0], [66117.0, 9230.0], [66116.5, 10580.0], [66112.0, 490.0], [66111.5, 31780.0], [66111.0, 24010.0], [66109.5, 3590.0], [66108.0, 74970.0], [66105.0, 2750.0], [66104.5, 9180.0], [66103.5, 24010.0], [66101.0, 3380.0], [66099.5, 20990.0], [66099.0, 9400.0], [66098.5, 1000.0], [66098.0, 580.0], [66097.5, 2820.0], [66097.0, 120.0]], "asks": [[66121.0, 89000.0], [66122.0, 3690.0], [66123.0, 50000.0], [66125.5, 9710.0], [66126.0, 24010.0], [66126.5, 2030.0], [66128.5, 500.0], [66129.0, 6000.0], [66132.5, 7170.0], [66133.0, 24010.0], [66135.5, 10.0], [66136.0, 24540.0], [66138.0, 75000.0], [66139.5, 19250.0], [66140.0, 8660.0], [66141.5, 8690.0], [66143.0, 32130.0], [66143.5, 11350.0], [66147.0, 11690.0], [66147.5, 13670.0]]}}}
{"jsonrpc": "2.0", "method": "subscription", "params": {"channel": "book.BTC-PERPETUAL.none.20.100ms", "data": {"timestamp": 1772207761823, "change_id": 142584181361, "instrument_name": "BTC-PERPETUAL", "bids": [[66120.5, 122000.0], [66120.0, 22280.0], [66117.5, 49270.0], [66117.0, 9230.0], [66116.5, 10580.0], [66113.5, 490.0], [66111.5, 9250.0], [66111.0, 24010.0], [66109.5, 3590.0], [66106.5, 25120.0], [66106.0, 74970.0], [66105.0, 10.0], [66104.5, 9180.0], [66103.5, 24010.0], [66101.0, 3380.0], [66100.5, 5000.0], [66099.5, 20990.0], [66099.0, 9400.0], [66098.5, 1000.0], [66098.0, 580.0]], "asks": [[66121.0, 121810.0], [66122.0, 3690.0], [66123.0, 50000.0], [66125.5, 9710.0], [66126.0, 24010.0], [66126.5, 2030.0], [66128.5, 500.0], [66129.0, 6000.0], [66132.5, 7170.0], [66133.0, 24010.0], [66135.5, 10.0], [66136.0, 2460.0], [66138.0, 8250.0], [66138.5, 75000.0], [66140.0, 19660.0], [66140.5, 11170.0], [66141.5, 8690.0], [66142.5, 28740.0], [66143.0, 3390.0], [66143.5, 11350.0]]}}}
{"jsonrpc": "2.0", "method": "subscription", "params": {"channel": "book.BTC-PERPETUAL.none.20.100ms", "data": {"timestamp": 1772207762148, "change_id": 142584181972, "instrument_name": "BTC-PERPETUAL", "bids": [[66120.5, 122000.0], [66120.0, 19860.0], [66117.5, 49270.0], [66117.0, 9230.0], [66116.5, 10580.0], [66112.0, 490.0], [66111.5, 9250.0], [66111.0, 24010.0], [66109.5, 3590.0], [66107.5, 25120.0], [66105.0, 74980.0], [66104.5, 9180.0], [66103.5, 24010.0], [66101.0, 3380.0], [66100.5, 5000.0], [66099.5, 21090.0], [66099.0, 9400.0], [66098.5, 1000.0], [66098.0, 580.0], [66097.5, 24360.0]], "asks": [[66121.0, 94050.0], [66122.0, 3690.0], [66123.0, 50000.0], [66125.5, 17430.0], [66126.0, 24500.0], [66126.5, 32030.0], [66129.0, 6000.0], [66132.5, 7170.0], [66133.0, 24010.0], [66135.5, 10.0], [66136.0, 2460.0], [66137.5, 75000.0], [66139.5, 8250.0], [66140.0, 8660.0], [66141.0, 11000.0], [66141.5, 8690.0], [66142.5, 9240.0], [66143.0, 3390.0], [66143.5, 11350.0], [66146.5, 19500.0]]}}}
{"jsonrpc": "2.0", "method": "subscription", "params": {"channel": "book.BTC-PERPETUAL.none.20.100ms", "data": {"timestamp": 1772207762483, "change_id": 142584182503, "instrument_name": "BTC-PERPETUAL", "bids": [[66120.5, 141310.0], [66120.0, 35910.0], [66117.0, 9720.0], [66116.5, 10580.0], [66114.0, 1840.0], [66113.5, 3590.0], [66111.5, 31780.0], [66111.0, 24010.0], [66108.0, 74970.0], [66105.0, 2750.0], [66104.5, 9180.0], [66103.5, 24010.0], [66101.0, 3380.0], [66100.5, 5000.0], [66099.5, 21090.0], [66099.0, 9400.0], [66098.5, 1000.0], [66098.0, 580.0], [66097.5, 24360.0], [66096.5, 24010.0]], "asks": [[66121.0, 46620.0], [66122.0, 3690.0], [66123.0, 50000.0], [66126.5, 2030.0], [66131.5, 8960.0], [66132.0, 30500.0], [66135.5, 10.0], [66136.0, 27820.0], [66137.0, 24010.0], [66137.5, 6000.0], [66139.0, 75000.0], [66139.5, 11220.0], [66140.0, 8660.0], [66141.0, 8250.0], [66141.5, 8690.0], [66142.0, 11000.0], [66143.0, 3390.0], [66143.5, 11350.0], [66146.0, 24010.0], [66146.5, 28740.0]]}}}
{"jsonrpc": "2.0", "method": "subscription", "params": {"channel": "book.BTC-PERPETUAL.none.20.100ms", "data": {"timestamp": 1772207762812, "change_id": 142584183870, "instrument_name": "BTC-PERPETUAL", "bids": [[66116.5, 10580.0], [66112.5, 41000.0], [66106.5, 19680.0], [66106.0, 19490.0], [66105.5, 8240.0], [66105.0, 49280.0], [66101.0, 25250.0], [66099.5, 9330.0], [66099.0, 9400.0], [66098.5, 1000.0], [66098.0, 3160.0], [66097.5, 850.0], [66095.0, 4320.0], [66094.0, 9750.0], [66093.5, 24010.0], [66092.5, 8670.0], [66087.5, 6270.0], [66086.5, 9420.0], [66086.0, 32680.0], [66080.5, 21080.0]], "asks": [[66117.0, 165820.0], [66117.5, 71570.0], [66118.0, 56810.0], [66121.0, 74210.0], [66121.5, 2030.0], [66122.0, 2560.0], [66125.5, 8250.0], [66128.5, 7170.0], [66129.0, 24010.0], [66130.0, 34250.0], [66130.5, 39740.0], [66131.0, 75000.0], [66135.5, 10.0], [66136.0, 22570.0], [66137.0, 24010.0], [66137.5, 6000.0], [66139.5, 54470.0], [66140.0, 8660.0], [66141.5, 8690.0], [66143.0, 15660.0]]}}}
{"jsonrpc": "2.0", "method": "subscription", "params": {"channel": "book.BTC-PERPETUAL.none.20.100ms", "data": {"timestamp": 1772207763144, "change_id": 142584185654, "instrument_name": "BTC-PERPETUAL", "bids": [[66116.5, 11000.0], [66107.0, 19490.0], [66106.0, 52880.0], [66105.5, 49270.0], [66105.0, 8250.0], [66102.5, 2080.0], [66102.0, 490.0], [66100.0, 4390.0], [66099.5, 100.0], [66099.0, 720.0], [66098.5, 1000.0], [66098.0, 9730.0], [66097.5, 25290.0], [66097.0, 3590.0], [66095.0, 4320.0], [66094.5, 74970.0], [66094.0, 8290.0], [66093.5, 24010.0], [66092.5, 8670.0], [66087.5, 6270.0]], "asks": [[66117.0, 213940.0], [66117.5, 48800.0], [66118.0, 32800.0], [66119.0, 4000.0], [66120.5, 24010.0], [66121.0, 9810.0], [66127.0, 32820.0], [66127.5, 75000.0], [66128.0, 8250.0], [66129.0, 26690.0], [66130.0, 3280.0], [66130.5, 11000.0], [66135.0, 17650.0], [66135.5, 19510.0], [66136.0, 17290.0], [66136.5, 8670.0], [66137.0, 24010.0], [66139.5, 17940.0], [66140.0, 8660.0], [66142.5, 49290.0]]}}}
{"jsonrpc": "2.0", "method": "subscription", "params": {"channel": "book.BTC-PERPETUAL.none.20.100ms", "data": {"timestamp": 1772207763455, "change_id": 142584186466, "instrument_name": "BTC-PERPETUAL", "bids": [[66107.5, 74880.0], [66106.0, 39230.0], [66105.0, 10.0], [66103.0, 490.0], [66102.5, 2080.0], [66102.0, 38720.0], [66101.5, 49270.0], [66100.0, 4880.0], [66099.5, 100.0], [66099.0, 720.0], [66098.5, 1000.0], [66098.0, 9730.0], [66097.5, 24440.0], [66097.0, 3590.0], [66095.0, 4320.0], [66094.5, 74970.0], [66094.0, 8290.0], [66093.5, 24010.0], [66092.5, 8670.0], [66087.5, 6270.0]], "asks": [[66108.0, 83970.0], [66110.0, 3590.0], [66112.5, 100.0], [66113.0, 31850.0], [66113.5, 50000.0], [66114.5, 30000.0], [66116.5, 31190.0], [66117.0, 66350.0], [66117.5, 32800.0], [66120.0, 7200.0], [66120.5, 24010.0], [66121.0, 100.0], [66125.0, 22390.0], [66125.5, 75000.0], [66126.5, 23850.0], [66127.0, 8650.0], [66127.5, 8670.0], [66129.0, 26690.0], [66130.0, 7160.0], [66130.5, 11000.0]]}}}
{"jsonrpc": "2.0", "method": "subscription", "params": {"channel": "book.BTC-PERPETUAL.none.20.100ms", "data": {"timestamp": 1772207763805, "change_id": 142584187401, "instrument_name": "BTC-PERPETUAL", "bids": [[66107.5, 55350.0], [66106.0, 8960.0], [66105.5, 30000.0], [66105.0, 10.0], [66104.0, 25330.0], [66102.5, 2080.0], [66102.0, 24010.0], [66101.5, 3590.0], [66101.0, 58830.0], [66100.5, 19490.0], [66100.0, 490.0], [66099.5, 590.0], [66099.0, 720.0], [66098.5, 1000.0], [66098.0, 18960.0], [66097.5, 24440.0], [66095.0, 4320.0], [66094.0, 83260.0], [66093.5, 24010.0], [66092.5, 8670.0]], "asks": [[66108.0, 95280.0], [66110.0, 3590.0], [66113.0, 55860.0], [66113.5, 50000.0], [66114.0, 500.0], [66114.5, 30000.0], [66116.5, 16360.0], [66117.0, 54800.0], [66120.0, 7200.0], [66120.5, 24010.0], [66123.0, 31090.0], [66123.5, 94500.0], [66125.5, 11000.0], [66126.5, 16420.0], [66127.0, 8650.0], [66127.5, 8670.0], [66128.5, 9240.0], [66129.0, 26690.0], [66130.5, 2580.0], [66131.0, 8650.0]]}}}
{"jsonrpc": "2.0", "method": "subscription", "params": {"channel": "book.BTC-PERPETUAL.none.20.100ms", "data": {"timestamp": 1772207764134, "change_id": 142584188516, "instrument_name": "BTC-PERPETUAL", "bids": [[66107.5, 85350.0], [66107.0, 14710.0], [66106.5, 19490.0], [66105.0, 10.0], [66104.5, 49270.0], [66104.0, 7790.0], [66103.0, 9230.0], [66102.5, 2080.0], [66102.0, 24010.0], [66101.5, 3590.0], [66100.0, 490.0], [66099.5, 590.0], [66099.0, 720.0], [66098.5, 3900.0], [66098.0, 9730.0], [66097.5, 23500.0], [66095.0, 4320.0], [66094.5, 74970.0], [66094.0, 8290.0], [66093.5, 24010.0]], "asks": [[66108.0, 130650.0], [66110.0, 3590.0], [66112.5, 15530.0], [66113.0, 2030.0], [66113.5, 50000.0], [66116.0, 500.0], [66116.5, 16360.0], [66117.0, 43440.0], [66120.0, 7200.0], [66120.5, 24010.0], [66122.0, 24850.0], [66124.5, 75000.0], [66125.0, 8250.0], [66125.5, 25000.0], [66127.0, 8650.0], [66127.5, 8670.0], [66128.0, 11000.0], [66128.5, 9240.0], [66129.0, 26690.0], [66129.5, 8400.0]]}}}
{"jsonrpc": "2.0", "method": "subscription", "params": {"channel": "book.BTC-PERPETUAL.none.20.100ms", "data": {"timestamp": 1772207764465, "change_id": 142584189325, "instrument_name": "BTC-PERPETUAL", "bids": [[66107.5, 115420.0], [66106.5, 1070.0], [66106.0, 3590.0], [66105.0, 49280.0], [66104.5, 490.0], [66104.0, 7790.0], [66102.5, 2080.0], [66102.0, 24010.0], [66100.0, 490.0], [66099.5, 100.0], [66099.0, 720.0], [66098.5, 25910.0], [66098.0, 84700.0], [66097.5, 7390.0], [66095.0, 4320.0], [66094.5, 20990.0], [66094.0, 8290.0], [66093.5, 24010.0], [66092.5, 8670.0], [66090.5, 1490.0]], "asks": [[66108.0, 12020.0], [66113.5, 50000.0], [66116.5, 11180.0], [66117.0, 32800.0], [66117.5, 2030.0], [66118.5, 3590.0], [66119.0, 9100.0], [66119.5, 30490.0], [66122.0, 1790.0], [66125.0, 6000.0], [66125.5, 27600.0], [66126.5, 75010.0], [66127.0, 8650.0], [66127.5, 8670.0], [66128.0, 24010.0], [66129.0, 2680.0], [66130.0, 3020.0], [66131.0, 10130.0], [66133.5, 100.0], [66134.0, 8410.0]]}}}
{"jsonrpc": "2.0", "method": "subscription", "params": {"channel": "book.BTC-PERPETUAL.none.20.100ms", "data": {"timestamp": 1772207764788, "change_id": 142584191658, "instrument_name": "BTC-PERPETUAL", "bids": [[66121.0, 74840.0], [66120.0, 1070.0], [66119.5, 3590.0], [66118.5, 18080.0], [66118.0, 49270.0], [66117.5, 9230.0], [66117.0, 2080.0], [66114.5, 490.0], [66112.0, 7170.0], [66111.5, 24010.0], [66108.5, 18560.0], [66108.0, 88120.0], [66107.5, 75080.0], [66105.0, 10.0], [66103.5, 16010.0], [66102.5, 8650.0], [66102.0, 24010.0], [66101.0, 20990.0], [66100.5, 470.0], [66100.0, 490.0]], "asks": [[66121.5, 36550.0], [66123.5, 50000.0], [66128.5, 500.0], [66129.0, 2680.0], [66130.0, 2030.0], [66130.5, 11540.0], [66131.0, 38650.0], [66133.5, 12020.0], [66134.0, 9590.0], [66135.0, 24010.0], [66135.5, 10.0], [66136.0, 8650.0], [66138.0, 22390.0], [66139.0, 19250.0], [66139.5, 75000.0], [66140.0, 8660.0], [66140.5, 13040.0], [66141.0, 8670.0], [66142.0, 24010.0], [66143.0, 8290.0]]}}}
{"jsonrpc": "2.0", "method": "subscription", "params": {"channel": "book.BTC-PERPETUAL.none.20.100ms", "data": {"timestamp": 1772207765119, "change_id": 142584192918, "instrument_name": "BTC-PERPETUAL", "bids": [[66121.0, 59580.0], [66114.5, 22980.0], [66114.0, 27730.0], [66113.0, 49270.0], [66110.5, 9720.0], [66110.0, 3590.0], [66109.5, 26530.0], [66109.0, 24010.0], [66108.5, 30000.0], [66108.0, 34880.0], [66107.5, 200.0], [66105.0, 10.0], [66103.5, 32130.0], [66103.0, 74970.0], [66102.5, 8650.0], [66102.0, 24010.0], [66100.5, 470.0], [66100.0, 490.0], [66099.5, 100.0], [66099.0, 3750.0]], "asks": [[66121.5, 165040.0], [66128.5, 500.0], [66129.0, 2680.0], [66130.5, 24640.0], [66131.0, 8650.0], [66132.5, 87210.0], [66133.0, 8250.0], [66135.0, 24010.0], [66135.5, 10.0], [66136.0, 8650.0], [66138.0, 19580.0], [66139.5, 41520.0], [66140.0, 10140.0], [66141.0, 8670.0], [66142.0, 24010.0], [66143.0, 9820.0], [66143.5, 8670.0], [66144.5, 500.0], [66146.5, 24910.0], [66147.0, 11350.0]]}}}
{"jsonrpc": "2.0", "method": "subscription", "params": {"channel": "book.BTC-PERPETUAL.none.20.100ms", "data": {"timestamp": 1772207765456, "change_id": 142584194187, "instrument_name": "BTC-PERPETUAL", "bids": [[66115.0, 11000.0], [66111.5, 7960.0], [66111.0, 8240.0], [66106.0, 10030.0], [66105.0, 30010.0], [66104.5, 19490.0], [66104.0, 68760.0], [66103.0, 11800.0], [66102.5, 8650.0], [66100.5, 470.0], [66100.0, 4080.0], [66099.5, 100.0], [66099.0, 3750.0], [66098.5, 1000.0], [66098.0, 9150.0], [66097.5, 30840.0], [66096.0, 24010.0], [66095.0, 79290.0], [66094.0, 18670.0], [66092.5, 11310.0]], "asks": [[66115.5, 178570.0], [66119.5, 2030.0], [66120.0, 20440.0], [66120.5, 24010.0], [66121.5, 39000.0], [66126.5, 32820.0], [66127.0, 83250.0], [66128.0, 24010.0], [66129.0, 2680.0], [66129.5, 8070.0], [66130.0, 9240.0], [66131.0, 8650.0], [66132.0, 19500.0], [66134.0, 11000.0], [66134.5, 12340.0], [66135.0, 32680.0], [66135.5, 10.0], [66136.0, 8650.0], [66139.5, 25860.0], [66140.0, 10140.0]]}}}
{"jsonrpc": "2.0", "method": "subscription", "params": {"channel": "book.BTC-PERPETUAL.none.20.100ms", "data": {"timestamp": 1772207765784, "change_id": 142584195149, "instrument_name": "BTC-PERPETUAL", "bids": [[66115.0, 11000.0], [66107.0, 17240.0], [66106.0, 8240.0], [66105.5, 49490.0], [66105.0, 10.0], [66101.0, 58500.0], [66100.5, 470.0], [66100.0, 490.0], [66099.5, 590.0], [66099.0, 720.0], [66098.5, 1000.0], [66098.0, 500.0], [66097.0, 2080.0], [66096.5, 8290.0], [66095.0, 28330.0], [66093.5, 26460.0], [66092.5, 8670.0], [66087.5, 5350.0], [66086.5, 6890.0], [66086.0, 8670.0]], "asks": [[66115.5, 188960.0], [66120.0, 8730.0], [66120.5, 24010.0], [66121.0, 8250.0], [66121.5, 5230.0], [66125.5, 75000.0], [66127.5, 12770.0], [66128.0, 24010.0], [66128.5, 19500.0], [66129.0, 7690.0], [66130.0, 9240.0], [66131.0, 8650.0], [66134.0, 11000.0], [66134.5, 12340.0], [66135.0, 32680.0], [66135.5, 10.0], [66136.0, 8650.0], [66138.5, 14710.0], [66139.0, 49290.0], [66139.5, 12780.0]]}}}
{"jsonrpc": "2.0", "method": "subscription", "params": {"channel": "book.BTC-PERPETUAL.none.20.100ms", "data": {"timestamp": 1772207766114, "change_id": 142584196651, "instrument_name": "BTC-PERPETUAL", "bids": [[66105.0, 63890.0], [66103.5, 8290.0], [66101.0, 33730.0], [66100.5, 9700.0], [66100.0, 490.0], [66099.5, 590.0], [66099.0, 720.0], [66097.0, 2080.0], [66096.5, 8290.0], [66095.0, 31920.0], [66093.5, 36660.0], [66093.0, 124240.0], [66092.5, 8670.0], [66091.0, 500.0], [66086.5, 6850.0], [66086.0, 8670.0], [66085.0, 20990.0], [66084.5, 5000.0], [66084.0, 24010.0], [66080.0, 2650.0]], "asks": [[66105.5, 70730.0], [66108.0, 2660.0], [66108.5, 3590.0], [66110.0, 24120.0], [66110.5, 24010.0], [66111.0, 30000.0], [66111.5, 50000.0], [66114.5, 500.0], [66115.0, 6130.0], [66115.5, 18040.0], [66119.5, 7680.0], [66120.5, 24010.0], [66121.5, 2680.0], [66125.0, 83670.0], [66126.0, 8250.0], [66127.0, 17890.0], [66127.5, 19500.0], [66128.0, 24010.0], [66131.0, 8650.0], [66134.0, 11000.0]]}}}
{"jsonrpc": "2.0", "method": "subscription", "params": {"channel": "book.BTC-PERPETUAL.none.20.100ms", "data": {"timestamp": 1772207766448, "change_id": 142584197413, "instrument_name": "BTC-PERPETUAL", "bids": [[66105.0, 153160.0], [66104.5, 10540.0], [66104.0, 3590.0], [66101.5, 490.0], [66101.0, 300.0], [66100.5, 470.0], [66100.0, 490.0], [66099.5, 100.0], [66099.0, 720.0], [66097.5, 31460.0], [66097.0, 74980.0], [66095.0, 28330.0], [66093.0, 2740.0], [66092.5, 8670.0], [66091.0, 500.0], [66086.5, 6850.0], [66086.0, 8670.0], [66085.0, 20990.0], [66084.5, 5000.0], [66084.0, 24010.0]], "asks": [[66105.5, 9000.0], [66108.0, 3160.0], [66111.5, 50000.0], [66115.0, 12560.0], [66115.5, 6060.0], [66117.0, 3590.0], [66117.5, 30000.0], [66119.0, 500.0], [66121.5, 2680.0], [66122.0, 12220.0], [66122.5, 24010.0], [66123.0, 6000.0], [66125.0, 8670.0], [66126.0, 25470.0], [66126.5, 83260.0], [66127.0, 8650.0], [66128.0, 1650.0], [66130.0, 9240.0], [66131.0, 13650.0], [66133.5, 43510.0]]}}}
{"jsonrpc": "2.0", "method": "subscription", "params": {"channel": "book.BTC-PERPETUAL.none.20.100ms", "data": {"timestamp": 1772207766774, "change_id": 142584198044, "instrument_name": "BTC-PERPETUAL", "bids": [[66105.0, 162880.0], [66104.5, 1310.0], [66104.0, 3590.0], [66101.5, 2080.0], [66101.0, 300.0], [66100.5, 470.0], [66100.0, 490.0], [66099.5, 100.0], [66099.0, 720.0], [66096.5, 30840.0], [66096.0, 74970.0], [66095.0, 28330.0], [66093.0, 2740.0], [66092.5, 8670.0], [66091.0, 500.0], [66087.5, 6270.0], [66087.0, 20990.0], [66086.5, 6850.0], [66086.0, 8670.0], [66084.5, 5000.0]], "asks": [[66105.5, 22200.0], [66108.0, 1470.0], [66111.5, 50000.0], [66115.0, 12560.0], [66117.0, 3590.0], [66117.5, 30000.0], [66121.0, 500.0], [66121.5, 2680.0], [66122.0, 12220.0], [66122.5, 24010.0], [66123.0, 6000.0], [66125.0, 8670.0], [66126.0, 25470.0], [66126.5, 75010.0], [66127.0, 8650.0], [66127.5, 8250.0], [66131.0, 13650.0], [66133.5, 52750.0], [66134.0, 11000.0], [66135.5, 10.0]]}}}
{"jsonrpc": "2.0", "method": "subscription", "params": {"channel": "book.BTC-PERPETUAL.none.20.100ms", "data": {"timestamp": 1772207767106, "change_id": 142584198690, "instrument_name": "BTC-PERPETUAL", "bids": [[66105.0, 162880.0], [66104.5, 1310.0], [66104.0, 3590.0], [66101.5, 2080.0], [66101.0, 300.0], [66100.5, 470.0], [66100.0, 490.0], [66099.5, 100.0], [66099.0, 720.0], [66098.5, 22380.0], [66098.0, 74970.0], [66095.5, 8460.0], [66095.0, 28330.0], [66093.0, 8650.0], [66092.5, 8670.0], [66091.5, 20990.0], [66091.0, 500.0], [66086.5, 6850.0], [66086.0, 8670.0], [66084.0, 24010.0]], "asks": [[66105.5, 6700.0], [66115.0, 2030.0], [66116.0, 50000.0], [66117.0, 12550.0], [66117.5, 30000.0], [66121.0, 500.0], [66121.5, 2680.0], [66122.0, 12220.0], [66122.5, 24010.0], [66123.0, 6000.0], [66125.0, 8670.0], [66126.0, 2580.0], [66127.0, 8650.0], [66130.0, 75010.0], [66130.5, 8250.0], [66131.0, 13650.0], [66131.5, 1470.0], [66133.5, 24010.0], [66134.0, 11000.0], [66135.5, 28750.0]]}}}
{"jsonrpc": "2.0", "method": "subscription", "params": {"channel": "book.BTC-PERPETUAL.none.20.100ms", "data": {"timestamp": 1772207767437, "change_id": 142584200348, "instrument_name": "BTC-PERPETUAL", "bids": [[66105.0, 274740.0], [66101.0, 7100.0], [66100.5, 21460.0], [66100.0, 490.0], [66099.5, 100.0], [66099.0, 720.0], [66096.5, 14720.0], [66095.0, 28330.0], [66094.5, 21150.0], [66093.0, 8700.0], [66092.5, 29810.0], [66091.0, 500.0], [66089.0, 1490.0], [66088.5, 5000.0], [66086.5, 6850.0], [66086.0, 8670.0], [66084.0, 24010.0], [66081.5, 50000.0], [66080.0, 2650.0], [66079.5, 8890.0]], "asks": [[66105.5, 390.0], [66123.5, 30000.0], [66125.5, 11200.0], [66126.0, 2030.0], [66127.5, 3590.0], [66128.0, 8660.0], [66128.5, 24010.0], [66129.0, 3520.0], [66131.0, 8650.0], [66131.5, 6000.0], [66135.0, 24980.0], [66135.5, 10.0], [66136.0, 93720.0], [66136.5, 24010.0], [66137.0, 8250.0], [66137.5, 500.0], [66140.0, 8660.0], [66143.0, 28740.0], [66143.5, 8670.0], [66145.0, 50000.0]]}}}
{"jsonrpc": "2.0", "method": "subscription", "params": {"channel": "book.BTC-PERPETUAL.none.20.100ms", "data": {"timestamp": 1772207767767, "change_id": 142584202384, "instrument_name": "BTC-PERPETUAL", "bids": [[66123.0, 44350.0], [66122.0, 5820.0], [66119.0, 19490.0], [66118.5, 14710.0], [66118.0, 49270.0], [66115.0, 11760.0], [66114.5, 24010.0], [66114.0, 9720.0], [66113.5, 5670.0], [66111.0, 8960.0], [66110.5, 30000.0], [66106.5, 74970.0], [66106.0, 24010.0], [66105.0, 30110.0], [66104.5, 8650.0], [66101.5, 1270.0], [66101.0, 300.0], [66100.5, 470.0], [66100.0, 490.0], [66099.5, 100.0]], "asks": [[66123.5, 103530.0], [66124.5, 50000.0], [66126.5, 3590.0], [66130.0, 500.0], [66130.5, 2550.0], [66131.0, 2030.0], [66131.5, 6000.0], [66135.0, 9420.0], [66135.5, 24020.0], [66136.0, 34300.0], [66136.5, 77680.0], [66138.0, 8250.0], [66139.5, 5170.0], [66140.0, 8660.0], [66142.5, 28740.0], [66143.0, 8660.0], [66143.5, 8670.0], [66145.0, 500.0], [66146.0, 24010.0], [66147.0, 100.0]]}}}
{"jsonrpc": "2.0", "method": "subscription", "params": {"channel": "book.BTC-PERPETUAL.none.20.100ms", "data": {"timestamp": 1772207768092, "change_id": 142584202991, "instrument_name": "BTC-PERPETUAL", "bids": [[66123.0, 57680.0], [66120.5, 14710.0], [66120.0, 49270.0], [66116.5, 8720.0], [66116.0, 19490.0], [66115.5, 490.0], [66115.0, 20990.0], [66114.5, 24010.0], [66113.5, 5670.0], [66111.0, 8960.0], [66110.5, 30000.0], [66107.0, 74970.0], [66106.5, 21150.0], [66106.0, 24010.0], [66105.0, 160.0], [66104.5, 8650.0], [66103.0, 5000.0], [66101.5, 1270.0], [66101.0, 300.0], [66100.5, 470.0]], "asks": [[66123.5, 108770.0], [66124.5, 50000.0], [66126.5, 3590.0], [66130.0, 500.0], [66130.5, 2550.0], [66131.0, 2030.0], [66131.5, 6000.0], [66135.0, 9420.0], [66135.5, 24020.0], [66136.0, 34300.0], [66136.5, 2680.0], [66138.5, 75000.0], [66139.0, 8250.0], [66139.5, 5170.0], [66140.0, 8660.0], [66142.0, 9240.0], [66142.5, 20700.0], [66143.0, 8660.0], [66143.5, 8670.0], [66145.0, 500.0]]}}}
{"jsonrpc": "2.0", "method": "subscription", "params": {"channel": "book.BTC-PERPETUAL.none.20.100ms", "data": {"timestamp": 1772207768429, "change_id": 142584203899, "instrument_name": "BTC-PERPETUAL", "bids": [[66123.0, 57680.0], [66122.5, 2990.0], [66122.0, 10000.0], [66118.5, 24960.0], [66118.0, 68760.0], [66117.0, 30000.0], [66115.5, 9230.0], [66115.0, 11760.0], [66114.5, 24010.0], [66114.0, 490.0], [66113.5, 5670.0], [66111.5, 10580.0], [66107.0, 74970.0], [66106.5, 21150.0], [66106.0, 24010.0], [66105.0, 50.0], [66104.5, 8650.0], [66103.0, 5000.0], [66102.0, 20990.0], [66101.5, 1270.0]], "asks": [[66123.5, 110630.0], [66124.5, 50000.0], [66126.5, 3590.0], [66130.0, 500.0], [66130.5, 2550.0], [66131.0, 2030.0], [66131.5, 6000.0], [66135.0, 30940.0], [66135.5, 99020.0], [66136.0, 11910.0], [66136.5, 2680.0], [66139.0, 8250.0], [66139.5, 5170.0], [66140.0, 8660.0], [66142.5, 1200.0], [66143.0, 37400.0], [66143.5, 8670.0], [66145.0, 500.0], [66146.0, 24010.0], [66147.0, 100.0]]}}}
{"jsonrpc": "2.0", "method": "subscription", "params": {"channel": "book.BTC-PERPETUAL.none.20.100ms", "data": {"timestamp": 1772207768753, "change_id": 142584204679, "instrument_name": "BTC-PERPETUAL", "bids": [[66123.0, 53650.0], [66122.5, 10570.0], [66120.5, 10000.0], [66119.5, 19490.0], [66118.5, 24960.0], [66117.5, 79270.0], [66115.0, 7110.0], [66114.0, 9230.0], [66113.5, 5670.0], [66112.0, 490.0], [66111.5, 10580.0], [66106.5, 53290.0], [66106.0, 24010.0], [66105.0, 75020.0], [66104.5, 8650.0], [66103.0, 5000.0], [66102.0, 910.0], [66101.5, 1270.0], [66101.0, 300.0], [66100.5, 470.0]], "asks": [[66123.5, 116760.0], [66124.0, 16600.0], [66124.5, 50000.0], [66126.5, 4090.0], [66127.0, 2030.0], [66128.5, 24010.0], [66133.0, 34600.0], [66134.5, 75000.0], [66135.5, 24020.0], [66136.0, 16900.0], [66136.5, 2680.0], [66139.5, 5170.0], [66140.0, 8660.0], [66141.5, 19500.0], [66142.0, 9240.0], [66142.5, 1200.0], [66143.0, 8660.0], [66143.5, 8670.0], [66145.0, 500.0], [66146.0, 24010.0]]}}}
{"jsonrpc": "2.0", "method": "subscription", "params": {"channel": "book.BTC-PERPETUAL.none.20.100ms", "data": {"timestamp": 1772207769089, "change_id": 142584205540, "instrument_name": "BTC-PERPETUAL", "bids": [[66120.5, 30150.0], [66115.0, 19710.0], [66114.5, 19490.0], [66113.0, 30000.0], [66111.5, 10580.0], [66111.0, 18530.0], [66110.5, 49270.0], [66108.5, 9230.0], [66108.0, 3590.0], [66107.5, 2570.0], [66107.0, 8910.0], [66106.5, 21150.0], [66105.0, 50.0], [66104.5, 8650.0], [66102.0, 910.0], [66101.5, 1270.0], [66101.0, 300.0], [66100.5, 75440.0], [66100.0, 24500.0], [66099.0, 500.0]], "asks": [[66121.0, 156790.0], [66121.5, 78100.0], [66122.5, 490.0], [66123.5, 8190.0], [66128.0, 7170.0], [66128.5, 24010.0], [66131.0, 24850.0], [66131.5, 75000.0], [66134.5, 20760.0], [66135.5, 24020.0], [66136.0, 8650.0], [66136.5, 2680.0], [66138.5, 9240.0], [66139.0, 19500.0], [66139.5, 5170.0], [66140.0, 8660.0], [66140.5, 8660.0], [66142.5, 1200.0], [66143.5, 8670.0], [66145.0, 500.0]]}}}
{"jsonrpc": "2.0", "method": "subscription", "params": {"channel": "book.BTC-PERPETUAL.none.20.100ms", "data": {"timestamp": 1772207769419, "change_id": 142584206477, "instrument_name": "BTC-PERPETUAL", "bids": [[66120.5, 63690.0], [66120.0, 18960.0], [66115.0, 30000.0], [66114.5, 27460.0], [66114.0, 24500.0], [66113.5, 49270.0], [66111.5, 10580.0], [66107.5, 30890.0], [66107.0, 24010.0], [66105.0, 75020.0], [66104.5, 8650.0], [66102.0, 910.0], [66101.5, 22260.0], [66101.0, 300.0], [66100.5, 470.0], [66100.0, 24500.0], [66099.0, 500.0], [66098.0, 8650.0], [66097.5, 5000.0], [66095.0, 4320.0]], "asks": [[66121.0, 7750.0], [66123.0, 700.0], [66123.5, 4270.0], [66126.0, 270.0], [66126.5, 30000.0], [66127.0, 3590.0], [66128.0, 500.0], [66132.5, 24980.0], [66133.5, 24010.0], [66135.0, 75000.0], [66135.5, 10.0], [66136.0, 11910.0], [66136.5, 2680.0], [66139.0, 8250.0], [66139.5, 7630.0], [66140.0, 8660.0], [66140.5, 8660.0], [66142.5, 1200.0], [66143.0, 9240.0], [66143.5, 8670.0]]}}}
{"jsonrpc": "2.0", "method": "subscription", "params": {"channel": "book.BTC-PERPETUAL.none.20.100ms", "data": {"timestamp": 1772207769745, "change_id": 142584207569, "instrument_name": "BTC-PERPETUAL", "bids": [[66120.5, 123840.0], [66120.0, 10000.0], [66119.0, 9020.0], [66118.5, 30220.0], [66115.0, 490.0], [66114.5, 10330.0], [66114.0, 24010.0], [66111.5, 10580.0], [66109.0, 22380.0], [66108.5, 74970.0], [66107.5, 9750.0], [66107.0, 24010.0], [66105.0, 10.0], [66104.5, 8650.0], [66102.5, 20990.0], [66102.0, 910.0], [66101.5, 1270.0], [66101.0, 300.0], [66100.5, 470.0], [66100.0, 24500.0]], "asks": [[66121.0, 4880.0], [66131.5, 760.0], [66132.0, 24010.0], [66132.5, 33780.0], [66133.0, 50000.0], [66134.0, 33590.0], [66135.5, 10.0], [66136.0, 8650.0], [66136.5, 2680.0], [66137.5, 24180.0], [66139.0, 30010.0], [66139.5, 82340.0], [66140.0, 8660.0], [66140.5, 8660.0], [66142.5, 1200.0], [66143.0, 20620.0], [66143.5, 8670.0], [66145.0, 500.0], [66146.0, 24010.0], [66147.0, 28840.0]]}}}
{"jsonrpc": "2.0", "method": "subscription", "params": {"channel": "book.BTC-PERPETUAL.none.20.100ms", "data": {"timestamp": 1772207770076, "change_id": 142584208167, "instrument_name": "BTC-PERPETUAL", "bids": [[66120.5, 41110.0], [66120.0, 36180.0], [66119.0, 49270.0], [66118.5, 30220.0], [66116.5, 3590.0], [66115.5, 9230.0], [66115.0, 490.0], [66114.5, 10330.0], [66114.0, 24010.0], [66111.5, 10580.0], [66108.5, 22380.0], [66108.0, 91040.0], [66107.5, 21150.0], [66107.0, 24010.0], [66105.0, 10.0], [66104.5, 8650.0], [66102.5, 670.0], [66102.0, 910.0], [66101.5, 1270.0], [66101.0, 21290.0]], "asks": [[66121.0, 10.0], [66123.0, 50000.0], [66129.5, 3590.0], [66131.0, 500.0], [66131.5, 7440.0], [66132.0, 24010.0], [66133.5, 12610.0], [66134.0, 30000.0], [66135.5, 10.0], [66136.0, 8650.0], [66136.5, 34030.0], [66138.5, 83250.0], [66139.0, 30010.0], [66139.5, 13170.0], [66140.0, 8660.0], [66140.5, 8660.0], [66142.5, 29940.0], [66143.0, 12370.0], [66143.5, 8670.0], [66145.0, 500.0]]}}}
{"jsonrpc": "2.0", "method": "subscription", "params": {"channel": "book.BTC-PERPETUAL.none.20.100ms", "data": {"timestamp": 1772207770409, "change_id": 142584208657, "instrument_name": "BTC-PERPETUAL", "bids": [[66120.5, 51090.0], [66120.0, 11920.0], [66119.5, 30000.0], [66118.0, 49270.0], [66117.5, 9230.0], [66116.5, 3590.0], [66113.5, 220.0], [66112.0, 490.0], [66111.5, 10580.0], [66108.0, 98980.0], [66107.5, 24900.0], [66105.0, 10.0], [66104.5, 13650.0], [66102.5, 670.0], [66102.0, 910.0], [66101.5, 1270.0], [66101.0, 300.0], [66100.5, 470.0], [66100.0, 24010.0], [66099.5, 20990.0]], "asks": [[66121.0, 3100.0], [66124.5, 50000.0], [66127.0, 270.0], [66128.0, 8960.0], [66128.5, 30000.0], [66129.0, 500.0], [66129.5, 3590.0], [66131.5, 7170.0], [66132.0, 24010.0], [66133.5, 2590.0], [66135.5, 10.0], [66136.0, 8650.0], [66136.5, 2680.0], [66137.0, 33810.0], [66137.5, 75000.0], [66138.5, 8250.0], [66139.0, 30010.0], [66139.5, 8290.0], [66140.0, 8660.0], [66140.5, 8660.0]]}}}
{"jsonrpc": "2.0", "method": "subscription", "params": {"channel": "book.BTC-PERPETUAL.none.20.100ms", "data": {"timestamp": 1772207770740, "change_id": 142584209379, "instrument_name": "BTC-PERPETUAL", "bids": [[66120.5, 51090.0], [66119.5, 30000.0], [66119.0, 49270.0], [66117.5, 9230.0], [66116.5, 3590.0], [66113.5, 220.0], [66112.0, 490.0], [66111.5, 10580.0], [66108.0, 98980.0], [66107.5, 24900.0], [66105.0, 10.0], [66104.5, 13650.0], [66102.5, 670.0], [66102.0, 910.0], [66101.5, 1270.0], [66101.0, 300.0], [66100.5, 16630.0], [66100.0, 24010.0], [66099.5, 20990.0], [66099.0, 500.0]], "asks": [[66121.0, 40690.0], [66124.5, 50000.0], [66127.0, 270.0], [66128.0, 8960.0], [66128.5, 30000.0], [66129.0, 500.0], [66129.5, 3590.0], [66131.5, 7170.0], [66132.0, 24010.0], [66133.5, 2590.0], [66135.5, 10.0], [66136.0, 43260.0], [66136.5, 2680.0], [66138.0, 75000.0], [66138.5, 8250.0], [66139.0, 30010.0], [66139.5, 8290.0], [66140.0, 8660.0], [66140.5, 8660.0], [66142.5, 10440.0]]}}}
{"jsonrpc": "2.0", "method": "subscription", "params": {"channel": "book.BTC-PERPETUAL.none.20.100ms", "data": {"timestamp": 1772207771067, "change_id": 142584209895, "instrument_name": "BTC-PERPETUAL", "bids": [[66120.5, 51090.0], [66118.5, 30000.0], [66118.0, 49270.0], [66117.5, 9230.0], [66116.5, 3590.0], [66113.5, 220.0], [66112.0, 490.0], [66111.5, 10580.0], [66108.0, 24010.0], [66107.5, 47130.0], [66105.0, 74980.0], [66104.5, 13650.0], [66103.0, 1020.0], [66102.5, 670.0], [66102.0, 910.0], [66101.5, 1270.0], [66101.0, 300.0], [66100.5, 16160.0], [66100.0, 24010.0], [66099.5, 20990.0]], "asks": [[66121.0, 41940.0], [66124.5, 50000.0], [66127.0, 270.0], [66128.0, 9460.0], [66128.5, 30000.0], [66129.5, 3590.0], [66131.5, 7170.0], [66132.0, 24010.0], [66133.5, 24640.0], [66135.5, 75010.0], [66136.0, 8650.0], [66136.5, 2680.0], [66138.0, 11420.0], [66138.5, 8250.0], [66139.0, 30010.0], [66139.5, 8290.0], [66140.0, 8660.0], [66140.5, 8660.0], [66142.5, 10440.0], [66143.0, 12370.0]]}}}
{"jsonrpc": "2.0", "method": "subscription", "params": {"channel": "book.BTC-PERPETUAL.none.20.100ms", "data": {"timestamp": 1772207771398, "change_id": 142584210770, "instrument_name": "BTC-PERPETUAL", "bids": [[66120.5, 51090.0], [66119.0, 27490.0], [66118.5, 30000.0], [66118.0, 49270.0], [66117.5, 9230.0], [66116.5, 3590.0], [66113.5, 220.0], [66112.5, 490.0], [66112.0, 3160.0], [66111.5, 10580.0], [66108.5, 28630.0], [66108.0, 98980.0], [66107.5, 3750.0], [66105.0, 10.0], [66104.5, 13650.0], [66103.0, 1020.0], [66102.5, 670.0], [66102.0, 910.0], [66101.5, 1270.0], [66101.0, 300.0]], "asks": [[66121.0, 7710.0], [66126.5, 50000.0], [66127.0, 3860.0], [66128.5, 30000.0], [66131.0, 500.0], [66131.5, 7170.0], [66132.0, 24010.0], [66133.5, 2590.0], [66135.5, 10.0], [66136.0, 8650.0], [66136.5, 2680.0], [66137.0, 33810.0], [66137.5, 75000.0], [66139.0, 30010.0], [66139.5, 16540.0], [66140.0, 8660.0], [66140.5, 8660.0], [66142.5, 10440.0], [66143.0, 12370.0], [66143.5, 8670.0]]}}}
{"jsonrpc": "2.0", "method": "subscription", "params": {"channel": "book.BTC-PERPETUAL.none.20.100ms", "data": {"timestamp": 1772207771732, "change_id": 142584211800, "instrument_name": "BTC-PERPETUAL", "bids": [[66120.5, 125460.0], [66120.0, 33750.0], [66117.5, 9450.0], [66116.5, 3590.0], [66112.5, 490.0], [66112.0, 3160.0], [66111.5, 10580.0], [66110.0, 29550.0], [66108.5, 96120.0], [66108.0, 24010.0], [66107.5, 3750.0], [66105.0, 10.0], [66104.5, 13650.0], [66103.5, 20990.0], [66103.0, 1020.0], [66102.5, 670.0], [66102.0, 910.0], [66101.5, 1270.0], [66101.0, 300.0], [66100.5, 9900.0]], "asks": [[66121.0, 2840.0], [66128.5, 30000.0], [66130.0, 490.0], [66131.0, 3590.0], [66131.5, 22170.0], [66132.0, 24280.0], [66132.5, 50000.0], [66133.5, 2590.0], [66135.5, 10.0], [66136.0, 40800.0], [66136.5, 2680.0], [66138.5, 75000.0], [66139.0, 30010.0], [66139.5, 5530.0], [66140.0, 16910.0], [66140.5, 8660.0], [66142.5, 1200.0], [66143.0, 12370.0], [66143.5, 8670.0], [66144.5, 9240.0]]}}}
{"jsonrpc": "2.0", "method": "subscription", "params": {"channel": "book.BTC-PERPETUAL.none.20.100ms", "data": {"timestamp": 1772207772051, "change_id": 142584212504, "instrument_name": "BTC-PERPETUAL", "bids": [[66120.5, 100360.0], [66120.0, 33750.0], [66117.5, 220.0], [66117.0, 9230.0], [66116.5, 3590.0], [66112.5, 490.0], [66112.0, 3160.0], [66111.5, 10580.0], [66110.0, 13480.0], [66108.5, 21150.0], [66108.0, 24010.0], [66107.5, 25980.0], [66105.0, 74980.0], [66104.5, 13650.0], [66103.0, 1020.0], [66102.5, 670.0], [66102.0, 21900.0], [66101.5, 1270.0], [66101.0, 300.0], [66100.5, 9900.0]], "asks": [[66121.0, 10.0], [66128.5, 30000.0], [66129.0, 50000.0], [66130.5, 490.0], [66131.0, 3590.0], [66131.5, 7250.0], [66132.0, 24280.0], [66133.5, 2590.0], [66135.5, 10.0], [66136.0, 8650.0], [66136.5, 2680.0], [66137.5, 30200.0], [66138.5, 75000.0], [66139.0, 30010.0], [66139.5, 5530.0], [66140.0, 16910.0], [66140.5, 8660.0], [66142.5, 1200.0], [66143.0, 12370.0], [66143.5, 8670.0]]}}}
{"jsonrpc": "2.0", "method": "subscription", "params": {"channel": "book.BTC-PERPETUAL.none.20.100ms", "data": {"timestamp": 1772207772392, "change_id": 142584213395, "instrument_name": "BTC-PERPETUAL", "bids": [[66117.5, 8240.0], [66114.0, 35390.0], [66113.5, 30000.0], [66113.0, 49270.0], [66112.5, 19490.0], [66111.5, 10580.0], [66110.5, 9230.0], [66110.0, 6310.0], [66108.5, 21150.0], [66108.0, 3590.0], [66107.5, 4300.0], [66105.0, 500.0], [66104.5, 13650.0], [66103.5, 2020.0], [66103.0, 1020.0], [66102.5, 670.0], [66102.0, 910.0], [66101.5, 1270.0], [66099.0, 500.0], [66098.0, 8650.0]], "asks": [[66118.0, 45070.0], [66118.5, 36410.0], [66119.0, 32700.0], [66120.5, 5730.0], [66121.0, 3900.0], [66122.5, 23430.0], [66123.0, 50000.0], [66124.5, 24010.0], [66127.0, 31490.0], [66127.5, 75490.0], [66128.5, 30000.0], [66131.5, 7170.0], [66132.0, 24010.0], [66132.5, 5050.0], [66133.0, 8250.0], [66135.5, 10.0], [66136.0, 8650.0], [66136.5, 11920.0], [66138.0, 14780.0], [66138.5, 19500.0]]}}}
{"jsonrpc": "2.0", "method": "subscription", "params": {"channel": "book.BTC-PERPETUAL.none.20.100ms", "data": {"timestamp": 1772207772721, "change_id": 142584215150, "instrument_name": "BTC-PERPETUAL", "bids": [[66111.5, 48410.0], [66105.0, 10.0], [66104.5, 30960.0], [66104.0, 30000.0], [66103.5, 10090.0], [66103.0, 50290.0], [66102.5, 670.0], [66102.0, 910.0], [66101.5, 1490.0], [66100.0, 3220.0], [66098.0, 8650.0], [66097.5, 9230.0], [66097.0, 3590.0], [66095.0, 4320.0], [66094.0, 24010.0], [66093.0, 74970.0], [66092.5, 9170.0], [66088.0, 20990.0], [66086.0, 8670.0], [66083.0, 24010.0]], "asks": [[66112.0, 80970.0], [66112.5, 10.0], [66113.0, 33390.0], [66113.5, 86290.0], [66116.5, 7250.0], [66117.0, 270.0], [66117.5, 24010.0], [66119.0, 3580.0], [66119.5, 1190.0], [66121.0, 11730.0], [66122.0, 29550.0], [66122.5, 75000.0], [66124.5, 24010.0], [66130.5, 8250.0], [66131.0, 8650.0], [66131.5, 15830.0], [66132.0, 24010.0], [66132.5, 2590.0], [66133.0, 9240.0], [66134.0, 5000.0]]}}}
{"jsonrpc": "2.0", "method": "subscription", "params": {"channel": "book.BTC-PERPETUAL.none.20.100ms", "data": {"timestamp": 1772207773027, "change_id": 142584215879, "instrument_name": "BTC-PERPETUAL", "bids": [[66111.5, 66690.0], [66110.0, 8960.0], [66109.5, 30000.0], [66108.0, 17110.0], [66107.5, 58500.0], [66105.0, 10.0], [66103.5, 9090.0], [66103.0, 1020.0], [66102.5, 670.0], [66102.0, 910.0], [66101.5, 5080.0], [66101.0, 24010.0], [66100.5, 490.0], [66100.0, 2730.0], [66098.0, 8650.0], [66097.5, 8460.0], [66095.0, 4320.0], [66094.0, 24010.0], [66093.0, 74970.0], [66092.5, 9170.0]], "asks": [[66112.0, 60000.0], [66112.5, 10.0], [66113.5, 53590.0], [66116.0, 490.0], [66117.0, 270.0], [66117.5, 32970.0], [66118.0, 30000.0], [66119.0, 2080.0], [66121.0, 9640.0], [66123.5, 22390.0], [66124.0, 75010.0], [66125.0, 24010.0], [66130.5, 8250.0], [66131.0, 19650.0], [66131.5, 15830.0], [66132.0, 24010.0], [66132.5, 2590.0], [66133.5, 9240.0], [66134.0, 5000.0], [66135.0, 19500.0]]}}}
{"jsonrpc": "2.0", "method": "subscription", "params": {"channel": "book.BTC-PERPETUAL.none.20.100ms", "data": {"timestamp": 1772207773383, "change_id": 142584216781, "instrument_name": "BTC-PERPETUAL", "bids": [[66111.5, 56590.0], [66111.0, 29480.0], [66110.5, 30000.0], [66108.5, 49270.0], [66105.0, 10.0], [66104.5, 12470.0], [66104.0, 9230.0], [66103.5, 860.0], [66103.0, 1020.0], [66102.5, 670.0], [66102.0, 1400.0], [66101.5, 5080.0], [66101.0, 24010.0], [66100.0, 2730.0], [66098.0, 8650.0], [66097.5, 29750.0], [66095.0, 4320.0], [66094.5, 74970.0], [66094.0, 24010.0], [66092.5, 9170.0]], "asks": [[66112.0, 89300.0], [66112.5, 10.0], [66113.5, 53590.0], [66116.5, 490.0], [66117.0, 7440.0], [66117.5, 24010.0], [66119.0, 2080.0], [66121.0, 8680.0], [66122.5, 29550.0], [66124.5, 75000.0], [66125.0, 24010.0], [66130.5, 8250.0], [66131.0, 19650.0], [66131.5, 15830.0], [66132.0, 24010.0], [66132.5, 2590.0], [66133.5, 28740.0], [66134.0, 5000.0], [66135.5, 10.0], [66136.0, 8650.0]]}}}
{"jsonrpc": "2.0", "method": "subscription", "params": {"channel": "book.BTC-PERPETUAL.none.20.100ms", "data": {"timestamp": 1772207773714, "change_id": 142584218025, "instrument_name": "BTC-PERPETUAL", "bids": [[66111.5, 26520.0], [66108.0, 32240.0], [66107.5, 30000.0], [66107.0, 68760.0], [66106.5, 9230.0], [66105.0, 10.0], [66104.5, 12470.0], [66104.0, 440.0], [66103.5, 860.0], [66103.0, 1020.0], [66102.5, 670.0], [66102.0, 910.0], [66101.5, 4300.0], [66101.0, 24010.0], [66100.0, 2730.0], [66098.0, 8650.0], [66097.5, 29750.0], [66095.0, 4320.0], [66094.5, 74970.0], [66094.0, 24010.0]], "asks": [[66112.0, 87770.0], [66112.5, 10.0], [66113.5, 53590.0], [66116.5, 490.0], [66117.0, 7440.0], [66117.5, 24010.0], [66119.0, 2080.0], [66121.0, 8680.0], [66124.0, 29550.0], [66124.5, 75000.0], [66125.0, 24010.0], [66130.5, 8250.0], [66131.0, 20860.0], [66131.5, 8660.0], [66132.0, 24010.0], [66132.5, 2590.0], [66133.0, 9240.0], [66133.5, 19500.0], [66134.0, 5000.0], [66135.5, 10.0]]}}}
{"jsonrpc": "2.0", "method": "subscription", "params": {"channel": "book.BTC-PERPETUAL.none.20.100ms", "data": {"timestamp": 1772207774043, "change_id": 142584218743, "instrument_name": "BTC-PERPETUAL", "bids": [[66111.5, 26520.0], [66110.5, 14770.0], [66110.0, 19490.0], [66108.5, 30000.0], [66108.0, 17110.0], [66107.5, 49270.0], [66105.0, 9240.0], [66104.5, 12470.0], [66104.0, 440.0], [66103.5, 860.0], [66103.0, 1020.0], [66102.5, 670.0], [66102.0, 910.0], [66101.5, 4300.0], [66101.0, 24010.0], [66100.0, 2730.0], [66098.0, 8650.0], [66097.5, 29750.0], [66095.0, 4320.0], [66094.5, 74970.0]], "asks": [[66112.0, 87150.0], [66112.5, 10.0], [66113.5, 53590.0], [66116.5, 490.0], [66117.0, 7440.0], [66117.5, 24010.0], [66119.0, 2080.0], [66121.0, 8680.0], [66123.0, 29550.0], [66124.5, 75010.0], [66125.0, 24010.0], [66130.5, 8250.0], [66131.0, 30100.0], [66131.5, 8660.0], [66132.0, 24010.0], [66132.5, 2590.0], [66133.5, 19500.0], [66134.0, 5000.0], [66135.5, 10.0], [66136.0, 8650.0]]}}}
{"jsonrpc": "2.0", "method": "subscription", "params": {"channel": "book.BTC-PERPETUAL.none.20.100ms", "data": {"timestamp": 1772207774372, "change_id": 142584219107, "instrument_name": "BTC-PERPETUAL", "bids": [[66111.5, 43280.0], [66109.5, 14770.0], [66109.0, 19490.0], [66108.5, 30000.0], [66108.0, 17110.0], [66105.5, 49270.0], [66105.0, 9240.0], [66104.5, 12470.0], [66104.0, 440.0], [66103.5, 860.0], [66103.0, 1020.0], [66102.5, 670.0], [66102.0, 910.0], [66101.5, 3810.0], [66101.0, 24010.0], [66100.5, 490.0], [66100.0, 2730.0], [66098.0, 8650.0], [66097.5, 29750.0], [66095.0, 4320.0]], "asks": [[66112.0, 90230.0], [66112.5, 10.0], [66113.5, 53590.0], [66117.0, 270.0], [66118.5, 490.0], [66119.0, 2080.0], [66121.0, 8680.0], [66122.0, 7170.0], [66123.0, 24010.0], [66129.5, 75000.0], [66130.5, 19250.0], [66131.0, 19100.0], [66131.5, 8660.0], [66132.0, 24010.0], [66132.5, 2590.0], [66133.5, 19500.0], [66134.0, 5000.0], [66135.5, 10.0], [66136.0, 8650.0], [66139.0, 24010.0]]}}}
{"jsonrpc": "2.0", "method": "subscription", "params": {"channel": "book.BTC-PERPETUAL.none.20.100ms", "data": {"timestamp": 1772207774706, "change_id": 142584219838, "instrument_name": "BTC-PERPETUAL", "bids": [[66111.5, 62770.0], [66110.5, 23660.0], [66110.0, 30000.0], [66109.5, 49270.0], [66106.5, 2760.0], [66105.0, 9240.0], [66104.5, 12470.0], [66104.0, 440.0], [66103.5, 860.0], [66103.0, 1020.0], [66102.5, 1160.0], [66102.0, 910.0], [66101.5, 3810.0], [66101.0, 24010.0], [66100.0, 2730.0], [66098.0, 8650.0], [66097.5, 29750.0], [66095.0, 4320.0], [66094.5, 74970.0], [66094.0, 24010.0]], "asks": [[66112.0, 122360.0], [66112.5, 10.0], [66113.5, 53590.0], [66117.0, 270.0], [66118.5, 490.0], [66119.0, 2080.0], [66121.0, 8680.0], [66122.0, 7170.0], [66123.0, 24010.0], [66129.5, 83250.0], [66131.0, 20860.0], [66131.5, 8660.0], [66132.0, 24010.0], [66132.5, 2590.0], [66133.5, 9240.0], [66134.0, 5000.0], [66135.5, 19510.0], [66136.0, 8650.0], [66139.0, 24010.0], [66140.0, 8660.0]]}}}
{"jsonrpc": "2.0", "method": "subscription", "params": {"channel": "book.BTC-PERPETUAL.none.20.100ms", "data": {"timestamp": 1772207775034, "change_id": 142584220498, "instrument_name": "BTC-PERPETUAL", "bids": [[66111.5, 27760.0], [66111.0, 23010.0], [66108.5, 30000.0], [66108.0, 19490.0], [66107.5, 17320.0], [66105.0, 49280.0], [66104.5, 5480.0], [66104.0, 9670.0], [66103.5, 860.0], [66103.0, 1020.0], [66102.5, 670.0], [66101.5, 3810.0], [66100.0, 2730.0], [66098.5, 490.0], [66098.0, 8650.0], [66097.5, 8460.0], [66095.0, 4320.0], [66094.0, 24010.0], [66092.5, 9170.0], [66088.5, 5000.0]], "asks": [[66112.0, 119810.0], [66112.5, 10.0], [66113.0, 16490.0], [66113.5, 53590.0], [66117.0, 270.0], [66119.0, 2080.0], [66121.0, 8680.0], [66122.0, 28640.0], [66122.5, 75000.0], [66123.0, 24010.0], [66126.0, 5750.0], [66127.0, 8250.0], [66128.5, 11000.0], [66129.5, 9240.0], [66131.0, 9860.0], [66131.5, 28160.0], [66132.0, 24010.0], [66132.5, 2590.0], [66134.0, 5000.0], [66135.5, 10.0]]}}}
{"jsonrpc": "2.0", "method": "subscription", "params": {"channel": "book.BTC-PERPETUAL.none.20.100ms", "data": {"timestamp": 1772207775366, "change_id": 142584221075, "instrument_name": "BTC-PERPETUAL", "bids": [[66111.5, 35560.0], [66108.5, 5820.0], [66108.0, 19490.0], [66107.5, 27480.0], [66106.0, 39230.0], [66105.0, 49280.0], [66104.5, 2730.0], [66104.0, 440.0], [66103.5, 860.0], [66103.0, 1020.0], [66102.5, 670.0], [66101.5, 3810.0], [66100.5, 490.0], [66100.0, 2730.0], [66098.0, 8650.0], [66097.5, 8460.0], [66095.0, 4320.0], [66094.0, 24010.0], [66093.0, 74970.0], [66092.5, 9170.0]], "asks": [[66112.0, 127800.0], [66112.5, 10.0], [66113.0, 16000.0], [66113.5, 53590.0], [66117.0, 270.0], [66120.5, 490.0], [66121.0, 2680.0], [66122.0, 28640.0], [66122.5, 75010.0], [66123.0, 24010.0], [66130.0, 8250.0], [66130.5, 20240.0], [66131.0, 9860.0], [66131.5, 8660.0], [66132.0, 24010.0], [66132.5, 2590.0], [66133.5, 19500.0], [66134.0, 5000.0], [66135.5, 10.0], [66136.0, 8650.0]]}}}
{"jsonrpc": "2.0", "method": "subscription", "params": {"channel": "book.BTC-PERPETUAL.none.20.100ms", "data": {"timestamp": 1772207775693, "change_id": 142584221577, "instrument_name": "BTC-PERPETUAL", "bids": [[66111.5, 34570.0], [66109.5, 5820.0], [66109.0, 19490.0], [66107.5, 27480.0], [66106.0, 39230.0], [66105.0, 49280.0], [66104.5, 5750.0], [66104.0, 440.0], [66103.5, 860.0], [66103.0, 12010.0], [66102.5, 670.0], [66101.5, 3810.0], [66100.5, 490.0], [66100.0, 2730.0], [66098.0, 8650.0], [66097.5, 29750.0], [66095.0, 4320.0], [66094.5, 74970.0], [66094.0, 24010.0], [66092.5, 9170.0]], "asks": [[66112.0, 117930.0], [66112.5, 10.0], [66113.5, 53590.0], [66117.0, 270.0], [66118.5, 490.0], [66119.0, 2740.0], [66119.5, 6000.0], [66121.0, 2680.0], [66122.0, 28640.0], [66122.5, 75010.0], [66123.0, 24010.0], [66130.0, 26990.0], [66130.5, 11000.0], [66131.0, 9860.0], [66131.5, 8660.0], [66132.0, 24010.0], [66132.5, 2590.0], [66133.0, 9240.0], [66133.5, 19500.0], [66134.0, 5000.0]]}}}
{"jsonrpc": "2.0", "method": "subscription", "params": {"channel": "book.BTC-PERPETUAL.none.20.100ms", "data": {"timestamp": 1772207776028, "change_id": 142584222669, "instrument_name": "BTC-PERPETUAL", "bids": [[66111.5, 102180.0], [66111.0, 17190.0], [66110.5, 38180.0], [66110.0, 30490.0], [66105.0, 410.0], [66104.5, 35570.0], [66104.0, 440.0], [66103.5, 860.0], [66103.0, 1020.0], [66102.0, 95960.0], [66101.5, 24010.0], [66100.0, 2730.0], [66098.0, 8650.0], [66097.5, 8460.0], [66095.0, 4320.0], [66094.0, 24010.0], [66092.5, 11810.0], [66086.0, 8670.0], [66083.0, 24010.0], [66080.0, 18800.0]], "asks": [[66112.0, 7970.0], [66112.5, 10.0], [66123.0, 50000.0], [66126.0, 270.0], [66127.0, 11820.0], [66128.0, 30000.0], [66128.5, 9590.0], [66129.0, 33360.0], [66129.5, 490.0], [66131.0, 8650.0], [66131.5, 8660.0], [66132.0, 99010.0], [66132.5, 3020.0], [66135.5, 1460.0], [66136.0, 8650.0], [66139.0, 2460.0], [66139.5, 8250.0], [66140.0, 8660.0], [66140.5, 24010.0], [66141.0, 11000.0]]}}}
{"jsonrpc": "2.0", "method": "subscription", "params": {"channel": "book.BTC-PERPETUAL.none.20.100ms", "data": {"timestamp": 1772207776358, "change_id": 142584223614, "instrument_name": "BTC-PERPETUAL", "bids": [[66111.5, 95120.0], [66111.0, 12640.0], [66110.5, 44170.0], [66106.5, 3300.0], [66106.0, 9450.0], [66105.0, 900.0], [66104.5, 13870.0], [66104.0, 440.0], [66103.5, 860.0], [66103.0, 1020.0], [66101.5, 24010.0], [66101.0, 21150.0], [66099.5, 30140.0], [66099.0, 21150.0], [66098.5, 74970.0], [66098.0, 8650.0], [66097.5, 8460.0], [66096.0, 5000.0], [66095.0, 4320.0], [66094.0, 24010.0]], "asks": [[66112.0, 44010.0], [66112.5, 10.0], [66119.5, 25030.0], [66120.0, 50270.0], [66120.5, 3590.0], [66121.5, 30000.0], [66124.5, 7170.0], [66125.0, 24010.0], [66126.0, 1790.0], [66126.5, 500.0], [66128.5, 6000.0], [66129.0, 33130.0], [66130.5, 8250.0], [66131.0, 83650.0], [66131.5, 8660.0], [66132.0, 24010.0], [66133.5, 2680.0], [66135.0, 39740.0], [66135.5, 1460.0], [66136.0, 8650.0]]}}}
{"jsonrpc": "2.0", "method": "subscription", "params": {"channel": "book.BTC-PERPETUAL.none.20.100ms", "data": {"timestamp": 1772207776686, "change_id": 142584224285, "instrument_name": "BTC-PERPETUAL", "bids": [[66111.5, 167540.0], [66111.0, 4230.0], [66110.5, 14170.0], [66110.0, 220.0], [66105.5, 22710.0], [66105.0, 75380.0], [66104.5, 13870.0], [66104.0, 440.0], [66103.5, 860.0], [66103.0, 1020.0], [66101.5, 24010.0], [66101.0, 21150.0], [66099.5, 14020.0], [66099.0, 21150.0], [66098.5, 20990.0], [66098.0, 8650.0], [66097.5, 8460.0], [66096.0, 5000.0], [66095.0, 4320.0], [66094.0, 24010.0]], "asks": [[66112.0, 880.0], [66112.5, 10.0], [66120.0, 270.0], [66120.5, 3590.0], [66121.5, 80000.0], [66124.5, 7170.0], [66125.0, 24010.0], [66125.5, 500.0], [66126.0, 1790.0], [66128.5, 6000.0], [66129.0, 12480.0], [66131.0, 8650.0], [66131.5, 8660.0], [66132.0, 24010.0], [66133.5, 30550.0], [66134.0, 75010.0], [66135.5, 20710.0], [66136.0, 8650.0], [66139.5, 19820.0], [66140.0, 17900.0]]}}}
{"jsonrpc": "2.0", "method": "subscription", "params": {"channel": "book.BTC-PERPETUAL.none.20.100ms", "data": {"timestamp": 1772207777018, "change_id": 142584225033, "instrument_name": "BTC-PERPETUAL", "bids": [[66111.5, 129270.0], [66111.0, 10390.0], [66110.5, 10580.0], [66110.0, 220.0], [66108.5, 24010.0], [66107.0, 490.0], [66106.5, 6820.0], [66106.0, 9230.0], [66105.0, 410.0], [66104.5, 35570.0], [66104.0, 440.0], [66103.5, 860.0], [66103.0, 1020.0], [66102.0, 74970.0], [66101.5, 24010.0], [66101.0, 21150.0], [66099.5, 8900.0], [66099.0, 21150.0], [66098.0, 8650.0], [66097.5, 8460.0]], "asks": [[66112.0, 56740.0], [66112.5, 10.0], [66119.5, 25030.0], [66120.0, 50270.0], [66120.5, 3590.0], [66121.5, 30000.0], [66124.0, 500.0], [66124.5, 7170.0], [66125.0, 24010.0], [66127.5, 1790.0], [66128.5, 6000.0], [66129.0, 12480.0], [66130.5, 83250.0], [66131.0, 8650.0], [66131.5, 8660.0], [66132.0, 24010.0], [66133.0, 11000.0], [66133.5, 2680.0], [66134.5, 9240.0], [66135.0, 19500.0]]}}}
{"jsonrpc": "2.0", "method": "subscription", "params": {"channel": "book.BTC-PERPETUAL.none.20.100ms", "data": {"timestamp": 1772207777335, "change_id": 142584225801, "instrument_name": "BTC-PERPETUAL", "bids": [[66111.5, 139210.0], [66111.0, 13980.0], [66110.5, 10580.0], [66108.5, 24010.0], [66105.5, 1100.0], [66105.0, 410.0], [66104.5, 35570.0], [66104.0, 440.0], [66103.5, 860.0], [66101.5, 98980.0], [66101.0, 21150.0], [66099.5, 8900.0], [66099.0, 21150.0], [66098.0, 8650.0], [66097.5, 15130.0], [66096.5, 20990.0], [66096.0, 5000.0], [66095.0, 4320.0], [66094.0, 24010.0], [66092.5, 9170.0]], "asks": [[66112.0, 6170.0], [66112.5, 10.0], [66120.0, 50000.0], [66120.5, 3590.0], [66121.5, 30000.0], [66124.5, 270.0], [66127.0, 500.0], [66127.5, 8730.0], [66128.5, 30010.0], [66129.0, 5170.0], [66131.0, 8650.0], [66131.5, 8660.0], [66132.5, 7100.0], [66133.5, 2680.0], [66134.5, 75000.0], [66135.0, 19250.0], [66135.5, 1460.0], [66136.0, 8650.0], [66139.0, 9240.0], [66140.0, 28160.0]]}}}
{"jsonrpc": "2.0", "method": "subscription", "params": {"channel": "book.BTC-PERPETUAL.none.20.100ms", "data": {"timestamp": 1772207777671, "change_id": 142584226317, "instrument_name": "BTC-PERPETUAL", "bids": [[66111.5, 155220.0], [66111.0, 13980.0], [66110.5, 10580.0], [66109.0, 490.0], [66108.5, 24010.0], [66105.5, 1100.0], [66105.0, 410.0], [66104.5, 35570.0], [66104.0, 440.0], [66103.5, 860.0], [66102.0, 74970.0], [66101.5, 24010.0], [66101.0, 21150.0], [66100.5, 8900.0], [66099.0, 21150.0], [66098.0, 8650.0], [66097.5, 15130.0], [66096.0, 5000.0], [66095.5, 20990.0], [66095.0, 4320.0]], "asks": [[66112.0, 210.0], [66112.5, 10.0], [66120.0, 50000.0], [66121.5, 30000.0], [66124.5, 3860.0], [66127.0, 500.0], [66127.5, 8730.0], [66128.5, 30010.0], [66129.0, 5170.0], [66131.0, 8650.0], [66131.5, 8660.0], [66132.5, 31040.0], [66133.5, 2680.0], [66134.0, 8250.0], [66134.5, 11000.0], [66135.5, 76460.0], [66136.0, 8650.0], [66139.5, 28740.0], [66140.0, 8660.0], [66140.5, 24010.0]]}}}
{"jsonrpc": "2.0", "method": "subscription", "params": {"channel": "book.BTC-PERPETUAL.none.20.100ms", "data": {"timestamp": 1772207778006, "change_id": 142584227008, "instrument_name": "BTC-PERPETUAL", "bids": [[66111.5, 80000.0], [66111.0, 21050.0], [66110.5, 10580.0], [66109.5, 49270.0], [66106.5, 3780.0], [66106.0, 9720.0], [66105.5, 1100.0], [66105.0, 410.0], [66104.5, 7400.0], [66104.0, 440.0], [66103.5, 860.0], [66101.0, 21150.0], [66100.5, 30140.0], [66100.0, 24010.0], [66099.5, 74970.0], [66099.0, 21150.0], [66098.0, 8650.0], [66097.5, 1290.0], [66095.0, 4320.0], [66092.5, 9170.0]], "asks": [[66112.0, 36330.0], [66112.5, 10.0], [66119.5, 31200.0], [66120.0, 53860.0], [66121.0, 24510.0], [66121.5, 30000.0], [66127.5, 30230.0], [66128.0, 75000.0], [66128.5, 38260.0], [66129.0, 5170.0], [66131.0, 8650.0], [66131.5, 8660.0], [66132.0, 11000.0], [66133.0, 9240.0], [66133.5, 2680.0], [66134.5, 19500.0], [66135.5, 1460.0], [66136.0, 8650.0], [66140.0, 8660.0], [66140.5, 24010.0]]}}}
{"jsonrpc": "2.0", "method": "subscription", "params": {"channel": "book.BTC-PERPETUAL.none.20.100ms", "data": {"timestamp": 1772207778338, "change_id": 142584227691, "instrument_name": "BTC-PERPETUAL", "bids": [[66111.5, 138500.0], [66111.0, 6750.0], [66110.5, 10580.0], [66108.0, 490.0], [66106.5, 220.0], [66105.5, 1100.0], [66105.0, 410.0], [66104.5, 28920.0], [66104.0, 440.0], [66103.5, 860.0], [66101.0, 96120.0], [66100.5, 14920.0], [66100.0, 24010.0], [66099.0, 21150.0], [66098.0, 8650.0], [66097.5, 8710.0], [66095.5, 20990.0], [66095.0, 4320.0], [66094.0, 5000.0], [66092.5, 9170.0]], "asks": [[66112.0, 45720.0], [66112.5, 10.0], [66119.5, 31200.0], [66120.0, 53860.0], [66121.0, 24010.0], [66121.5, 30000.0], [66127.0, 500.0], [66127.5, 11420.0], [66128.5, 30010.0], [66129.0, 26890.0], [66130.0, 75000.0], [66131.0, 8650.0], [66131.5, 8660.0], [66132.5, 8250.0], [66133.5, 13680.0], [66135.5, 1460.0], [66136.0, 8650.0], [66139.5, 28740.0], [66140.0, 8660.0], [66140.5, 24010.0]]}}}
{"jsonrpc": "2.0", "method": "subscription", "params": {"channel": "book.BTC-PERPETUAL.none.20.100ms", "data": {"timestamp": 1772207778669, "change_id": 142584228530, "instrument_name": "BTC-PERPETUAL", "bids": [[66111.5, 10990.0], [66110.5, 10580.0], [66108.0, 17980.0], [66107.0, 8240.0], [66106.0, 290.0], [66105.5, 1100.0], [66105.0, 19900.0], [66104.5, 54660.0], [66104.0, 440.0], [66101.5, 59210.0], [66101.0, 30050.0], [66099.0, 21150.0], [66098.0, 12240.0], [66097.5, 8290.0], [66095.0, 4320.0], [66094.0, 24010.0], [66093.5, 25120.0], [66093.0, 74970.0], [66092.5, 9170.0], [66088.0, 52210.0]], "asks": [[66112.0, 110640.0], [66112.5, 10.0], [66114.0, 15860.0], [66114.5, 53590.0], [66116.0, 270.0], [66119.0, 500.0], [66120.5, 8960.0], [66121.0, 24010.0], [66121.5, 6000.0], [66126.5, 51300.0], [66127.0, 94500.0], [66128.0, 11000.0], [66128.5, 24010.0], [66129.0, 5170.0], [66131.0, 8650.0], [66131.5, 8660.0], [66133.5, 2680.0], [66135.5, 1460.0], [66136.0, 8650.0], [66139.5, 5000.0]]}}}
{"jsonrpc": "2.0", "method": "subscription", "params": {"channel": "book.BTC-PERPETUAL.none.20.100ms", "data": {"timestamp": 1772207778994, "change_id": 142584229545, "instrument_name": "BTC-PERPETUAL", "bids": [[66109.0, 25270.0], [66108.5, 11000.0], [66107.0, 6560.0], [66106.5, 19490.0], [66106.0, 290.0], [66105.5, 1100.0], [66105.0, 410.0], [66104.5, 26140.0], [66104.0, 30440.0], [66103.0, 9230.0], [66102.5, 49270.0], [66101.5, 220.0], [66101.0, 1220.0], [66100.0, 490.0], [66098.0, 3590.0], [66095.0, 11490.0], [66094.0, 24010.0], [66093.5, 25120.0], [66093.0, 74970.0], [66092.5, 9170.0]], "asks": [[66109.5, 100330.0], [66110.0, 50000.0], [66111.0, 270.0], [66112.0, 10180.0], [66112.5, 10.0], [66114.5, 3590.0], [66119.5, 7170.0], [66120.0, 500.0], [66121.0, 24010.0], [66124.5, 22390.0], [66125.0, 75010.0], [66125.5, 16080.0], [66126.0, 8250.0], [66127.5, 11000.0], [66128.0, 1370.0], [66128.5, 24010.0], [66129.0, 13830.0], [66130.5, 28740.0], [66131.0, 8650.0], [66131.5, 8660.0]]}}}
{"jsonrpc": "2.0", "method": "subscription", "params": {"channel": "book.BTC-PERPETUAL.none.20.100ms", "data": {"timestamp": 1772207779329, "change_id": 142584230463, "instrument_name": "BTC-PERPETUAL", "bids": [[66109.0, 104840.0], [66108.5, 15450.0], [66106.0, 49560.0], [66105.5, 1100.0], [66105.0, 410.0], [66104.5, 700.0], [66104.0, 440.0], [66103.5, 3890.0], [66103.0, 9230.0], [66102.5, 3590.0], [66101.5, 24230.0], [66096.5, 74980.0], [66095.0, 4320.0], [66094.0, 24010.0], [66093.0, 2740.0], [66092.5, 9170.0], [66086.5, 20990.0], [66086.0, 8670.0], [66085.5, 5000.0], [66083.0, 24010.0]], "asks": [[66109.5, 36750.0], [66110.5, 50000.0], [66111.5, 140.0], [66112.0, 11170.0], [66112.5, 10.0], [66114.5, 3590.0], [66115.5, 270.0], [66119.5, 2680.0], [66120.5, 1790.0], [66121.0, 6000.0], [66122.5, 22390.0], [66125.0, 75010.0], [66125.5, 8330.0], [66127.5, 8250.0], [66128.0, 11000.0], [66129.0, 8660.0], [66130.5, 9240.0], [66131.0, 8650.0], [66135.5, 19510.0], [66136.0, 8650.0]]}}}
{"jsonrpc": "2.0", "method": "subscription", "params": {"channel": "book.BTC-PERPETUAL.none.20.100ms", "data": {"timestamp": 1772207779657, "change_id": 142584231116, "instrument_name": "BTC-PERPETUAL", "bids": [[66109.0, 163360.0], [66108.5, 1880.0], [66106.5, 3590.0], [66106.0, 510.0], [66105.5, 1100.0], [66105.0, 900.0], [66104.5, 700.0], [66104.0, 440.0], [66103.5, 6670.0], [66101.5, 24010.0], [66095.0, 33870.0], [66094.5, 74970.0], [66094.0, 24010.0], [66093.0, 2740.0], [66092.5, 9170.0], [66087.0, 10350.0], [66086.5, 20990.0], [66086.0, 8670.0], [66085.5, 5000.0], [66083.0, 24010.0]], "asks": [[66109.5, 58740.0], [66111.5, 140.0], [66112.0, 190.0], [66112.5, 10.0], [66118.5, 490.0], [66119.0, 3590.0], [66119.5, 35750.0], [66120.0, 30270.0], [66120.5, 24010.0], [66121.0, 6000.0], [66121.5, 50000.0], [66125.5, 33130.0], [66128.5, 75000.0], [66129.0, 32670.0], [66130.0, 7680.0], [66130.5, 19250.0], [66131.0, 8650.0], [66135.5, 28750.0], [66136.0, 8650.0], [66137.5, 500.0]]}}}
{"jsonrpc": "2.0", "method": "subscription", "params": {"channel": "book.BTC-PERPETUAL.none.20.100ms", "data": {"timestamp": 1772207779985, "change_id": 142584231709, "instrument_name": "BTC-PERPETUAL", "bids": [[66109.0, 163360.0], [66108.5, 1880.0], [66107.0, 490.0], [66106.5, 3590.0], [66106.0, 510.0], [66105.5, 1100.0], [66105.0, 410.0], [66104.5, 700.0], [66104.0, 440.0], [66103.5, 6670.0], [66101.5, 24010.0], [66097.0, 30840.0], [66096.5, 74970.0], [66095.0, 4320.0], [66094.0, 24010.0], [66093.0, 23730.0], [66092.5, 9170.0], [66086.0, 8670.0], [66085.5, 5000.0], [66083.0, 24010.0]], "asks": [[66109.5, 1180.0], [66111.5, 140.0], [66112.0, 190.0], [66112.5, 10.0], [66119.5, 35750.0], [66120.0, 30270.0], [66121.0, 30510.0], [66121.5, 50000.0], [66122.5, 1070.0], [66123.0, 3590.0], [66125.5, 33130.0], [66128.5, 75000.0], [66129.0, 35250.0], [66131.0, 8650.0], [66133.0, 1460.0], [66135.0, 19250.0], [66135.5, 9250.0], [66136.0, 8650.0], [66137.5, 500.0], [66139.5, 19500.0]]}}}
{"jsonrpc": "2.0", "method": "subscription", "params": {"channel": "book.BTC-PERPETUAL.none.20.100ms", "data": {"timestamp": 1772207780320, "change_id": 142584232785, "instrument_name": "BTC-PERPETUAL", "bids": [[66109.0, 154520.0], [66108.5, 4570.0], [66106.5, 3590.0], [66106.0, 290.0], [66105.5, 1100.0], [66105.0, 9640.0], [66104.5, 700.0], [66104.0, 930.0], [66103.5, 6670.0], [66101.5, 24010.0], [66097.5, 30840.0], [66097.0, 74970.0], [66095.0, 4320.0], [66094.0, 24010.0], [66093.0, 2740.0], [66092.5, 9170.0], [66087.5, 51140.0], [66086.5, 20990.0], [66086.0, 8670.0], [66083.0, 24010.0]], "asks": [[66109.5, 36510.0], [66112.5, 10.0], [66119.0, 4090.0], [66119.5, 50000.0], [66120.0, 30000.0], [66120.5, 270.0], [66125.0, 24010.0], [66128.0, 8250.0], [66128.5, 81000.0], [66129.0, 8660.0], [66129.5, 5870.0], [66130.0, 11000.0], [66131.0, 8650.0], [66131.5, 2680.0], [66132.0, 9240.0], [66132.5, 10190.0], [66133.0, 25470.0], [66135.0, 19500.0], [66135.5, 10.0], [66136.0, 8650.0]]}}}
{"jsonrpc": "2.0", "method": "subscription", "params": {"channel": "book.BTC-PERPETUAL.none.20.100ms", "data": {"timestamp": 1772207780650, "change_id": 142584233402, "instrument_name": "BTC-PERPETUAL", "bids": [[66109.0, 154370.0], [66108.5, 4570.0], [66107.0, 9720.0], [66106.5, 3590.0], [66106.0, 290.0], [66105.5, 1100.0], [66105.0, 410.0], [66104.5, 700.0], [66104.0, 660.0], [66103.5, 6670.0], [66101.5, 24010.0], [66100.5, 28690.0], [66099.5, 74970.0], [66099.0, 21150.0], [66095.5, 13460.0], [66095.0, 4320.0], [66094.0, 24010.0], [66093.0, 23730.0], [66092.5, 9170.0], [66088.0, 15270.0]], "asks": [[66109.5, 36430.0], [66112.5, 10.0], [66115.5, 270.0], [66116.0, 50000.0], [66119.0, 3590.0], [66120.0, 30000.0], [66124.5, 500.0], [66125.0, 24010.0], [66128.0, 75000.0], [66128.5, 14250.0], [66129.0, 8660.0], [66129.5, 5870.0], [66131.0, 8650.0], [66131.5, 13680.0], [66132.5, 10190.0], [66133.0, 25470.0], [66135.5, 28750.0], [66136.0, 8650.0], [66137.5, 500.0], [66140.0, 32670.0]]}}}
