{"jsonrpc": "2.0", "id": 1, "result": ["book.BTC-PERPETUAL.none.20.100ms"], "usIn": 1764516204916314, "usOut": 1764516204916615, "usDiff": 301, "testnet": false}
{"jsonrpc": "2.0", "method": "subscription", "params": {"channel": "book.BTC-PERPETUAL.none.20.100ms", "data": {"timestamp": 1764516204911, "change_id": 129748180472, "instrument_name": "BTC-PERPETUAL", "bids": [[91553.0, 193430.0], [91552.5, 30640.0], [91548.5, 79990.0], [91548.0, 25990.0], [91547.5, 13680.0], [91547.0, 36610.0], [91543.5, 69380.0], [91543.0, 45230.0], [91542.5, 2600.0], [91542.0, 36610.0], [91541.5, 96470.0], [91540.0, 36000.0], [91539.0, 35820.0], [91538.5, 45000.0], [91536.0, 2360.0], [91535.5, 5000.0], [91534.5, 61580.0], [91534.0, 18090.0], [91531.5, 20990.0], [91530.5, 36000.0]], "asks": [[91553.5, 16990.0], [91555.0, 40000.0], [91562.5, 30.0], [91569.0, 7590.0], [91570.0, 5980.0], [91570.5, 30750.0], [91571.0, 36000.0], [91577.5, 500.0], [91578.0, 7370.0], [91579.0, 6800.0], [91579.5, 27140.0], [91580.0, 57570.0], [91580.5, 36000.0], [91582.0, 53930.0], [91583.0, 37000.0], [91583.5, 80020.0], [91584.0, 28600.0], [91584.5, 61610.0], [91585.0, 5000.0], [91587.5, 300.0]]}}}
{"jsonrpc": "2.0", "method": "subscription", "params": {"channel": "book.BTC-PERPETUAL.none.20.100ms", "data": {"timestamp": 1764516205237, "change_id": 129748180768, "instrument_name": "BTC-PERPETUAL", "bids": [[91553.0, 224040.0], [91548.5, 23880.0], [91548.0, 79990.0], [91547.5, 22910.0], [91547.0, 36610.0], [91544.0, 25000.0], [91543.5, 60150.0], [91543.0, 20230.0], [91542.5, 2600.0], [91542.0, 36610.0], [91541.5, 96470.0], [91540.0, 36000.0], [91539.0, 77210.0], [91538.5, 45000.0], [91536.0, 2360.0], [91535.5, 5000.0], [91534.0, 18090.0], [91531.5, 20990.0], [91530.5, 36000.0], [91530.0, 9150.0]], "asks": [[91553.5, 16990.0], [91555.0, 40000.0], [91562.5, 30.0], [91569.0, 7590.0], [91570.0, 5980.0], [91570.5, 30750.0], [91571.0, 36000.0], [91577.5, 500.0], [91578.0, 7370.0], [91579.0, 6800.0], [91579.5, 17900.0], [91580.0, 57570.0], [91580.5, 36000.0], [91581.5, 9240.0], [91582.0, 53930.0], [91583.5, 80020.0], [91584.0, 28600.0], [91584.5, 37000.0], [91585.0, 5000.0], [91587.5, 61910.0]]}}}
{"jsonrpc": "2.0", "method": "subscription", "params": {"channel": "book.BTC-PERPETUAL.none.20.100ms", "data": {"timestamp": 1764516205571, "change_id": 129748180931, "instrument_name": "BTC-PERPETUAL", "bids": [[91553.0, 222780.0], [91550.5, 23880.0], [91550.0, 79990.0], [91547.5, 28630.0], [91547.0, 36610.0], [91544.0, 25000.0], [91543.5, 60150.0], [91543.0, 20230.0], [91542.5, 2600.0], [91542.0, 36610.0], [91540.0, 36000.0], [91539.0, 77210.0], [91538.5, 45000.0], [91536.0, 23350.0], [91535.5, 5000.0], [91534.0, 12950.0], [91530.5, 36000.0], [91530.0, 9150.0], [91529.5, 6830.0], [91525.5, 17890.0]], "asks": [[91553.5, 16990.0], [91555.0, 40000.0], [91562.5, 30.0], [91569.0, 7590.0], [91570.0, 5980.0], [91570.5, 30750.0], [91571.0, 36000.0], [91577.5, 500.0], [91578.0, 7370.0], [91579.0, 6800.0], [91579.5, 17900.0], [91580.0, 57570.0], [91580.5, 36000.0], [91581.5, 9240.0], [91582.0, 53930.0], [91583.5, 80020.0], [91584.0, 39600.0], [91584.5, 26000.0], [91585.0, 5000.0], [91587.5, 61910.0]]}}}
{"jsonrpc": "2.0", "method": "subscription", "params": {"channel": "book.BTC-PERPETUAL.none.20.100ms", "data": {"timestamp": 1764516205889, "change_id": 129748181434, "instrument_name": "BTC-PERPETUAL", "bids": [[91553.0, 169020.0], [91552.5, 23880.0], [91552.0, 79990.0], [91547.5, 28630.0], [91547.0, 36610.0], [91544.0, 25000.0], [91543.5, 60150.0], [91543.0, 20230.0], [91542.5, 2600.0], [91542.0, 36610.0], [91540.0, 36000.0], [91539.0, 77210.0], [91538.5, 45000.0], [91536.0, 23350.0], [91535.5, 5000.0], [91534.0, 12950.0], [91530.5, 36000.0], [91530.0, 9150.0], [91529.5, 6830.0], [91525.5, 17890.0]], "asks": [[91553.5, 16990.0], [91555.0, 40000.0], [91562.5, 30.0], [91569.0, 7590.0], [91570.0, 5980.0], [91570.5, 30750.0], [91571.0, 36000.0], [91577.5, 500.0], [91578.0, 7370.0], [91579.0, 6800.0], [91579.5, 17900.0], [91580.0, 57570.0], [91580.5, 36000.0], [91581.5, 9240.0], [91582.0, 53930.0], [91583.5, 80020.0], [91584.0, 39600.0], [91584.5, 26000.0], [91585.0, 5000.0], [91587.5, 61910.0]]}}}
{"jsonrpc": "2.0", "method": "subscription", "params": {"channel": "book.BTC-PERPETUAL.none.20.100ms", "data": {"timestamp": 1764516206210, "change_id": 129748181816, "instrument_name": "BTC-PERPETUAL", "bids": [[91553.0, 171070.0], [91552.5, 23880.0], [91548.5, 79990.0], [91547.5, 13680.0], [91547.0, 36610.0], [91544.5, 9230.0], [91543.5, 35950.0], [91543.0, 20230.0], [91542.5, 2600.0], [91542.0, 36610.0], [91540.5, 25000.0], [91540.0, 36000.0], [91539.0, 38280.0], [91538.5, 45000.0], [91536.5, 61580.0], [91536.0, 2360.0], [91535.5, 5000.0], [91534.0, 18090.0], [91531.0, 20990.0], [91530.5, 36000.0]], "asks": [[91553.5, 16990.0], [91555.0, 40000.0], [91561.5, 10000.0], [91562.5, 30.0], [91569.0, 7590.0], [91570.0, 5980.0], [91570.5, 30750.0], [91571.0, 36000.0], [91577.5, 500.0], [91578.0, 7370.0], [91579.0, 6800.0], [91579.5, 17900.0], [91580.0, 42130.0], [91580.5, 36000.0], [91581.5, 80020.0], [91582.0, 53930.0], [91583.0, 26000.0], [91584.0, 11000.0], [91585.0, 5000.0], [91587.5, 61910.0]]}}}
{"jsonrpc": "2.0", "method": "subscription", "params": {"channel": "book.BTC-PERPETUAL.none.20.100ms", "data": {"timestamp": 1764516206561, "change_id": 129748182044, "instrument_name": "BTC-PERPETUAL", "bids": [[91553.0, 167850.0], [91552.5, 23880.0], [91548.0, 79990.0], [91547.5, 13680.0], [91547.0, 36610.0], [91544.5, 9230.0], [91543.5, 60580.0], [91543.0, 45230.0], [91542.5, 2600.0], [91542.0, 36610.0], [91541.5, 97890.0], [91540.0, 36000.0], [91539.0, 38280.0], [91538.5, 45000.0], [91536.5, 61580.0], [91536.0, 2360.0], [91535.5, 5000.0], [91534.0, 18090.0], [91531.0, 20990.0], [91530.5, 36000.0]], "asks": [[91553.5, 16990.0], [91555.0, 40000.0], [91562.5, 30.0], [91569.0, 7590.0], [91570.0, 5980.0], [91570.5, 30750.0], [91571.0, 36000.0], [91577.5, 500.0], [91578.0, 7370.0], [91579.0, 6800.0], [91579.5, 17900.0], [91580.0, 32890.0], [91580.5, 116020.0], [91581.0, 9240.0], [91582.0, 53930.0], [91583.0, 26000.0], [91584.0, 11000.0], [91585.0, 5000.0], [91587.5, 61910.0], [91588.5, 17910.0]]}}}
{"jsonrpc": "2.0", "method": "subscription", "params": {"channel": "book.BTC-PERPETUAL.none.20.100ms", "data": {"timestamp": 1764516206894, "change_id": 129748182639, "instrument_name": "BTC-PERPETUAL", "bids": [[91553.0, 165100.0], [91552.5, 23880.0], [91548.0, 79990.0], [91547.5, 13680.0], [91547.0, 36610.0], [91544.0, 9230.0], [91543.5, 60580.0], [91543.0, 20230.0], [91542.5, 2600.0], [91542.0, 36610.0], [91541.5, 97890.0], [91540.5, 25000.0], [91540.0, 36000.0], [91539.0, 32010.0], [91538.5, 45000.0], [91536.5, 61580.0], [91536.0, 2360.0], [91535.5, 5000.0], [91534.0, 18090.0], [91531.0, 20990.0]], "asks": [[91553.5, 42040.0], [91555.0, 40000.0], [91556.5, 10000.0], [91562.5, 30.0], [91569.0, 7590.0], [91570.0, 5980.0], [91570.5, 30750.0], [91571.0, 36000.0], [91577.5, 500.0], [91578.0, 7370.0], [91579.0, 6800.0], [91579.5, 71390.0], [91580.0, 80020.0], [91580.5, 36000.0], [91581.0, 9240.0], [91582.0, 53930.0], [91584.5, 37000.0], [91585.0, 5000.0], [91587.5, 300.0], [91588.0, 61610.0]]}}}
{"jsonrpc": "2.0", "method": "subscription", "params": {"channel": "book.BTC-PERPETUAL.none.20.100ms", "data": {"timestamp": 1764516207211, "change_id": 129748183101, "instrument_name": "BTC-PERPETUAL", "bids": [[91553.0, 134860.0], [91548.0, 34810.0], [91547.5, 105980.0], [91547.0, 36610.0], [91543.5, 60580.0], [91543.0, 20230.0], [91542.0, 36610.0], [91541.5, 97890.0], [91541.0, 9230.0], [91540.5, 25000.0], [91540.0, 36000.0], [91539.0, 18400.0], [91538.5, 45000.0], [91536.0, 2360.0], [91535.5, 5000.0], [91534.0, 35810.0], [91531.5, 61580.0], [91530.5, 36000.0], [91530.0, 9150.0], [91529.5, 6830.0]], "asks": [[91553.5, 42040.0], [91555.0, 40000.0], [91562.5, 30.0], [91563.0, 20000.0], [91563.5, 2270.0], [91564.5, 7590.0], [91570.0, 10.0], [91570.5, 10750.0], [91571.0, 42800.0], [91577.0, 65900.0], [91577.5, 500.0], [91578.0, 80020.0], [91578.5, 9240.0], [91579.5, 17900.0], [91580.5, 36000.0], [91581.5, 72610.0], [91582.0, 53930.0], [91584.0, 11000.0], [91585.0, 5000.0], [91587.5, 300.0]]}}}
{"jsonrpc": "2.0", "method": "subscription", "params": {"channel": "book.BTC-PERPETUAL.none.20.100ms", "data": {"timestamp": 1764516207558, "change_id": 129748183250, "instrument_name": "BTC-PERPETUAL", "bids": [[91553.0, 132230.0], [91548.0, 34810.0], [91547.5, 79990.0], [91547.0, 36610.0], [91544.0, 25990.0], [91543.5, 60580.0], [91543.0, 20230.0], [91542.0, 36610.0], [91541.5, 97890.0], [91540.0, 36000.0], [91539.5, 9230.0], [91539.0, 18400.0], [91538.5, 45000.0], [91536.0, 2360.0], [91535.5, 30000.0], [91534.0, 35810.0], [91532.0, 2600.0], [91531.5, 61580.0], [91530.5, 36000.0], [91530.0, 9150.0]], "asks": [[91553.5, 42040.0], [91555.0, 40000.0], [91562.5, 6000.0], [91563.0, 20000.0], [91564.5, 7590.0], [91570.0, 10.0], [91570.5, 10750.0], [91571.0, 42800.0], [91576.0, 9240.0], [91576.5, 500.0], [91577.0, 39900.0], [91577.5, 80220.0], [91578.0, 26000.0], [91579.5, 17900.0], [91580.0, 51800.0], [91580.5, 36000.0], [91581.0, 11000.0], [91581.5, 61610.0], [91582.0, 53930.0], [91584.0, 11000.0]]}}}
{"jsonrpc": "2.0", "method": "subscription", "params": {"channel": "book.BTC-PERPETUAL.none.20.100ms", "data": {"timestamp": 1764516207879, "change_id": 129748183691, "instrument_name": "BTC-PERPETUAL", "bids": [[91553.0, 131370.0], [91549.0, 11040.0], [91548.5, 37000.0], [91548.0, 42560.0], [91547.5, 79990.0], [91547.0, 36610.0], [91544.0, 25990.0], [91543.5, 35950.0], [91543.0, 20230.0], [91542.0, 36610.0], [91540.0, 36000.0], [91539.5, 9230.0], [91539.0, 18400.0], [91538.5, 45000.0], [91536.0, 2360.0], [91535.5, 30000.0], [91534.0, 35810.0], [91532.0, 2600.0], [91531.5, 61580.0], [91530.5, 36000.0]], "asks": [[91553.5, 42040.0], [91555.0, 40000.0], [91557.0, 10000.0], [91562.5, 8270.0], [91563.0, 20000.0], [91564.5, 7590.0], [91570.0, 10.0], [91570.5, 10750.0], [91571.0, 42800.0], [91575.5, 500.0], [91576.0, 9240.0], [91577.0, 39900.0], [91577.5, 200.0], [91578.0, 26000.0], [91579.0, 80020.0], [91579.5, 17900.0], [91580.0, 51800.0], [91580.5, 36000.0], [91581.0, 11000.0], [91581.5, 61610.0]]}}}
{"jsonrpc": "2.0", "method": "subscription", "params": {"channel": "book.BTC-PERPETUAL.none.20.100ms", "data": {"timestamp": 1764516208215, "change_id": 129748184128, "instrument_name": "BTC-PERPETUAL", "bids": [[91553.0, 132280.0], [91549.5, 50.0], [91549.0, 11040.0], [91548.5, 37000.0], [91548.0, 40170.0], [91547.5, 25990.0], [91547.0, 36610.0], [91544.5, 79990.0], [91543.5, 35950.0], [91543.0, 20230.0], [91542.0, 36610.0], [91540.0, 36000.0], [91539.5, 9230.0], [91539.0, 18400.0], [91538.5, 45000.0], [91536.5, 25000.0], [91536.0, 2360.0], [91535.5, 5000.0], [91534.0, 35810.0], [91532.0, 2600.0]], "asks": [[91553.5, 42040.0], [91555.0, 40000.0], [91557.0, 10000.0], [91561.0, 20000.0], [91561.5, 2270.0], [91562.5, 30.0], [91564.5, 7590.0], [91570.0, 510.0], [91570.5, 10750.0], [91571.0, 42800.0], [91575.0, 39810.0], [91575.5, 80020.0], [91576.0, 9240.0], [91577.5, 200.0], [91578.0, 26000.0], [91579.5, 17900.0], [91580.0, 51800.0], [91580.5, 36000.0], [91581.0, 11000.0], [91581.5, 61610.0]]}}}
{"jsonrpc": "2.0", "method": "subscription", "params": {"channel": "book.BTC-PERPETUAL.none.20.100ms", "data": {"timestamp": 1764516208549, "change_id": 129748184271, "instrument_name": "BTC-PERPETUAL", "bids": [[91553.0, 132270.0], [91549.5, 50.0], [91549.0, 11040.0], [91548.5, 37000.0], [91548.0, 40170.0], [91547.5, 25990.0], [91547.0, 36610.0], [91544.0, 79990.0], [91543.5, 35950.0], [91543.0, 20230.0], [91542.0, 36610.0], [91540.0, 36000.0], [91539.5, 9230.0], [91539.0, 18400.0], [91538.5, 45000.0], [91536.5, 25000.0], [91536.0, 2360.0], [91535.5, 5000.0], [91534.0, 35810.0], [91532.0, 2600.0]], "asks": [[91553.5, 42040.0], [91555.0, 40000.0], [91560.5, 5970.0], [91561.0, 20000.0], [91561.5, 2270.0], [91562.5, 30.0], [91564.5, 7590.0], [91570.0, 510.0], [91570.5, 10750.0], [91571.0, 42800.0], [91575.0, 39810.0], [91575.5, 80020.0], [91576.0, 9240.0], [91577.5, 200.0], [91579.0, 26000.0], [91579.5, 17900.0], [91580.0, 51800.0], [91580.5, 36000.0], [91581.5, 72610.0], [91582.0, 53930.0]]}}}
{"jsonrpc": "2.0", "method": "subscription", "params": {"channel": "book.BTC-PERPETUAL.none.20.100ms", "data": {"timestamp": 1764516208878, "change_id": 129748184933, "instrument_name": "BTC-PERPETUAL", "bids": [[91553.0, 123660.0], [91550.0, 7590.0], [91549.0, 5190.0], [91548.5, 17400.0], [91548.0, 10940.0], [91547.0, 36610.0], [91544.0, 50.0], [91543.5, 55590.0], [91543.0, 20230.0], [91542.0, 36610.0], [91540.0, 61990.0], [91539.0, 123230.0], [91538.5, 45000.0], [91536.0, 97280.0], [91535.0, 9230.0], [91534.5, 21720.0], [91534.0, 25000.0], [91532.0, 2600.0], [91530.5, 36000.0], [91530.0, 9150.0]], "asks": [[91553.5, 83730.0], [91555.0, 40000.0], [91556.5, 20000.0], [91562.5, 30.0], [91569.0, 33240.0], [91569.5, 9740.0], [91570.0, 80020.0], [91570.5, 41250.0], [91571.0, 42800.0], [91574.0, 45000.0], [91574.5, 87610.0], [91575.0, 8690.0], [91577.5, 200.0], [91578.5, 22000.0], [91579.5, 17900.0], [91580.5, 36000.0], [91582.0, 8930.0], [91584.5, 6870.0], [91587.5, 100.0], [91588.5, 17910.0]]}}}
{"jsonrpc": "2.0", "method": "subscription", "params": {"channel": "book.BTC-PERPETUAL.none.20.100ms", "data": {"timestamp": 1764516209201, "change_id": 129748185417, "instrument_name": "BTC-PERPETUAL", "bids": [[91553.0, 123660.0], [91550.0, 7590.0], [91549.0, 5190.0], [91548.5, 17400.0], [91548.0, 10940.0], [91547.0, 36610.0], [91544.0, 50.0], [91543.5, 55590.0], [91543.0, 20230.0], [91542.0, 36610.0], [91540.5, 105980.0], [91540.0, 36000.0], [91539.0, 43240.0], [91538.5, 45000.0], [91536.0, 97280.0], [91535.0, 9230.0], [91534.5, 21720.0], [91534.0, 25000.0], [91532.0, 2600.0], [91530.5, 36000.0]], "asks": [[91553.5, 83780.0], [91555.0, 40000.0], [91556.5, 20000.0], [91560.0, 7590.0], [91562.5, 30.0], [91568.5, 500.0], [91569.0, 2910.0], [91569.5, 9240.0], [91570.0, 10.0], [91570.5, 70970.0], [91571.0, 42800.0], [91573.5, 80020.0], [91574.0, 45000.0], [91574.5, 87610.0], [91575.0, 12350.0], [91577.5, 200.0], [91578.5, 22000.0], [91579.0, 5000.0], [91579.5, 17900.0], [91580.5, 36000.0]]}}}
{"jsonrpc": "2.0", "method": "subscription", "params": {"channel": "book.BTC-PERPETUAL.none.20.100ms", "data": {"timestamp": 1764516209540, "change_id": 129748185552, "instrument_name": "BTC-PERPETUAL", "bids": [[91553.0, 123700.0], [91550.0, 7590.0], [91549.0, 5190.0], [91548.5, 17400.0], [91548.0, 10940.0], [91547.0, 36610.0], [91544.0, 50.0], [91543.5, 55590.0], [91543.0, 20230.0], [91542.0, 36610.0], [91541.0, 79990.0], [91540.5, 25990.0], [91540.0, 36000.0], [91539.0, 43240.0], [91538.5, 45000.0], [91536.0, 97280.0], [91535.0, 9230.0], [91534.5, 39250.0], [91532.0, 2600.0], [91530.5, 36000.0]], "asks": [[91553.5, 83730.0], [91555.0, 40000.0], [91556.5, 20000.0], [91560.0, 7590.0], [91562.5, 30.0], [91568.5, 500.0], [91569.0, 2910.0], [91569.5, 9240.0], [91570.0, 10.0], [91570.5, 70970.0], [91571.0, 42800.0], [91573.5, 80020.0], [91574.0, 45000.0], [91574.5, 87610.0], [91575.0, 12350.0], [91577.5, 200.0], [91578.5, 22000.0], [91579.0, 5000.0], [91579.5, 17900.0], [91580.5, 36000.0]]}}}
{"jsonrpc": "2.0", "method": "subscription", "params": {"channel": "book.BTC-PERPETUAL.none.20.100ms", "data": {"timestamp": 1764516209820, "change_id": 129748185982, "instrument_name": "BTC-PERPETUAL", "bids": [[91553.0, 123680.0], [91550.5, 2270.0], [91550.0, 7590.0], [91548.0, 10940.0], [91547.0, 36610.0], [91544.0, 50.0], [91543.5, 55590.0], [91543.0, 20230.0], [91542.0, 36610.0], [91541.0, 79990.0], [91540.5, 25990.0], [91540.0, 36000.0], [91539.0, 43240.0], [91538.5, 45000.0], [91536.0, 97280.0], [91535.0, 9230.0], [91534.5, 39250.0], [91532.0, 2600.0], [91530.5, 36000.0], [91530.0, 9150.0]], "asks": [[91553.5, 107130.0], [91554.5, 20200.0], [91555.0, 40000.0], [91556.5, 20000.0], [91560.0, 7590.0], [91562.5, 30.0], [91568.5, 500.0], [91569.0, 2910.0], [91569.5, 9240.0], [91570.0, 10.0], [91570.5, 70970.0], [91571.0, 42800.0], [91573.5, 80020.0], [91574.0, 45000.0], [91574.5, 87610.0], [91575.0, 12350.0], [91577.5, 200.0], [91578.5, 22000.0], [91579.0, 5000.0], [91579.5, 17900.0]]}}}
{"jsonrpc": "2.0", "method": "subscription", "params": {"channel": "book.BTC-PERPETUAL.none.20.100ms", "data": {"timestamp": 1764516210193, "change_id": 129748186392, "instrument_name": "BTC-PERPETUAL", "bids": [[91553.0, 123670.0], [91550.5, 2270.0], [91550.0, 7590.0], [91548.0, 10940.0], [91547.0, 36610.0], [91544.0, 50.0], [91543.5, 55590.0], [91543.0, 20230.0], [91542.5, 25990.0], [91542.0, 36610.0], [91540.5, 79990.0], [91540.0, 36000.0], [91539.0, 43240.0], [91538.5, 45000.0], [91536.0, 97280.0], [91535.0, 9230.0], [91534.5, 39250.0], [91532.0, 2600.0], [91530.5, 36000.0], [91530.0, 9150.0]], "asks": [[91553.5, 107130.0], [91555.0, 40000.0], [91556.0, 20000.0], [91560.0, 7590.0], [91562.5, 30.0], [91568.5, 500.0], [91569.0, 2910.0], [91569.5, 9240.0], [91570.0, 10.0], [91570.5, 70970.0], [91571.0, 42800.0], [91573.5, 80020.0], [91574.0, 45000.0], [91574.5, 87610.0], [91575.0, 12350.0], [91577.5, 200.0], [91578.5, 22000.0], [91579.0, 5000.0], [91579.5, 17900.0], [91580.5, 36000.0]]}}}
{"jsonrpc": "2.0", "method": "subscription", "params": {"channel": "book.BTC-PERPETUAL.none.20.100ms", "data": {"timestamp": 1764516210497, "change_id": 129748186549, "instrument_name": "BTC-PERPETUAL", "bids": [[91553.0, 123730.0], [91550.5, 2270.0], [91550.0, 7590.0], [91548.0, 10940.0], [91547.0, 36610.0], [91544.0, 50.0], [91543.5, 55580.0], [91543.0, 20230.0], [91542.0, 36610.0], [91541.5, 79990.0], [91541.0, 25990.0], [91540.0, 36000.0], [91539.0, 25130.0], [91538.5, 45000.0], [91536.0, 2360.0], [91535.0, 9230.0], [91534.5, 39250.0], [91532.0, 2600.0], [91530.5, 36000.0], [91530.0, 9150.0]], "asks": [[91553.5, 93730.0], [91555.0, 40000.0], [91556.0, 20000.0], [91560.0, 7590.0], [91562.5, 30.0], [91568.5, 500.0], [91569.0, 2910.0], [91569.5, 9240.0], [91570.0, 10.0], [91570.5, 70970.0], [91571.0, 42800.0], [91573.5, 80020.0], [91574.0, 45000.0], [91574.5, 87610.0], [91575.0, 13460.0], [91577.5, 200.0], [91578.5, 22000.0], [91579.0, 5000.0], [91579.5, 17900.0], [91580.5, 36000.0]]}}}
{"jsonrpc": "2.0", "method": "subscription", "params": {"channel": "book.BTC-PERPETUAL.none.20.100ms", "data": {"timestamp": 1764516210864, "change_id": 129748187005, "instrument_name": "BTC-PERPETUAL", "bids": [[91553.0, 123740.0], [91550.5, 7920.0], [91550.0, 7590.0], [91548.5, 19900.0], [91548.0, 10940.0], [91547.0, 36610.0], [91544.0, 50.0], [91543.5, 55580.0], [91543.0, 20230.0], [91542.0, 36610.0], [91541.5, 79990.0], [91541.0, 25990.0], [91540.0, 36000.0], [91539.0, 25130.0], [91538.5, 45000.0], [91536.0, 2360.0], [91535.0, 9230.0], [91534.5, 19890.0], [91532.0, 2600.0], [91531.0, 25000.0]], "asks": [[91553.5, 93730.0], [91555.0, 40000.0], [91555.5, 20000.0], [91560.0, 7590.0], [91562.5, 30.0], [91568.5, 500.0], [91569.0, 2910.0], [91569.5, 9240.0], [91570.0, 10.0], [91570.5, 70970.0], [91571.0, 42800.0], [91573.5, 80020.0], [91574.0, 45000.0], [91574.5, 87610.0], [91575.0, 13460.0], [91577.5, 200.0], [91578.5, 22000.0], [91579.0, 5000.0], [91579.5, 17900.0], [91580.0, 13410.0]]}}}
{"jsonrpc": "2.0", "method": "subscription", "params": {"channel": "book.BTC-PERPETUAL.none.20.100ms", "data": {"timestamp": 1764516211195, "change_id": 129748187725, "instrument_name": "BTC-PERPETUAL", "bids": [[91553.0, 152010.0], [91550.5, 31030.0], [91550.0, 7590.0], [91549.0, 79990.0], [91548.5, 19900.0], [91548.0, 10940.0], [91547.5, 9230.0], [91547.0, 36610.0], [91543.5, 35950.0], [91543.0, 20230.0], [91542.0, 36610.0], [91540.0, 36000.0], [91539.5, 61580.0], [91539.0, 14140.0], [91538.5, 45000.0], [91536.0, 2360.0], [91535.5, 20990.0], [91534.5, 27980.0], [91532.5, 25000.0], [91532.0, 2600.0]], "asks": [[91553.5, 58680.0], [91555.0, 40000.0], [91555.5, 20000.0], [91562.5, 30.0], [91563.5, 2270.0], [91564.0, 7590.0], [91570.0, 10.0], [91575.0, 6900.0], [91578.0, 500.0], [91579.0, 6800.0], [91579.5, 55790.0], [91580.5, 36000.0], [91582.0, 8930.0], [91582.5, 80020.0], [91583.0, 45000.0], [91584.0, 9240.0], [91587.5, 100.0], [91588.0, 98610.0], [91588.5, 17910.0], [91592.0, 6010.0]]}}}
{"jsonrpc": "2.0", "method": "subscription", "params": {"channel": "book.BTC-PERPETUAL.none.20.100ms", "data": {"timestamp": 1764516211520, "change_id": 129748187946, "instrument_name": "BTC-PERPETUAL", "bids": [[91553.0, 174320.0], [91551.5, 32080.0], [91550.0, 7590.0], [91549.0, 79990.0], [91548.5, 19900.0], [91548.0, 10940.0], [91547.5, 9230.0], [91547.0, 36610.0], [91543.5, 77120.0], [91543.0, 45230.0], [91542.0, 36610.0], [91540.0, 36000.0], [91539.5, 61580.0], [91539.0, 114440.0], [91538.5, 45000.0], [91536.0, 2360.0], [91535.5, 20990.0], [91535.0, 5000.0], [91534.5, 14250.0], [91532.0, 2600.0]], "asks": [[91553.5, 58680.0], [91555.0, 40000.0], [91555.5, 20000.0], [91562.5, 30.0], [91563.5, 2270.0], [91564.0, 7590.0], [91570.0, 10.0], [91570.5, 10900.0], [91571.0, 36000.0], [91574.5, 500.0], [91575.0, 6900.0], [91579.0, 6800.0], [91579.5, 55790.0], [91580.5, 36000.0], [91581.0, 85020.0], [91581.5, 9240.0], [91582.0, 8930.0], [91583.0, 45000.0], [91584.5, 200.0], [91587.5, 26100.0]]}}}
{"jsonrpc": "2.0", "method": "subscription", "params": {"channel": "book.BTC-PERPETUAL.none.20.100ms", "data": {"timestamp": 1764516211856, "change_id": 129748188431, "instrument_name": "BTC-PERPETUAL", "bids": [[91553.0, 202140.0], [91551.5, 32080.0], [91550.0, 7590.0], [91548.5, 79990.0], [91548.0, 10940.0], [91547.5, 9230.0], [91547.0, 36610.0], [91543.5, 77120.0], [91543.0, 45230.0], [91542.0, 36610.0], [91540.0, 36000.0], [91539.5, 61580.0], [91539.0, 114440.0], [91538.5, 45000.0], [91536.0, 2360.0], [91535.5, 20990.0], [91535.0, 5000.0], [91534.5, 14250.0], [91532.0, 2600.0], [91530.5, 36000.0]], "asks": [[91553.5, 58680.0], [91555.0, 40000.0], [91555.5, 20000.0], [91561.5, 4970.0], [91562.5, 30.0], [91563.5, 10000.0], [91564.0, 7590.0], [91570.0, 10.0], [91570.5, 10900.0], [91571.0, 36000.0], [91574.5, 500.0], [91575.0, 6900.0], [91579.0, 6800.0], [91579.5, 55790.0], [91580.5, 36000.0], [91581.0, 5000.0], [91581.5, 89260.0], [91582.0, 8930.0], [91583.0, 45000.0], [91584.5, 200.0]]}}}
{"jsonrpc": "2.0", "method": "subscription", "params": {"channel": "book.BTC-PERPETUAL.none.20.100ms", "data": {"timestamp": 1764516212180, "change_id": 129748188887, "instrument_name": "BTC-PERPETUAL", "bids": [[91553.0, 208790.0], [91551.5, 32080.0], [91550.0, 7590.0], [91548.5, 79990.0], [91548.0, 19750.0], [91547.5, 9230.0], [91547.0, 36610.0], [91544.0, 25000.0], [91543.5, 77120.0], [91543.0, 20230.0], [91542.0, 36610.0], [91540.0, 36000.0], [91539.5, 61580.0], [91539.0, 114440.0], [91538.5, 45000.0], [91536.0, 2360.0], [91535.5, 20990.0], [91535.0, 5000.0], [91534.5, 14250.0], [91532.0, 2600.0]], "asks": [[91553.5, 58680.0], [91555.0, 40000.0], [91555.5, 20000.0], [91562.5, 30.0], [91563.0, 2990.0], [91563.5, 10000.0], [91568.0, 2270.0], [91568.5, 7590.0], [91570.0, 10.0], [91570.5, 10900.0], [91571.0, 36000.0], [91574.5, 500.0], [91575.0, 6900.0], [91579.0, 6800.0], [91579.5, 55790.0], [91580.5, 36000.0], [91581.0, 5000.0], [91581.5, 80020.0], [91582.0, 8930.0], [91582.5, 9240.0]]}}}
{"jsonrpc": "2.0", "method": "subscription", "params": {"channel": "book.BTC-PERPETUAL.none.20.100ms", "data": {"timestamp": 1764516212517, "change_id": 129748189036, "instrument_name": "BTC-PERPETUAL", "bids": [[91553.0, 204440.0], [91551.5, 32080.0], [91550.0, 7590.0], [91548.5, 79990.0], [91548.0, 19750.0], [91547.5, 9230.0], [91547.0, 36610.0], [91544.0, 25000.0], [91543.5, 77120.0], [91543.0, 20230.0], [91542.0, 36610.0], [91540.0, 36000.0], [91539.5, 61580.0], [91539.0, 114440.0], [91538.5, 45000.0], [91536.0, 2360.0], [91535.5, 20990.0], [91535.0, 5000.0], [91534.5, 14250.0], [91532.0, 2600.0]], "asks": [[91553.5, 58680.0], [91555.0, 40000.0], [91555.5, 20000.0], [91562.5, 30.0], [91563.0, 2990.0], [91563.5, 10000.0], [91568.0, 2270.0], [91568.5, 7590.0], [91570.0, 10.0], [91570.5, 10900.0], [91571.0, 36000.0], [91574.5, 500.0], [91575.0, 6900.0], [91579.0, 6800.0], [91579.5, 55790.0], [91580.5, 36000.0], [91581.0, 5000.0], [91581.5, 80020.0], [91582.0, 8930.0], [91582.5, 9240.0]]}}}
{"jsonrpc": "2.0", "method": "subscription", "params": {"channel": "book.BTC-PERPETUAL.none.20.100ms", "data": {"timestamp": 1764516212845, "change_id": 129748189533, "instrument_name": "BTC-PERPETUAL", "bids": [[91553.0, 172500.0], [91552.5, 2330.0], [91550.0, 7590.0], [91548.0, 36160.0], [91547.5, 79990.0], [91547.0, 36610.0], [91544.5, 9230.0], [91543.5, 35950.0], [91543.0, 20230.0], [91542.0, 36610.0], [91541.0, 25000.0], [91540.0, 36000.0], [91539.5, 61580.0], [91539.0, 15630.0], [91538.5, 45000.0], [91536.0, 2360.0], [91535.0, 5000.0], [91534.5, 14250.0], [91532.5, 20990.0], [91532.0, 2600.0]], "asks": [[91553.5, 58720.0], [91555.0, 40000.0], [91556.5, 20000.0], [91562.5, 30.0], [91568.0, 2270.0], [91568.5, 7590.0], [91570.0, 10.0], [91570.5, 10900.0], [91571.0, 36000.0], [91574.5, 500.0], [91575.0, 30370.0], [91579.0, 86810.0], [91579.5, 55790.0], [91580.0, 9240.0], [91580.5, 36000.0], [91581.0, 5000.0], [91582.0, 8930.0], [91583.0, 45000.0], [91584.5, 200.0], [91586.0, 11000.0]]}}}
{"jsonrpc": "2.0", "method": "subscription", "params": {"channel": "book.BTC-PERPETUAL.none.20.100ms", "data": {"timestamp": 1764516213178, "change_id": 129748190362, "instrument_name": "BTC-PERPETUAL", "bids": [[91553.0, 271900.0], [91552.5, 2270.0], [91550.0, 7590.0], [91548.0, 36820.0], [91547.0, 36610.0], [91545.5, 25000.0], [91544.0, 61580.0], [91543.5, 35950.0], [91543.0, 20230.0], [91542.0, 36610.0], [91540.0, 36000.0], [91539.5, 20990.0], [91539.0, 15630.0], [91538.5, 45000.0], [91536.0, 2360.0], [91534.5, 14250.0], [91532.0, 2600.0], [91530.5, 36000.0], [91530.0, 9150.0], [91529.5, 6830.0]], "asks": [[91553.5, 16990.0], [91555.0, 40000.0], [91562.5, 30.0], [91570.0, 10.0], [91571.5, 7950.0], [91572.0, 7590.0], [91575.0, 20000.0], [91578.5, 7350.0], [91579.0, 24630.0], [91579.5, 17660.0], [91580.5, 36500.0], [91582.0, 8930.0], [91584.5, 200.0], [91585.5, 40310.0], [91587.5, 89360.0], [91588.5, 17910.0], [91589.5, 11000.0], [91590.0, 68320.0], [91590.5, 45000.0], [91592.0, 61610.0]]}}}
{"jsonrpc": "2.0", "method": "subscription", "params": {"channel": "book.BTC-PERPETUAL.none.20.100ms", "data": {"timestamp": 1764516213507, "change_id": 129748190580, "instrument_name": "BTC-PERPETUAL", "bids": [[91553.0, 263310.0], [91552.5, 2270.0], [91550.0, 7590.0], [91548.0, 36820.0], [91547.0, 36610.0], [91544.0, 61580.0], [91543.5, 35950.0], [91543.0, 20230.0], [91542.5, 25000.0], [91542.0, 36610.0], [91540.5, 5000.0], [91540.0, 36000.0], [91539.5, 20990.0], [91539.0, 15630.0], [91538.5, 45000.0], [91536.0, 2360.0], [91534.5, 14250.0], [91532.0, 2600.0], [91530.5, 36000.0], [91530.0, 9150.0]], "asks": [[91553.5, 17030.0], [91555.0, 40000.0], [91562.5, 30.0], [91570.0, 10.0], [91571.5, 2270.0], [91572.0, 7590.0], [91577.5, 13470.0], [91578.0, 20000.0], [91578.5, 500.0], [91579.0, 24630.0], [91579.5, 17660.0], [91580.5, 36000.0], [91582.0, 8930.0], [91584.5, 200.0], [91585.0, 5000.0], [91585.5, 40310.0], [91587.0, 80020.0], [91587.5, 9340.0], [91588.5, 17910.0], [91590.5, 45000.0]]}}}
{"jsonrpc": "2.0", "method": "subscription", "params": {"channel": "book.BTC-PERPETUAL.none.20.100ms", "data": {"timestamp": 1764516213823, "change_id": 129748191065, "instrument_name": "BTC-PERPETUAL", "bids": [[91553.0, 294460.0], [91552.5, 2270.0], [91550.0, 7590.0], [91548.0, 53400.0], [91547.0, 36610.0], [91545.0, 96490.0], [91544.0, 61580.0], [91543.5, 35950.0], [91543.0, 20230.0], [91542.5, 25000.0], [91540.5, 5000.0], [91540.0, 36000.0], [91539.5, 20990.0], [91539.0, 15630.0], [91538.5, 45000.0], [91536.0, 2360.0], [91534.5, 14250.0], [91532.0, 2600.0], [91530.5, 36000.0], [91530.0, 9150.0]], "asks": [[91553.5, 16990.0], [91555.0, 40000.0], [91562.5, 30.0], [91570.0, 10.0], [91571.5, 2270.0], [91572.0, 7590.0], [91577.5, 13470.0], [91578.0, 20000.0], [91578.5, 500.0], [91579.0, 24630.0], [91579.5, 17660.0], [91580.5, 36000.0], [91582.0, 8930.0], [91584.5, 200.0], [91585.0, 5000.0], [91586.0, 80020.0], [91587.5, 100.0], [91588.5, 17910.0], [91590.0, 9240.0], [91590.5, 45000.0]]}}}
{"jsonrpc": "2.0", "method": "subscription", "params": {"channel": "book.BTC-PERPETUAL.none.20.100ms", "data": {"timestamp": 1764516214168, "change_id": 129748191567, "instrument_name": "BTC-PERPETUAL", "bids": [[91553.0, 175450.0], [91552.5, 28290.0], [91550.5, 9230.0], [91550.0, 7590.0], [91548.5, 79990.0], [91548.0, 53400.0], [91547.0, 36610.0], [91545.0, 96490.0], [91544.0, 86580.0], [91543.5, 18280.0], [91543.0, 20230.0], [91540.5, 5000.0], [91540.0, 36000.0], [91539.0, 15630.0], [91538.5, 45000.0], [91536.5, 20990.0], [91536.0, 2360.0], [91534.5, 14250.0], [91532.0, 2600.0], [91530.5, 36000.0]], "asks": [[91553.5, 16990.0], [91555.0, 40000.0], [91562.5, 30.0], [91570.0, 10.0], [91571.5, 2270.0], [91572.0, 7590.0], [91577.0, 500.0], [91577.5, 13470.0], [91578.5, 20000.0], [91579.0, 24630.0], [91579.5, 17660.0], [91580.5, 36000.0], [91582.0, 8930.0], [91584.5, 39980.0], [91585.0, 80020.0], [91587.5, 9340.0], [91588.5, 17910.0], [91589.0, 26000.0], [91589.5, 29970.0], [91590.5, 45000.0]]}}}
{"jsonrpc": "2.0", "method": "subscription", "params": {"channel": "book.BTC-PERPETUAL.none.20.100ms", "data": {"timestamp": 1764516214499, "change_id": 129748191766, "instrument_name": "BTC-PERPETUAL", "bids": [[91553.0, 263130.0], [91552.5, 2270.0], [91550.0, 7590.0], [91548.0, 53400.0], [91547.0, 36610.0], [91545.0, 96490.0], [91544.5, 25000.0], [91544.0, 61580.0], [91543.5, 18280.0], [91543.0, 20230.0], [91541.0, 20990.0], [91540.0, 36000.0], [91539.0, 24780.0], [91538.5, 45000.0], [91536.0, 2360.0], [91534.5, 19230.0], [91532.0, 2600.0], [91530.5, 36000.0], [91529.5, 6830.0], [91525.5, 17890.0]], "asks": [[91553.5, 16990.0], [91555.0, 40000.0], [91562.5, 30.0], [91570.0, 10.0], [91571.5, 2270.0], [91572.0, 7590.0], [91576.5, 13470.0], [91577.0, 20000.0], [91578.5, 500.0], [91579.0, 24630.0], [91579.5, 17660.0], [91580.5, 36000.0], [91582.0, 8930.0], [91584.5, 200.0], [91587.0, 80020.0], [91587.5, 9340.0], [91588.5, 22910.0], [91590.0, 26000.0], [91590.5, 45000.0], [91593.0, 11000.0]]}}}
{"jsonrpc": "2.0", "method": "subscription", "params": {"channel": "book.BTC-PERPETUAL.none.20.100ms", "data": {"timestamp": 1764516214822, "change_id": 129748192250, "instrument_name": "BTC-PERPETUAL", "bids": [[91553.0, 185010.0], [91551.5, 28900.0], [91550.5, 9230.0], [91550.0, 7590.0], [91548.5, 79990.0], [91548.0, 53400.0], [91547.0, 36610.0], [91545.0, 96490.0], [91544.5, 5000.0], [91544.0, 25000.0], [91543.5, 41830.0], [91543.0, 20230.0], [91541.5, 61580.0], [91540.0, 36000.0], [91539.0, 24780.0], [91538.5, 45000.0], [91536.5, 20990.0], [91536.0, 2360.0], [91534.5, 19230.0], [91532.0, 2600.0]], "asks": [[91553.5, 17030.0], [91555.0, 40000.0], [91562.5, 30.0], [91570.0, 10.0], [91571.5, 2270.0], [91572.0, 7590.0], [91576.5, 13970.0], [91577.0, 20000.0], [91579.0, 24630.0], [91579.5, 17660.0], [91580.5, 36000.0], [91582.0, 8930.0], [91584.5, 200.0], [91587.0, 80020.0], [91587.5, 9340.0], [91588.0, 26000.0], [91588.5, 22910.0], [91589.5, 61610.0], [91590.0, 11000.0], [91590.5, 45000.0]]}}}
{"jsonrpc": "2.0", "method": "subscription", "params": {"channel": "book.BTC-PERPETUAL.none.20.100ms", "data": {"timestamp": 1764516215156, "change_id": 129748192587, "instrument_name": "BTC-PERPETUAL", "bids": [[91553.0, 177810.0], [91551.5, 28290.0], [91551.0, 79990.0], [91550.5, 9230.0], [91550.0, 7590.0], [91548.0, 53400.0], [91545.0, 96490.0], [91544.5, 66580.0], [91544.0, 25000.0], [91543.5, 18280.0], [91543.0, 20230.0], [91540.0, 36000.0], [91539.0, 24780.0], [91538.5, 45000.0], [91536.5, 20990.0], [91536.0, 2360.0], [91534.5, 19230.0], [91532.0, 2600.0], [91530.5, 36000.0], [91529.5, 6830.0]], "asks": [[91553.5, 17030.0], [91555.0, 40000.0], [91562.5, 30.0], [91570.0, 10.0], [91571.5, 2270.0], [91572.0, 7590.0], [91576.5, 13970.0], [91577.0, 20000.0], [91579.0, 24630.0], [91579.5, 17660.0], [91580.5, 36000.0], [91582.0, 8930.0], [91584.5, 200.0], [91587.0, 80020.0], [91587.5, 9340.0], [91588.5, 22910.0], [91590.0, 26000.0], [91590.5, 45000.0], [91592.0, 11000.0], [91592.5, 61610.0]]}}}
{"jsonrpc": "2.0", "method": "subscription", "params": {"channel": "book.BTC-PERPETUAL.none.20.100ms", "data": {"timestamp": 1764516215488, "change_id": 129748192903, "instrument_name": "BTC-PERPETUAL", "bids": [[91553.0, 189640.0], [91551.5, 25850.0], [91550.5, 36620.0], [91550.0, 7590.0], [91548.5, 79990.0], [91548.0, 27340.0], [91544.5, 66580.0], [91544.0, 25000.0], [91543.5, 18280.0], [91543.0, 20230.0], [91540.5, 20990.0], [91540.0, 36000.0], [91539.0, 24780.0], [91538.5, 45000.0], [91536.0, 2360.0], [91534.5, 19230.0], [91532.0, 2600.0], [91530.5, 36000.0], [91529.5, 6830.0], [91525.5, 17890.0]], "asks": [[91553.5, 17030.0], [91555.0, 40000.0], [91562.5, 30.0], [91570.0, 10.0], [91571.5, 2270.0], [91572.0, 7590.0], [91576.5, 13970.0], [91577.0, 20000.0], [91579.0, 24630.0], [91579.5, 17660.0], [91580.5, 36000.0], [91582.0, 8930.0], [91584.5, 200.0], [91587.0, 80020.0], [91587.5, 9340.0], [91588.5, 22910.0], [91590.0, 26000.0], [91590.5, 45000.0], [91593.5, 11000.0], [91594.0, 61610.0]]}}}
{"jsonrpc": "2.0", "method": "subscription", "params": {"channel": "book.BTC-PERPETUAL.none.20.100ms", "data": {"timestamp": 1764516215821, "change_id": 129748193352, "instrument_name": "BTC-PERPETUAL", "bids": [[91553.0, 232490.0], [91552.5, 45140.0], [91551.0, 79990.0], [91550.5, 73240.0], [91550.0, 7590.0], [91548.0, 27340.0], [91544.5, 66580.0], [91544.0, 25000.0], [91543.5, 18280.0], [91543.0, 20230.0], [91540.5, 20990.0], [91540.0, 36000.0], [91539.0, 24780.0], [91538.5, 45000.0], [91536.0, 2360.0], [91534.5, 19230.0], [91532.0, 2600.0], [91530.5, 36000.0], [91529.5, 6830.0], [91525.5, 17890.0]], "asks": [[91553.5, 16990.0], [91555.0, 40000.0], [91561.0, 10000.0], [91562.5, 30.0], [91570.0, 10.0], [91571.5, 2270.0], [91572.0, 7590.0], [91575.5, 13470.0], [91576.0, 20500.0], [91579.0, 24630.0], [91579.5, 24590.0], [91580.5, 36000.0], [91582.0, 8930.0], [91583.0, 45000.0], [91584.5, 200.0], [91587.0, 80020.0], [91587.5, 9340.0], [91588.5, 22910.0], [91590.0, 26000.0], [91593.5, 48770.0]]}}}
{"jsonrpc": "2.0", "method": "subscription", "params": {"channel": "book.BTC-PERPETUAL.none.20.100ms", "data": {"timestamp": 1764516216152, "change_id": 129748193666, "instrument_name": "BTC-PERPETUAL", "bids": [[91553.0, 229230.0], [91552.5, 45140.0], [91551.0, 79990.0], [91550.5, 73240.0], [91550.0, 7590.0], [91548.0, 27340.0], [91544.5, 66580.0], [91544.0, 25000.0], [91543.5, 18280.0], [91543.0, 20230.0], [91540.5, 20990.0], [91540.0, 36000.0], [91539.0, 24780.0], [91538.5, 45000.0], [91536.0, 2360.0], [91534.5, 19230.0], [91532.0, 2600.0], [91530.5, 36000.0], [91529.5, 6830.0], [91525.5, 17890.0]], "asks": [[91553.5, 16990.0], [91555.0, 40000.0], [91562.5, 10030.0], [91570.0, 10.0], [91571.5, 2270.0], [91572.0, 7590.0], [91575.5, 13470.0], [91576.0, 20000.0], [91578.5, 500.0], [91579.0, 24630.0], [91579.5, 24590.0], [91580.5, 36000.0], [91582.0, 8930.0], [91583.0, 45000.0], [91584.5, 200.0], [91587.0, 80020.0], [91587.5, 9340.0], [91588.5, 22910.0], [91593.0, 37000.0], [91593.5, 37770.0]]}}}
{"jsonrpc": "2.0", "method": "subscription", "params": {"channel": "book.BTC-PERPETUAL.none.20.100ms", "data": {"timestamp": 1764516216481, "change_id": 129748193977, "instrument_name": "BTC-PERPETUAL", "bids": [[91553.0, 230960.0], [91552.5, 44920.0], [91551.0, 79990.0], [91550.5, 73240.0], [91550.0, 7590.0], [91548.0, 51600.0], [91544.5, 66580.0], [91544.0, 117990.0], [91543.5, 18280.0], [91543.0, 20230.0], [91540.5, 20990.0], [91540.0, 36000.0], [91539.0, 24780.0], [91538.5, 45000.0], [91536.0, 2360.0], [91534.5, 19230.0], [91532.0, 2600.0], [91530.5, 36000.0], [91529.5, 6830.0], [91525.5, 17890.0]], "asks": [[91553.5, 16990.0], [91555.0, 40000.0], [91562.5, 30.0], [91564.0, 10000.0], [91570.0, 10.0], [91571.5, 2270.0], [91572.0, 7590.0], [91575.5, 13470.0], [91576.0, 20000.0], [91578.5, 500.0], [91579.0, 24630.0], [91579.5, 24590.0], [91580.5, 36000.0], [91582.0, 8930.0], [91583.0, 45000.0], [91584.5, 200.0], [91587.0, 80020.0], [91587.5, 9340.0], [91588.5, 22910.0], [91593.0, 37000.0]]}}}
{"jsonrpc": "2.0", "method": "subscription", "params": {"channel": "book.BTC-PERPETUAL.none.20.100ms", "data": {"timestamp": 1764516216813, "change_id": 129748194350, "instrument_name": "BTC-PERPETUAL", "bids": [[91553.0, 228950.0], [91552.5, 44920.0], [91552.0, 24520.0], [91551.5, 79990.0], [91551.0, 9230.0], [91550.5, 73240.0], [91550.0, 7590.0], [91548.0, 27340.0], [91544.5, 5000.0], [91544.0, 117990.0], [91543.5, 41830.0], [91541.0, 61580.0], [91540.0, 36000.0], [91539.0, 24780.0], [91538.5, 45000.0], [91536.5, 20990.0], [91536.0, 2360.0], [91534.5, 19230.0], [91532.0, 2600.0], [91530.5, 36000.0]], "asks": [[91553.5, 16990.0], [91555.0, 40000.0], [91561.5, 10000.0], [91562.5, 30.0], [91570.0, 10.0], [91571.5, 8090.0], [91572.0, 7590.0], [91575.0, 20500.0], [91578.5, 7350.0], [91579.0, 24630.0], [91579.5, 47580.0], [91580.5, 36000.0], [91581.5, 80010.0], [91582.0, 8930.0], [91583.0, 45000.0], [91584.5, 200.0], [91587.5, 9340.0], [91588.5, 22910.0], [91592.0, 26000.0], [91592.5, 11000.0]]}}}
{"jsonrpc": "2.0", "method": "subscription", "params": {"channel": "book.BTC-PERPETUAL.none.20.100ms", "data": {"timestamp": 1764516217142, "change_id": 129748194793, "instrument_name": "BTC-PERPETUAL", "bids": [[91553.0, 215120.0], [91552.5, 44920.0], [91552.0, 24520.0], [91551.5, 79990.0], [91551.0, 9230.0], [91550.5, 73240.0], [91550.0, 7590.0], [91548.0, 51600.0], [91544.5, 5000.0], [91544.0, 154570.0], [91543.5, 25000.0], [91540.5, 13480.0], [91540.0, 36000.0], [91539.0, 24780.0], [91538.5, 45000.0], [91536.5, 20990.0], [91536.0, 2360.0], [91534.5, 19230.0], [91532.0, 2600.0], [91530.5, 36000.0]], "asks": [[91553.5, 16990.0], [91555.0, 40000.0], [91562.5, 30.0], [91570.0, 10.0], [91571.5, 2270.0], [91572.0, 7590.0], [91577.0, 500.0], [91577.5, 13320.0], [91578.0, 20000.0], [91579.0, 24630.0], [91579.5, 47580.0], [91580.5, 36000.0], [91581.5, 80010.0], [91582.0, 8930.0], [91583.0, 45000.0], [91584.5, 200.0], [91587.5, 9340.0], [91588.5, 22910.0], [91592.5, 26000.0], [91593.0, 11000.0]]}}}
{"jsonrpc": "2.0", "method": "subscription", "params": {"channel": "book.BTC-PERPETUAL.none.20.100ms", "data": {"timestamp": 1764516217443, "change_id": 129748195065, "instrument_name": "BTC-PERPETUAL", "bids": [[91553.0, 223890.0], [91552.5, 44920.0], [91552.0, 24520.0], [91551.0, 79990.0], [91550.5, 73240.0], [91550.0, 7590.0], [91548.0, 51600.0], [91544.5, 5000.0], [91544.0, 154570.0], [91543.0, 20940.0], [91542.5, 25000.0], [91540.5, 20990.0], [91540.0, 36000.0], [91539.0, 24780.0], [91538.5, 45000.0], [91536.0, 2360.0], [91534.5, 19230.0], [91532.0, 2600.0], [91530.5, 36000.0], [91529.5, 6830.0]], "asks": [[91553.5, 16990.0], [91555.0, 40000.0], [91562.5, 30.0], [91570.0, 10.0], [91571.5, 2270.0], [91572.0, 7590.0], [91577.0, 500.0], [91577.5, 13320.0], [91578.0, 20000.0], [91579.0, 24630.0], [91579.5, 47580.0], [91580.5, 36000.0], [91582.0, 8930.0], [91582.5, 80020.0], [91583.0, 45000.0], [91584.5, 200.0], [91587.5, 9340.0], [91588.5, 22910.0], [91590.5, 11000.0], [91591.0, 61610.0]]}}}
{"jsonrpc": "2.0", "method": "subscription", "params": {"channel": "book.BTC-PERPETUAL.none.20.100ms", "data": {"timestamp": 1764516217806, "change_id": 129748195575, "instrument_name": "BTC-PERPETUAL", "bids": [[91553.0, 181610.0], [91552.5, 47670.0], [91551.0, 9230.0], [91550.5, 73240.0], [91549.0, 79990.0], [91543.0, 30140.0], [91541.0, 61580.0], [91540.0, 36000.0], [91539.5, 25000.0], [91539.0, 36500.0], [91538.5, 45000.0], [91536.5, 20990.0], [91536.0, 2360.0], [91534.5, 19230.0], [91532.0, 2600.0], [91530.5, 36000.0], [91529.5, 6830.0], [91525.5, 17890.0], [91524.5, 22870.0], [91524.0, 17910.0]], "asks": [[91553.5, 17030.0], [91555.0, 40000.0], [91562.5, 30.0], [91570.0, 10.0], [91571.5, 4010.0], [91572.0, 7590.0], [91572.5, 6800.0], [91575.5, 11440.0], [91576.0, 20500.0], [91579.0, 17830.0], [91579.5, 50730.0], [91580.0, 80010.0], [91580.5, 36000.0], [91582.0, 8930.0], [91583.0, 45000.0], [91584.5, 200.0], [91587.5, 9340.0], [91588.0, 26000.0], [91588.5, 22910.0], [91590.5, 11000.0]]}}}
{"jsonrpc": "2.0", "method": "subscription", "params": {"channel": "book.BTC-PERPETUAL.none.20.100ms", "data": {"timestamp": 1764516218138, "change_id": 129748196061, "instrument_name": "BTC-PERPETUAL", "bids": [[91553.0, 186680.0], [91552.5, 24130.0], [91551.0, 9230.0], [91550.5, 73290.0], [91550.0, 24320.0], [91545.0, 23880.0], [91544.5, 79990.0], [91543.0, 30140.0], [91541.0, 61580.0], [91540.0, 36000.0], [91539.5, 25000.0], [91539.0, 41500.0], [91538.5, 45000.0], [91536.5, 20990.0], [91536.0, 2360.0], [91534.5, 19230.0], [91532.0, 2600.0], [91530.5, 36000.0], [91529.5, 6830.0], [91525.5, 17890.0]], "asks": [[91553.5, 17030.0], [91555.0, 40000.0], [91562.5, 30.0], [91570.0, 10.0], [91570.5, 41160.0], [91571.0, 36500.0], [91572.0, 7590.0], [91572.5, 6800.0], [91575.5, 28530.0], [91579.0, 97840.0], [91579.5, 26840.0], [91580.5, 36000.0], [91582.0, 8930.0], [91583.0, 45000.0], [91584.5, 200.0], [91587.5, 23940.0], [91588.0, 26000.0], [91588.5, 22910.0], [91590.5, 11000.0], [91591.0, 61610.0]]}}}
{"jsonrpc": "2.0", "method": "subscription", "params": {"channel": "book.BTC-PERPETUAL.none.20.100ms", "data": {"timestamp": 1764516218460, "change_id": 129748196438, "instrument_name": "BTC-PERPETUAL", "bids": [[91553.0, 163120.0], [91552.5, 33790.0], [91551.5, 25990.0], [91551.0, 50.0], [91550.5, 73240.0], [91550.0, 24320.0], [91547.0, 26630.0], [91546.5, 79990.0], [91543.5, 9230.0], [91543.0, 13480.0], [91540.0, 36000.0], [91539.5, 25000.0], [91539.0, 42970.0], [91538.5, 45000.0], [91536.5, 61580.0], [91536.0, 2360.0], [91534.5, 14250.0], [91532.5, 20990.0], [91532.0, 2600.0], [91530.5, 36000.0]], "asks": [[91553.5, 16990.0], [91555.0, 40000.0], [91555.5, 10000.0], [91562.5, 30.0], [91567.0, 7590.0], [91569.5, 500.0], [91570.0, 5980.0], [91570.5, 35190.0], [91571.0, 36000.0], [91572.5, 6800.0], [91575.5, 28530.0], [91578.5, 80020.0], [91579.0, 17830.0], [91579.5, 26840.0], [91580.0, 9240.0], [91580.5, 36000.0], [91582.0, 8930.0], [91582.5, 26000.0], [91583.0, 45000.0], [91584.5, 200.0]]}}}
{"jsonrpc": "2.0", "method": "subscription", "params": {"channel": "book.BTC-PERPETUAL.none.20.100ms", "data": {"timestamp": 1764516218797, "change_id": 129748196890, "instrument_name": "BTC-PERPETUAL", "bids": [[91553.0, 163060.0], [91552.5, 33790.0], [91550.5, 99230.0], [91550.0, 24320.0], [91547.5, 50.0], [91547.0, 26630.0], [91544.0, 79990.0], [91543.5, 9230.0], [91543.0, 38170.0], [91542.5, 92660.0], [91540.0, 36000.0], [91539.0, 42970.0], [91538.5, 45000.0], [91537.5, 25000.0], [91536.0, 2360.0], [91535.0, 61580.0], [91534.5, 14250.0], [91532.5, 20990.0], [91532.0, 2600.0], [91530.5, 36000.0]], "asks": [[91553.5, 16990.0], [91555.0, 40000.0], [91562.5, 30.0], [91567.0, 7590.0], [91569.5, 500.0], [91570.0, 5980.0], [91570.5, 54720.0], [91571.0, 36000.0], [91572.5, 6800.0], [91575.0, 80010.0], [91575.5, 5320.0], [91579.0, 17830.0], [91579.5, 52320.0], [91580.0, 9240.0], [91580.5, 36000.0], [91581.5, 26000.0], [91582.0, 8930.0], [91582.5, 61610.0], [91583.0, 45000.0], [91584.5, 200.0]]}}}
{"jsonrpc": "2.0", "method": "subscription", "params": {"channel": "book.BTC-PERPETUAL.none.20.100ms", "data": {"timestamp": 1764516219127, "change_id": 129748197332, "instrument_name": "BTC-PERPETUAL", "bids": [[91553.0, 148240.0], [91552.5, 33790.0], [91551.0, 50.0], [91550.5, 99230.0], [91550.0, 24320.0], [91547.0, 26630.0], [91544.0, 79990.0], [91543.5, 9230.0], [91543.0, 38170.0], [91542.5, 92660.0], [91540.0, 36000.0], [91539.0, 42970.0], [91538.5, 70000.0], [91536.0, 2360.0], [91535.0, 61580.0], [91534.5, 14250.0], [91532.5, 20990.0], [91532.0, 2600.0], [91530.5, 36000.0], [91530.0, 9150.0]], "asks": [[91553.5, 16990.0], [91555.0, 40000.0], [91562.5, 30.0], [91567.0, 7590.0], [91570.0, 6480.0], [91570.5, 35190.0], [91571.0, 36000.0], [91572.5, 6800.0], [91575.5, 28530.0], [91576.0, 45000.0], [91578.5, 80020.0], [91579.0, 17830.0], [91579.5, 38890.0], [91580.0, 9240.0], [91580.5, 36000.0], [91581.5, 26000.0], [91582.0, 8930.0], [91582.5, 61610.0], [91584.5, 200.0], [91587.5, 14700.0]]}}}
{"jsonrpc": "2.0", "method": "subscription", "params": {"channel": "book.BTC-PERPETUAL.none.20.100ms", "data": {"timestamp": 1764516219459, "change_id": 129748197638, "instrument_name": "BTC-PERPETUAL", "bids": [[91553.0, 148450.0], [91552.5, 33790.0], [91551.0, 50.0], [91550.5, 99230.0], [91550.0, 24320.0], [91547.0, 26630.0], [91544.0, 79990.0], [91543.5, 9230.0], [91543.0, 38170.0], [91542.5, 92660.0], [91540.0, 36000.0], [91539.0, 42970.0], [91538.5, 70000.0], [91536.0, 2360.0], [91535.0, 61580.0], [91534.5, 14250.0], [91532.0, 2600.0], [91530.5, 56990.0], [91530.0, 9150.0], [91529.5, 6830.0]], "asks": [[91553.5, 16990.0], [91554.0, 10000.0], [91555.0, 40000.0], [91562.5, 30.0], [91567.0, 7590.0], [91569.5, 500.0], [91570.0, 5980.0], [91570.5, 35190.0], [91571.0, 36000.0], [91572.5, 6800.0], [91575.5, 40240.0], [91576.0, 45000.0], [91578.5, 80020.0], [91579.0, 17830.0], [91580.0, 9240.0], [91580.5, 36000.0], [91581.5, 26000.0], [91582.0, 8930.0], [91584.5, 200.0], [91587.0, 61610.0]]}}}
{"jsonrpc": "2.0", "method": "subscription", "params": {"channel": "book.BTC-PERPETUAL.none.20.100ms", "data": {"timestamp": 1764516219784, "change_id": 129748197965, "instrument_name": "BTC-PERPETUAL", "bids": [[91553.0, 143190.0], [91552.5, 33790.0], [91551.0, 2490.0], [91550.5, 99230.0], [91550.0, 24320.0], [91547.0, 26630.0], [91544.0, 79990.0], [91543.5, 9230.0], [91543.0, 38170.0], [91542.5, 92660.0], [91540.0, 36000.0], [91539.0, 42970.0], [91538.5, 70000.0], [91536.0, 2360.0], [91535.0, 61580.0], [91534.5, 14250.0], [91532.0, 2600.0], [91530.5, 56990.0], [91530.0, 9150.0], [91529.5, 6830.0]], "asks": [[91553.5, 16990.0], [91554.0, 10000.0], [91555.0, 40000.0], [91562.5, 30.0], [91567.0, 7590.0], [91569.5, 500.0], [91570.0, 5980.0], [91570.5, 35190.0], [91571.0, 36000.0], [91572.5, 6800.0], [91575.5, 40240.0], [91576.0, 45000.0], [91578.5, 80010.0], [91579.0, 17830.0], [91580.0, 9240.0], [91580.5, 36000.0], [91581.5, 26000.0], [91582.0, 8930.0], [91584.5, 200.0], [91587.0, 61610.0]]}}}
{"jsonrpc": "2.0", "method": "subscription", "params": {"channel": "book.BTC-PERPETUAL.none.20.100ms", "data": {"timestamp": 1764516220119, "change_id": 129748198440, "instrument_name": "BTC-PERPETUAL", "bids": [[91553.0, 143170.0], [91552.5, 33790.0], [91551.0, 2490.0], [91550.5, 99230.0], [91550.0, 24320.0], [91547.0, 26630.0], [91544.0, 79990.0], [91543.5, 9230.0], [91543.0, 38170.0], [91542.5, 92660.0], [91540.0, 36000.0], [91539.0, 67970.0], [91538.5, 45000.0], [91536.0, 2360.0], [91535.0, 61580.0], [91534.5, 14250.0], [91532.0, 2600.0], [91530.5, 56990.0], [91530.0, 9150.0], [91529.5, 6830.0]], "asks": [[91553.5, 16990.0], [91555.0, 40000.0], [91555.5, 10000.0], [91562.5, 30.0], [91567.0, 7590.0], [91570.0, 6480.0], [91570.5, 35190.0], [91571.0, 36000.0], [91572.5, 6800.0], [91575.5, 40240.0], [91576.0, 45000.0], [91578.5, 80010.0], [91579.0, 17830.0], [91580.0, 22650.0], [91580.5, 36000.0], [91581.5, 26000.0], [91582.0, 8930.0], [91584.5, 200.0], [91587.0, 61610.0], [91587.5, 14700.0]]}}}
{"jsonrpc": "2.0", "method": "subscription", "params": {"channel": "book.BTC-PERPETUAL.none.20.100ms", "data": {"timestamp": 1764516220441, "change_id": 129748198773, "instrument_name": "BTC-PERPETUAL", "bids": [[91553.0, 155560.0], [91552.5, 33790.0], [91551.5, 50.0], [91551.0, 2440.0], [91550.5, 99230.0], [91550.0, 24320.0], [91548.0, 26630.0], [91547.5, 79990.0], [91543.5, 9230.0], [91543.0, 13480.0], [91540.0, 36000.0], [91539.0, 42970.0], [91538.5, 45000.0], [91537.5, 25000.0], [91536.0, 2360.0], [91535.0, 61580.0], [91534.5, 14250.0], [91532.0, 2600.0], [91530.5, 56990.0], [91530.0, 9150.0]], "asks": [[91553.5, 17040.0], [91555.0, 40000.0], [91562.5, 30.0], [91567.0, 7590.0], [91570.0, 5980.0], [91570.5, 35690.0], [91571.0, 36000.0], [91572.5, 6800.0], [91575.0, 45400.0], [91576.0, 45000.0], [91578.0, 80010.0], [91578.5, 9240.0], [91579.0, 17830.0], [91580.0, 13410.0], [91580.5, 36000.0], [91581.5, 26000.0], [91582.0, 8930.0], [91584.5, 200.0], [91586.5, 11000.0], [91587.0, 61610.0]]}}}
{"jsonrpc": "2.0", "method": "subscription", "params": {"channel": "book.BTC-PERPETUAL.none.20.100ms", "data": {"timestamp": 1764516220771, "change_id": 129748199064, "instrument_name": "BTC-PERPETUAL", "bids": [[91553.0, 185160.0], [91552.5, 33790.0], [91552.0, 50.0], [91551.5, 25990.0], [91551.0, 2440.0], [91550.5, 73240.0], [91550.0, 24320.0], [91548.0, 26630.0], [91544.0, 79990.0], [91543.5, 9230.0], [91543.0, 13480.0], [91540.0, 36000.0], [91539.0, 42970.0], [91538.5, 45000.0], [91537.5, 25000.0], [91536.5, 61580.0], [91536.0, 2360.0], [91534.5, 14250.0], [91532.0, 2600.0], [91530.5, 56990.0]], "asks": [[91553.5, 17040.0], [91555.0, 40000.0], [91557.5, 10000.0], [91562.5, 30.0], [91567.0, 7590.0], [91570.0, 5980.0], [91570.5, 35690.0], [91571.0, 36000.0], [91572.5, 6800.0], [91575.0, 45400.0], [91576.0, 45000.0], [91578.5, 80010.0], [91579.0, 17830.0], [91579.5, 9240.0], [91580.0, 13410.0], [91580.5, 36000.0], [91582.0, 8930.0], [91584.5, 200.0], [91586.0, 47300.0], [91586.5, 26000.0]]}}}
{"jsonrpc": "2.0", "method": "subscription", "params": {"channel": "book.BTC-PERPETUAL.none.20.100ms", "data": {"timestamp": 1764516221113, "change_id": 129748199524, "instrument_name": "BTC-PERPETUAL", "bids": [[91553.0, 185460.0], [91552.5, 33790.0], [91551.5, 25990.0], [91551.0, 2440.0], [91550.5, 73240.0], [91550.0, 24320.0], [91548.5, 50.0], [91548.0, 26630.0], [91544.0, 79990.0], [91543.5, 9230.0], [91543.0, 45790.0], [91542.5, 93160.0], [91540.0, 36000.0], [91539.5, 25000.0], [91539.0, 42970.0], [91538.5, 45000.0], [91536.5, 61580.0], [91536.0, 2360.0], [91534.5, 14250.0], [91532.0, 2600.0]], "asks": [[91553.5, 17040.0], [91555.0, 40000.0], [91558.5, 10000.0], [91562.5, 30.0], [91567.0, 7590.0], [91569.5, 500.0], [91570.0, 5980.0], [91570.5, 35190.0], [91571.0, 36000.0], [91572.5, 6800.0], [91575.0, 45400.0], [91575.5, 80010.0], [91576.0, 45000.0], [91579.0, 17830.0], [91579.5, 9240.0], [91580.0, 13410.0], [91580.5, 36000.0], [91582.0, 8930.0], [91584.5, 200.0], [91586.0, 47300.0]]}}}
{"jsonrpc": "2.0", "method": "subscription", "params": {"channel": "book.BTC-PERPETUAL.none.20.100ms", "data": {"timestamp": 1764516221441, "change_id": 129748199792, "instrument_name": "BTC-PERPETUAL", "bids": [[91553.0, 188930.0], [91552.5, 33790.0], [91551.5, 25990.0], [91551.0, 2490.0], [91550.5, 73240.0], [91550.0, 24320.0], [91548.0, 26630.0], [91544.0, 79990.0], [91543.5, 9230.0], [91543.0, 45790.0], [91542.5, 93160.0], [91540.0, 36000.0], [91539.5, 25000.0], [91539.0, 42970.0], [91538.5, 45000.0], [91536.5, 61580.0], [91536.0, 2360.0], [91534.5, 14250.0], [91532.0, 2600.0], [91530.5, 56990.0]], "asks": [[91553.5, 16990.0], [91555.0, 40000.0], [91562.5, 30.0], [91567.0, 7590.0], [91570.0, 6480.0], [91570.5, 35190.0], [91571.0, 36000.0], [91572.5, 6800.0], [91575.0, 45400.0], [91576.0, 45000.0], [91578.5, 80020.0], [91579.0, 17830.0], [91579.5, 9240.0], [91580.0, 13410.0], [91580.5, 36000.0], [91582.0, 8930.0], [91584.5, 200.0], [91585.5, 26000.0], [91586.0, 11000.0], [91587.0, 61610.0]]}}}
{"jsonrpc": "2.0", "method": "subscription", "params": {"channel": "book.BTC-PERPETUAL.none.20.100ms", "data": {"timestamp": 1764516221749, "change_id": 129748199986, "instrument_name": "BTC-PERPETUAL", "bids": [[91553.0, 180240.0], [91552.5, 33790.0], [91551.5, 25990.0], [91551.0, 2490.0], [91550.5, 73240.0], [91550.0, 24320.0], [91548.0, 26630.0], [91544.0, 79990.0], [91543.5, 9230.0], [91543.0, 45790.0], [91542.5, 93160.0], [91540.0, 36000.0], [91539.5, 25000.0], [91539.0, 42970.0], [91538.5, 45000.0], [91536.5, 61580.0], [91536.0, 2360.0], [91534.5, 14250.0], [91532.0, 2600.0], [91530.5, 56990.0]], "asks": [[91553.5, 17040.0], [91555.0, 40000.0], [91562.5, 30.0], [91567.0, 7590.0], [91570.0, 6480.0], [91570.5, 35190.0], [91571.0, 36000.0], [91572.5, 6800.0], [91575.0, 45400.0], [91576.0, 45000.0], [91578.5, 80010.0], [91579.0, 17830.0], [91579.5, 9240.0], [91580.0, 13410.0], [91580.5, 36000.0], [91582.0, 8930.0], [91584.5, 200.0], [91585.5, 57830.0], [91586.0, 11000.0], [91587.0, 61610.0]]}}}
{"jsonrpc": "2.0", "method": "subscription", "params": {"channel": "book.BTC-PERPETUAL.none.20.100ms", "data": {"timestamp": 1764516222090, "change_id": 129748200530, "instrument_name": "BTC-PERPETUAL", "bids": [[91553.0, 164610.0], [91552.5, 33790.0], [91551.5, 25990.0], [91551.0, 2490.0], [91550.5, 73240.0], [91550.0, 24320.0], [91548.0, 26630.0], [91544.0, 79990.0], [91543.5, 9230.0], [91543.0, 45790.0], [91542.5, 93160.0], [91540.0, 36000.0], [91539.0, 42970.0], [91538.5, 45000.0], [91537.5, 25000.0], [91536.5, 61580.0], [91536.0, 2360.0], [91534.5, 14250.0], [91532.0, 2600.0], [91530.5, 56990.0]], "asks": [[91553.5, 16990.0], [91555.0, 40000.0], [91558.0, 10000.0], [91562.5, 30.0], [91567.0, 7590.0], [91570.0, 6480.0], [91570.5, 35190.0], [91571.0, 36000.0], [91572.5, 6800.0], [91575.0, 45400.0], [91576.0, 45000.0], [91578.5, 80010.0], [91579.0, 17830.0], [91579.5, 9240.0], [91580.0, 13410.0], [91580.5, 36000.0], [91581.5, 26000.0], [91582.0, 8930.0], [91584.5, 200.0], [91585.5, 31830.0]]}}}
{"jsonrpc": "2.0", "method": "subscription", "params": {"channel": "book.BTC-PERPETUAL.none.20.100ms", "data": {"timestamp": 1764516222429, "change_id": 129748200832, "instrument_name": "BTC-PERPETUAL", "bids": [[91553.0, 164720.0], [91552.5, 33790.0], [91551.5, 25990.0], [91551.0, 2490.0], [91550.5, 73240.0], [91550.0, 24320.0], [91548.0, 26630.0], [91544.0, 79990.0], [91543.5, 9230.0], [91543.0, 45790.0], [91542.5, 93160.0], [91540.0, 61000.0], [91539.0, 42970.0], [91538.5, 45000.0], [91536.5, 61580.0], [91536.0, 2360.0], [91534.5, 14250.0], [91532.0, 2600.0], [91530.5, 56990.0], [91530.0, 9150.0]], "asks": [[91553.5, 16990.0], [91555.0, 40000.0], [91562.5, 30.0], [91565.0, 2270.0], [91565.5, 7590.0], [91570.0, 6480.0], [91570.5, 35190.0], [91571.0, 36000.0], [91572.5, 6800.0], [91575.0, 42650.0], [91576.0, 45000.0], [91578.5, 80010.0], [91579.0, 17830.0], [91579.5, 9240.0], [91580.0, 13410.0], [91580.5, 36000.0], [91582.0, 8930.0], [91584.0, 61610.0], [91584.5, 26200.0], [91586.0, 11000.0]]}}}
{"jsonrpc": "2.0", "method": "subscription", "params": {"channel": "book.BTC-PERPETUAL.none.20.100ms", "data": {"timestamp": 1764516222764, "change_id": 129748201067, "instrument_name": "BTC-PERPETUAL", "bids": [[91553.0, 172210.0], [91552.5, 33790.0], [91551.5, 25990.0], [91551.0, 2490.0], [91550.5, 73240.0], [91550.0, 24320.0], [91548.0, 26630.0], [91544.0, 79990.0], [91543.5, 9230.0], [91543.0, 13480.0], [91540.0, 61000.0], [91539.0, 42970.0], [91538.5, 45000.0], [91536.5, 61580.0], [91536.0, 2360.0], [91534.5, 14250.0], [91532.0, 2600.0], [91530.5, 56990.0], [91530.0, 9150.0], [91529.5, 6830.0]], "asks": [[91553.5, 16990.0], [91555.0, 40000.0], [91559.5, 10000.0], [91562.5, 30.0], [91565.0, 2270.0], [91565.5, 7590.0], [91570.0, 6480.0], [91570.5, 35190.0], [91571.0, 36000.0], [91572.5, 6800.0], [91575.0, 42650.0], [91576.0, 45000.0], [91578.5, 80010.0], [91579.0, 17830.0], [91579.5, 9240.0], [91580.0, 13410.0], [91580.5, 36000.0], [91582.0, 8930.0], [91584.5, 58030.0], [91585.0, 11000.0]]}}}
{"jsonrpc": "2.0", "method": "subscription", "params": {"channel": "book.BTC-PERPETUAL.none.20.100ms", "data": {"timestamp": 1764516223087, "change_id": 129748201590, "instrument_name": "BTC-PERPETUAL", "bids": [[91553.0, 173380.0], [91552.5, 33790.0], [91551.5, 25990.0], [91551.0, 2490.0], [91550.5, 73240.0], [91550.0, 24320.0], [91548.0, 26630.0], [91544.0, 79990.0], [91543.5, 9230.0], [91543.0, 13480.0], [91540.0, 61000.0], [91539.0, 42970.0], [91538.5, 45000.0], [91536.5, 61580.0], [91536.0, 2360.0], [91534.5, 14250.0], [91532.0, 2600.0], [91530.5, 56990.0], [91530.0, 9150.0], [91529.5, 6830.0]], "asks": [[91553.5, 16990.0], [91555.0, 40000.0], [91559.5, 10000.0], [91562.5, 30.0], [91565.0, 2270.0], [91565.5, 7590.0], [91570.0, 6480.0], [91570.5, 35190.0], [91571.0, 36000.0], [91572.5, 6800.0], [91575.0, 42650.0], [91576.0, 45000.0], [91578.5, 80010.0], [91579.0, 17830.0], [91579.5, 9240.0], [91580.0, 13410.0], [91580.5, 36000.0], [91581.5, 26000.0], [91582.0, 8930.0], [91584.5, 32030.0]]}}}
{"jsonrpc": "2.0", "method": "subscription", "params": {"channel": "book.BTC-PERPETUAL.none.20.100ms", "data": {"timestamp": 1764516223386, "change_id": 129748201835, "instrument_name": "BTC-PERPETUAL", "bids": [[91553.0, 164300.0], [91552.5, 33790.0], [91551.5, 25990.0], [91551.0, 2490.0], [91550.5, 73240.0], [91550.0, 24320.0], [91548.0, 26630.0], [91544.0, 79990.0], [91543.5, 9230.0], [91543.0, 13480.0], [91540.0, 61000.0], [91539.0, 42970.0], [91538.5, 45000.0], [91536.5, 61580.0], [91536.0, 2360.0], [91534.5, 14250.0], [91532.0, 2600.0], [91530.5, 56990.0], [91530.0, 9150.0], [91529.5, 6830.0]], "asks": [[91553.5, 16990.0], [91555.0, 40000.0], [91559.5, 10000.0], [91562.5, 30.0], [91565.0, 2270.0], [91565.5, 7590.0], [91570.0, 6480.0], [91570.5, 35190.0], [91571.0, 36000.0], [91572.5, 6800.0], [91575.0, 42650.0], [91576.0, 45000.0], [91578.5, 80010.0], [91579.0, 17830.0], [91579.5, 9240.0], [91580.0, 13410.0], [91580.5, 36000.0], [91582.0, 8930.0], [91584.0, 26000.0], [91584.5, 32030.0]]}}}
{"jsonrpc": "2.0", "method": "subscription", "params": {"channel": "book.BTC-PERPETUAL.none.20.100ms", "data": {"timestamp": 1764516223756, "change_id": 129748202026, "instrument_name": "BTC-PERPETUAL", "bids": [[91553.0, 166270.0], [91552.5, 33790.0], [91551.5, 26040.0], [91551.0, 2440.0], [91550.5, 73240.0], [91550.0, 24320.0], [91548.0, 26630.0], [91544.0, 79990.0], [91543.5, 9230.0], [91543.0, 45870.0], [91542.5, 93440.0], [91540.0, 61000.0], [91539.0, 42970.0], [91538.5, 45000.0], [91536.5, 61580.0], [91536.0, 2360.0], [91534.5, 14250.0], [91532.0, 2600.0], [91530.5, 56990.0], [91530.0, 9150.0]], "asks": [[91553.5, 16990.0], [91555.0, 40000.0], [91560.5, 10000.0], [91562.5, 30.0], [91565.0, 2270.0], [91565.5, 7590.0], [91570.0, 6480.0], [91570.5, 35190.0], [91571.0, 36000.0], [91572.5, 6800.0], [91575.0, 42650.0], [91576.0, 45000.0], [91578.5, 80010.0], [91579.0, 17830.0], [91579.5, 9240.0], [91580.0, 13410.0], [91580.5, 36000.0], [91582.0, 8930.0], [91584.0, 26000.0], [91584.5, 32030.0]]}}}
{"jsonrpc": "2.0", "method": "subscription", "params": {"channel": "book.BTC-PERPETUAL.none.20.100ms", "data": {"timestamp": 1764516224070, "change_id": 129748202572, "instrument_name": "BTC-PERPETUAL", "bids": [[91553.0, 190200.0], [91552.5, 33790.0], [91551.0, 2490.0], [91550.5, 73240.0], [91550.0, 24320.0], [91548.0, 26630.0], [91544.0, 79990.0], [91543.5, 9230.0], [91543.0, 45870.0], [91542.5, 93440.0], [91540.0, 61000.0], [91539.0, 42970.0], [91538.5, 45000.0], [91536.5, 61580.0], [91536.0, 2360.0], [91534.5, 14250.0], [91532.0, 2600.0], [91530.5, 56990.0], [91530.0, 9150.0], [91529.5, 6830.0]], "asks": [[91553.5, 16990.0], [91555.0, 40000.0], [91560.5, 10000.0], [91562.5, 30.0], [91565.0, 2270.0], [91565.5, 7590.0], [91570.0, 6480.0], [91570.5, 35190.0], [91571.0, 36000.0], [91572.5, 6800.0], [91575.0, 42650.0], [91576.0, 45000.0], [91578.5, 80020.0], [91579.0, 17830.0], [91579.5, 9240.0], [91580.0, 13410.0], [91580.5, 36000.0], [91582.0, 8930.0], [91584.0, 26000.0], [91584.5, 32030.0]]}}}
{"jsonrpc": "2.0", "method": "subscription", "params": {"channel": "book.BTC-PERPETUAL.none.20.100ms", "data": {"timestamp": 1764516224391, "change_id": 129748202842, "instrument_name": "BTC-PERPETUAL", "bids": [[91553.0, 190500.0], [91552.5, 31880.0], [91551.5, 50.0], [91551.0, 2440.0], [91550.0, 24320.0], [91548.5, 79990.0], [91544.0, 2760.0], [91543.5, 9230.0], [91543.0, 45870.0], [91542.5, 93440.0], [91540.0, 61000.0], [91539.0, 42970.0], [91538.5, 45000.0], [91536.5, 61580.0], [91536.0, 2360.0], [91534.5, 14250.0], [91532.0, 2600.0], [91530.5, 56990.0], [91530.0, 9150.0], [91529.5, 6830.0]], "asks": [[91553.5, 16990.0], [91555.0, 40000.0], [91559.5, 10000.0], [91562.5, 30.0], [91565.0, 2270.0], [91565.5, 7590.0], [91570.0, 5980.0], [91570.5, 35690.0], [91571.0, 36000.0], [91572.5, 6800.0], [91575.0, 42650.0], [91576.0, 45000.0], [91578.5, 80020.0], [91579.0, 17830.0], [91579.5, 9240.0], [91580.0, 13410.0], [91580.5, 36000.0], [91582.0, 8930.0], [91584.0, 26000.0], [91584.5, 32030.0]]}}}
{"jsonrpc": "2.0", "method": "subscription", "params": {"channel": "book.BTC-PERPETUAL.none.20.100ms", "data": {"timestamp": 1764516224748, "change_id": 129748203013, "instrument_name": "BTC-PERPETUAL", "bids": [[91553.0, 181380.0], [91552.5, 8000.0], [91551.5, 50.0], [91551.0, 2440.0], [91550.0, 24320.0], [91545.5, 26630.0], [91545.0, 79990.0], [91543.5, 9230.0], [91543.0, 45870.0], [91542.5, 93440.0], [91540.0, 61000.0], [91539.0, 42970.0], [91538.5, 45000.0], [91536.5, 61580.0], [91536.0, 2360.0], [91534.5, 14250.0], [91532.0, 2600.0], [91530.5, 56990.0], [91530.0, 9150.0], [91529.5, 6830.0]], "asks": [[91553.5, 16990.0], [91555.0, 40000.0], [91559.5, 10000.0], [91562.5, 30.0], [91565.0, 2270.0], [91565.5, 7590.0], [91570.0, 5980.0], [91570.5, 35690.0], [91571.0, 36000.0], [91572.5, 6800.0], [91575.0, 42650.0], [91576.0, 45000.0], [91578.5, 80020.0], [91579.0, 17830.0], [91579.5, 9240.0], [91580.0, 13410.0], [91580.5, 36000.0], [91582.0, 8930.0], [91584.0, 26000.0], [91584.5, 32030.0]]}}}
{"jsonrpc": "2.0", "method": "subscription", "params": {"channel": "book.BTC-PERPETUAL.none.20.100ms", "data": {"timestamp": 1764516225072, "change_id": 129748203604, "instrument_name": "BTC-PERPETUAL", "bids": [[91553.0, 189900.0], [91552.5, 30130.0], [91550.5, 50.0], [91550.0, 24320.0], [91548.0, 79990.0], [91544.5, 31090.0], [91544.0, 73220.0], [91543.0, 13480.0], [91540.0, 61000.0], [91539.0, 42970.0], [91538.5, 45000.0], [91536.5, 61580.0], [91536.0, 2360.0], [91534.5, 14250.0], [91532.0, 2600.0], [91530.5, 56990.0], [91530.0, 9150.0], [91529.5, 6830.0], [91525.5, 17890.0], [91525.0, 2440.0]], "asks": [[91553.5, 16990.0], [91555.0, 40000.0], [91559.5, 10000.0], [91562.5, 30.0], [91565.0, 2270.0], [91565.5, 7590.0], [91570.0, 6480.0], [91570.5, 35190.0], [91571.0, 36000.0], [91572.5, 6800.0], [91575.0, 42650.0], [91576.0, 45000.0], [91578.5, 80020.0], [91579.0, 17830.0], [91579.5, 9240.0], [91580.0, 19460.0], [91580.5, 36000.0], [91582.0, 8930.0], [91584.0, 26000.0], [91584.5, 32030.0]]}}}
{"jsonrpc": "2.0", "method": "subscription", "params": {"channel": "book.BTC-PERPETUAL.none.20.100ms", "data": {"timestamp": 1764516225386, "change_id": 129748203880, "instrument_name": "BTC-PERPETUAL", "bids": [[91553.0, 188800.0], [91552.5, 8000.0], [91550.5, 50.0], [91550.0, 24320.0], [91548.0, 48490.0], [91547.5, 79990.0], [91545.5, 9230.0], [91544.0, 73220.0], [91543.0, 13480.0], [91540.0, 61000.0], [91539.0, 42970.0], [91538.5, 45000.0], [91536.5, 61580.0], [91536.0, 2360.0], [91534.5, 14250.0], [91532.0, 2600.0], [91530.5, 56990.0], [91530.0, 9150.0], [91529.5, 6830.0], [91525.5, 17890.0]], "asks": [[91553.5, 16990.0], [91555.0, 40000.0], [91559.5, 10000.0], [91562.5, 30.0], [91565.0, 2270.0], [91565.5, 7590.0], [91570.0, 6480.0], [91570.5, 35190.0], [91571.0, 36000.0], [91572.5, 6800.0], [91575.0, 42650.0], [91576.0, 45000.0], [91578.5, 80010.0], [91579.0, 17830.0], [91580.0, 19460.0], [91580.5, 36000.0], [91581.5, 9240.0], [91582.0, 8930.0], [91584.0, 26000.0], [91584.5, 32030.0]]}}}
{"jsonrpc": "2.0", "method": "subscription", "params": {"channel": "book.BTC-PERPETUAL.none.20.100ms", "data": {"timestamp": 1764516225737, "change_id": 129748204015, "instrument_name": "BTC-PERPETUAL", "bids": [[91553.0, 188790.0], [91552.5, 8000.0], [91550.5, 50.0], [91550.0, 24320.0], [91545.5, 37560.0], [91545.0, 79990.0], [91544.5, 9230.0], [91544.0, 36610.0], [91543.0, 13480.0], [91540.0, 61000.0], [91539.0, 35710.0], [91538.5, 45000.0], [91536.5, 61580.0], [91536.0, 2360.0], [91534.5, 14250.0], [91532.0, 2600.0], [91530.5, 56990.0], [91530.0, 9150.0], [91529.5, 6830.0], [91525.5, 17890.0]], "asks": [[91553.5, 16990.0], [91555.0, 40000.0], [91558.5, 10000.0], [91562.5, 30.0], [91565.0, 2270.0], [91565.5, 7590.0], [91570.0, 6480.0], [91570.5, 35190.0], [91571.0, 36000.0], [91572.5, 6800.0], [91575.0, 42650.0], [91576.0, 45000.0], [91578.5, 80010.0], [91579.0, 17830.0], [91580.0, 19460.0], [91580.5, 36000.0], [91581.5, 9240.0], [91582.0, 8930.0], [91584.0, 26000.0], [91584.5, 32030.0]]}}}
{"jsonrpc": "2.0", "method": "subscription", "params": {"channel": "book.BTC-PERPETUAL.none.20.100ms", "data": {"timestamp": 1764516226074, "change_id": 129748204609, "instrument_name": "BTC-PERPETUAL", "bids": [[91553.0, 150420.0], [91552.5, 13990.0], [91550.5, 25990.0], [91550.0, 24320.0], [91547.5, 26630.0], [91547.0, 50.0], [91545.0, 79990.0], [91544.5, 9230.0], [91543.0, 38990.0], [91542.5, 95400.0], [91540.0, 36000.0], [91539.0, 35710.0], [91538.5, 45000.0], [91538.0, 25000.0], [91536.5, 61580.0], [91536.0, 2360.0], [91534.5, 14250.0], [91532.0, 2600.0], [91530.5, 56990.0], [91530.0, 9150.0]], "asks": [[91553.5, 16990.0], [91555.0, 40000.0], [91562.5, 30.0], [91565.0, 2270.0], [91565.5, 7590.0], [91570.0, 6480.0], [91570.5, 35190.0], [91571.0, 36000.0], [91572.5, 6800.0], [91575.0, 42650.0], [91575.5, 80010.0], [91576.0, 45000.0], [91579.0, 17830.0], [91580.0, 19460.0], [91580.5, 36000.0], [91581.5, 9240.0], [91582.0, 8930.0], [91584.0, 26000.0], [91584.5, 200.0], [91586.0, 61610.0]]}}}
{"jsonrpc": "2.0", "method": "subscription", "params": {"channel": "book.BTC-PERPETUAL.none.20.100ms", "data": {"timestamp": 1764516226401, "change_id": 129748204907, "instrument_name": "BTC-PERPETUAL", "bids": [[91553.0, 153870.0], [91552.5, 33800.0], [91552.0, 36620.0], [91550.5, 25990.0], [91550.0, 24320.0], [91549.0, 36610.0], [91548.0, 50.0], [91547.5, 26630.0], [91544.0, 79990.0], [91543.5, 9230.0], [91543.0, 38990.0], [91542.5, 95400.0], [91540.0, 36000.0], [91539.0, 35710.0], [91538.5, 45000.0], [91538.0, 25000.0], [91536.5, 61580.0], [91536.0, 2360.0], [91534.5, 14250.0], [91532.0, 2600.0]], "asks": [[91553.5, 16980.0], [91555.0, 40000.0], [91557.5, 10000.0], [91562.5, 30.0], [91565.0, 2270.0], [91565.5, 7590.0], [91569.5, 500.0], [91570.0, 5980.0], [91570.5, 35190.0], [91571.0, 36000.0], [91572.5, 6800.0], [91575.0, 42650.0], [91575.5, 80010.0], [91576.0, 45000.0], [91579.0, 17830.0], [91579.5, 9240.0], [91580.0, 13410.0], [91580.5, 36000.0], [91582.0, 8930.0], [91584.5, 200.0]]}}}
{"jsonrpc": "2.0", "method": "subscription", "params": {"channel": "book.BTC-PERPETUAL.none.20.100ms", "data": {"timestamp": 1764516226734, "change_id": 129748205075, "instrument_name": "BTC-PERPETUAL", "bids": [[91553.0, 146490.0], [91552.5, 29130.0], [91552.0, 36620.0], [91551.0, 50.0], [91550.5, 25990.0], [91550.0, 24320.0], [91549.0, 36610.0], [91544.5, 26630.0], [91544.0, 79990.0], [91543.5, 9230.0], [91543.0, 38990.0], [91542.5, 95400.0], [91540.0, 36000.0], [91539.0, 35710.0], [91538.5, 45000.0], [91538.0, 25000.0], [91536.5, 61580.0], [91536.0, 2360.0], [91534.5, 14250.0], [91532.0, 2600.0]], "asks": [[91553.5, 16980.0], [91555.0, 40000.0], [91562.5, 30.0], [91565.0, 2270.0], [91565.5, 7590.0], [91569.0, 6120.0], [91570.0, 20510.0], [91570.5, 15190.0], [91571.0, 36000.0], [91572.5, 6800.0], [91575.0, 42650.0], [91576.0, 45000.0], [91578.5, 80020.0], [91579.0, 17830.0], [91579.5, 9240.0], [91580.0, 13410.0], [91580.5, 36000.0], [91582.0, 8930.0], [91584.5, 200.0], [91585.5, 48000.0]]}}}
{"jsonrpc": "2.0", "method": "subscription", "params": {"channel": "book.BTC-PERPETUAL.none.20.100ms", "data": {"timestamp": 1764516227058, "change_id": 129748206027, "instrument_name": "BTC-PERPETUAL", "bids": [[91553.0, 131860.0], [91552.5, 29130.0], [91552.0, 36620.0], [91549.5, 7590.0], [91549.0, 36610.0], [91544.5, 7760.0], [91544.0, 25990.0], [91543.5, 63100.0], [91543.0, 80040.0], [91542.5, 95400.0], [91540.0, 45230.0], [91539.0, 22550.0], [91538.5, 45000.0], [91537.0, 25000.0], [91536.0, 2360.0], [91532.0, 5000.0], [91531.5, 2770.0], [91531.0, 27750.0], [91530.5, 36000.0], [91530.0, 61580.0]], "asks": [[91553.5, 56190.0], [91555.0, 70000.0], [91560.5, 2270.0], [91561.0, 7590.0], [91562.5, 30.0], [91565.5, 2030.0], [91566.0, 6800.0], [91567.5, 500.0], [91570.0, 10.0], [91570.5, 35660.0], [91571.0, 36000.0], [91574.0, 89250.0], [91575.5, 40430.0], [91576.0, 45000.0], [91578.5, 26000.0], [91579.0, 17830.0], [91579.5, 61610.0], [91580.0, 13410.0], [91580.5, 36000.0], [91581.5, 11000.0]]}}}
{"jsonrpc": "2.0", "method": "subscription", "params": {"channel": "book.BTC-PERPETUAL.none.20.100ms", "data": {"timestamp": 1764516227387, "change_id": 129748206370, "instrument_name": "BTC-PERPETUAL", "bids": [[91553.0, 130970.0], [91552.5, 29130.0], [91552.0, 36620.0], [91549.5, 7590.0], [91549.0, 36610.0], [91545.5, 50.0], [91545.0, 7760.0], [91544.0, 25990.0], [91543.5, 60490.0], [91543.0, 79990.0], [91542.5, 95400.0], [91540.0, 36000.0], [91539.0, 31780.0], [91538.5, 45000.0], [91537.0, 25000.0], [91536.0, 2360.0], [91532.0, 5000.0], [91531.5, 2770.0], [91531.0, 27750.0], [91530.5, 36000.0]], "asks": [[91553.5, 56150.0], [91555.0, 70000.0], [91560.5, 2270.0], [91561.0, 7590.0], [91562.5, 30.0], [91565.5, 2530.0], [91566.0, 6800.0], [91570.0, 10.0], [91570.5, 35660.0], [91571.0, 36000.0], [91573.5, 80010.0], [91574.5, 200.0], [91575.0, 9240.0], [91575.5, 40430.0], [91576.0, 45000.0], [91578.5, 26000.0], [91579.0, 17830.0], [91579.5, 61610.0], [91580.0, 13410.0], [91580.5, 36000.0]]}}}
{"jsonrpc": "2.0", "method": "subscription", "params": {"channel": "book.BTC-PERPETUAL.none.20.100ms", "data": {"timestamp": 1764516227714, "change_id": 129748206492, "instrument_name": "BTC-PERPETUAL", "bids": [[91553.0, 135990.0], [91552.5, 29130.0], [91552.0, 36620.0], [91549.5, 7590.0], [91549.0, 61010.0], [91545.5, 50.0], [91545.0, 7760.0], [91544.0, 25990.0], [91543.5, 37380.0], [91540.5, 79990.0], [91540.0, 36000.0], [91539.0, 31780.0], [91538.5, 45000.0], [91537.0, 25000.0], [91536.0, 2360.0], [91532.0, 5000.0], [91531.5, 2770.0], [91531.0, 27750.0], [91530.5, 36000.0], [91530.0, 61580.0]], "asks": [[91553.5, 68050.0], [91555.0, 70000.0], [91560.5, 2270.0], [91561.0, 7590.0], [91562.5, 30.0], [91565.0, 500.0], [91565.5, 2030.0], [91566.0, 6800.0], [91570.0, 10.0], [91570.5, 35660.0], [91571.0, 36000.0], [91574.5, 80210.0], [91575.0, 9240.0], [91575.5, 40430.0], [91576.0, 45000.0], [91578.5, 26000.0], [91579.0, 17830.0], [91579.5, 72610.0], [91580.0, 13410.0], [91580.5, 36000.0]]}}}
{"jsonrpc": "2.0", "method": "subscription", "params": {"channel": "book.BTC-PERPETUAL.none.20.100ms", "data": {"timestamp": 1764516228055, "change_id": 129748207199, "instrument_name": "BTC-PERPETUAL", "bids": [[91553.0, 138990.0], [91552.5, 29130.0], [91552.0, 36620.0], [91549.5, 7590.0], [91549.0, 61010.0], [91545.0, 7760.0], [91544.0, 26040.0], [91543.5, 37380.0], [91540.5, 79990.0], [91540.0, 36000.0], [91539.0, 31780.0], [91538.5, 45000.0], [91537.0, 25000.0], [91536.0, 2360.0], [91531.5, 2770.0], [91531.0, 27750.0], [91530.5, 36000.0], [91530.0, 61580.0], [91529.5, 6830.0], [91526.0, 20990.0]], "asks": [[91553.5, 68050.0], [91555.0, 70000.0], [91560.5, 2270.0], [91561.0, 7590.0], [91562.5, 30.0], [91565.0, 500.0], [91565.5, 2030.0], [91566.0, 6800.0], [91570.0, 23890.0], [91570.5, 93510.0], [91571.0, 36000.0], [91574.5, 200.0], [91575.0, 9240.0], [91575.5, 40430.0], [91576.0, 45000.0], [91578.5, 26000.0], [91579.0, 17830.0], [91579.5, 61610.0], [91580.0, 22490.0], [91580.5, 47000.0]]}}}
{"jsonrpc": "2.0", "method": "subscription", "params": {"channel": "book.BTC-PERPETUAL.none.20.100ms", "data": {"timestamp": 1764516228386, "change_id": 129748207549, "instrument_name": "BTC-PERPETUAL", "bids": [[91553.0, 129230.0], [91552.5, 29130.0], [91552.0, 36620.0], [91549.5, 7590.0], [91549.0, 61010.0], [91545.0, 7760.0], [91544.5, 50.0], [91544.0, 25990.0], [91543.5, 37380.0], [91540.5, 79990.0], [91540.0, 36000.0], [91539.0, 31780.0], [91538.5, 45000.0], [91537.0, 25000.0], [91536.0, 2360.0], [91533.5, 5000.0], [91531.5, 2770.0], [91531.0, 27750.0], [91530.5, 36000.0], [91530.0, 61580.0]], "asks": [[91553.5, 68050.0], [91555.0, 60000.0], [91560.5, 2270.0], [91561.0, 7590.0], [91562.5, 30.0], [91565.0, 500.0], [91565.5, 2030.0], [91566.0, 6800.0], [91570.0, 10.0], [91570.5, 42700.0], [91571.0, 36000.0], [91574.5, 80210.0], [91575.0, 9240.0], [91575.5, 44910.0], [91576.0, 45000.0], [91578.5, 26000.0], [91579.0, 17830.0], [91579.5, 61610.0], [91580.0, 22490.0], [91580.5, 36000.0]]}}}
{"jsonrpc": "2.0", "method": "subscription", "params": {"channel": "book.BTC-PERPETUAL.none.20.100ms", "data": {"timestamp": 1764516228692, "change_id": 129748207665, "instrument_name": "BTC-PERPETUAL", "bids": [[91553.0, 138380.0], [91552.5, 29130.0], [91552.0, 36620.0], [91549.5, 7590.0], [91549.0, 61010.0], [91545.0, 7760.0], [91544.5, 50.0], [91544.0, 25990.0], [91543.5, 37380.0], [91540.5, 79990.0], [91540.0, 36000.0], [91539.0, 56520.0], [91538.5, 45000.0], [91537.0, 120740.0], [91536.0, 2360.0], [91533.0, 5000.0], [91531.5, 2770.0], [91531.0, 27750.0], [91530.5, 36000.0], [91530.0, 61580.0]], "asks": [[91553.5, 85750.0], [91554.0, 20000.0], [91555.0, 40000.0], [91560.5, 2270.0], [91561.0, 7590.0], [91562.5, 30.0], [91565.0, 500.0], [91565.5, 2030.0], [91566.0, 6800.0], [91570.0, 10.0], [91570.5, 35710.0], [91571.0, 36000.0], [91574.5, 80210.0], [91575.0, 9240.0], [91575.5, 44910.0], [91576.0, 45000.0], [91578.5, 26000.0], [91579.0, 17830.0], [91579.5, 61610.0], [91580.0, 22490.0]]}}}
{"jsonrpc": "2.0", "method": "subscription", "params": {"channel": "book.BTC-PERPETUAL.none.20.100ms", "data": {"timestamp": 1764516229043, "change_id": 129748208385, "instrument_name": "BTC-PERPETUAL", "bids": [[91553.0, 133000.0], [91552.5, 29130.0], [91552.0, 36620.0], [91549.0, 61010.0], [91545.0, 7760.0], [91544.5, 50.0], [91544.0, 25990.0], [91543.5, 37380.0], [91540.5, 89220.0], [91540.0, 36000.0], [91539.0, 47290.0], [91538.5, 45000.0], [91537.0, 120740.0], [91536.0, 2360.0], [91533.0, 5000.0], [91531.5, 2770.0], [91531.0, 27750.0], [91530.5, 36000.0], [91530.0, 61580.0], [91529.5, 10730.0]], "asks": [[91553.5, 68050.0], [91554.5, 20000.0], [91555.0, 40000.0], [91560.5, 2270.0], [91561.0, 7590.0], [91562.5, 30.0], [91565.0, 500.0], [91565.5, 2030.0], [91566.0, 6800.0], [91570.0, 23890.0], [91570.5, 93570.0], [91571.0, 36000.0], [91574.5, 200.0], [91575.0, 9240.0], [91575.5, 44910.0], [91576.0, 45000.0], [91578.5, 26000.0], [91579.0, 17830.0], [91579.5, 61610.0], [91580.0, 22490.0]]}}}
{"jsonrpc": "2.0", "method": "subscription", "params": {"channel": "book.BTC-PERPETUAL.none.20.100ms", "data": {"timestamp": 1764516229361, "change_id": 129748208716, "instrument_name": "BTC-PERPETUAL", "bids": [[91553.0, 138020.0], [91552.5, 29130.0], [91552.0, 36620.0], [91549.5, 7590.0], [91549.0, 61010.0], [91545.0, 7760.0], [91544.0, 26040.0], [91543.5, 37380.0], [91540.5, 79990.0], [91540.0, 36000.0], [91539.0, 47290.0], [91538.5, 45000.0], [91537.5, 9230.0], [91537.0, 120740.0], [91536.0, 2360.0], [91533.0, 5000.0], [91531.5, 2770.0], [91531.0, 27750.0], [91530.5, 36000.0], [91530.0, 61580.0]], "asks": [[91553.5, 68050.0], [91554.0, 10000.0], [91554.5, 20000.0], [91555.0, 40000.0], [91560.5, 2270.0], [91561.0, 7590.0], [91562.5, 30.0], [91565.0, 500.0], [91565.5, 2030.0], [91566.0, 6800.0], [91569.5, 23890.0], [91570.0, 10.0], [91570.5, 93570.0], [91571.0, 36000.0], [91574.5, 200.0], [91575.0, 52950.0], [91575.5, 26000.0], [91576.0, 45000.0], [91578.0, 11000.0], [91578.5, 61610.0]]}}}
{"jsonrpc": "2.0", "method": "subscription", "params": {"channel": "book.BTC-PERPETUAL.none.20.100ms", "data": {"timestamp": 1764516229707, "change_id": 129748208994, "instrument_name": "BTC-PERPETUAL", "bids": [[91553.0, 138110.0], [91552.5, 29130.0], [91552.0, 7590.0], [91550.0, 26040.0], [91549.0, 61010.0], [91545.0, 31640.0], [91544.0, 89220.0], [91540.5, 10750.0], [91540.0, 36000.0], [91539.0, 47290.0], [91538.5, 45000.0], [91537.0, 120740.0], [91536.5, 61580.0], [91536.0, 2360.0], [91534.0, 17840.0], [91531.5, 2770.0], [91531.0, 20990.0], [91530.5, 36000.0], [91529.5, 6830.0], [91525.5, 17890.0]], "asks": [[91553.5, 31100.0], [91555.0, 40000.0], [91560.5, 2270.0], [91561.0, 7590.0], [91562.5, 30.0], [91569.5, 5970.0], [91570.0, 20010.0], [91570.5, 11250.0], [91571.0, 36000.0], [91573.5, 6800.0], [91575.0, 43000.0], [91576.0, 45000.0], [91578.5, 89260.0], [91579.0, 17830.0], [91580.0, 39720.0], [91580.5, 36000.0], [91581.5, 26000.0], [91582.0, 13930.0], [91583.5, 72610.0], [91584.0, 9150.0]]}}}
{"jsonrpc": "2.0", "method": "subscription", "params": {"channel": "book.BTC-PERPETUAL.none.20.100ms", "data": {"timestamp": 1764516230037, "change_id": 129748209766, "instrument_name": "BTC-PERPETUAL", "bids": [[91553.0, 148710.0], [91552.5, 29130.0], [91552.0, 7590.0], [91550.5, 50.0], [91550.0, 25990.0], [91549.0, 61010.0], [91548.0, 23880.0], [91547.5, 79990.0], [91541.0, 9230.0], [91540.5, 10750.0], [91540.0, 36000.0], [91539.0, 47290.0], [91538.5, 45000.0], [91537.0, 120740.0], [91536.0, 2360.0], [91534.5, 61580.0], [91534.0, 20440.0], [91531.5, 2770.0], [91531.0, 20990.0], [91530.5, 36000.0]], "asks": [[91553.5, 31100.0], [91555.0, 40000.0], [91560.5, 2270.0], [91561.0, 7590.0], [91562.5, 30.0], [91569.5, 5970.0], [91570.0, 20510.0], [91570.5, 10750.0], [91571.0, 36000.0], [91573.5, 6800.0], [91575.0, 43000.0], [91576.0, 45000.0], [91578.0, 80010.0], [91578.5, 9240.0], [91579.0, 17830.0], [91580.0, 39720.0], [91580.5, 36000.0], [91581.5, 37000.0], [91582.0, 8930.0], [91583.5, 72610.0]]}}}
{"jsonrpc": "2.0", "method": "subscription", "params": {"channel": "book.BTC-PERPETUAL.none.20.100ms", "data": {"timestamp": 1764516230330, "change_id": 129748210071, "instrument_name": "BTC-PERPETUAL", "bids": [[91553.0, 135530.0], [91552.5, 29130.0], [91552.0, 7590.0], [91550.5, 50.0], [91550.0, 25990.0], [91549.0, 61010.0], [91543.0, 37380.0], [91542.5, 79990.0], [91541.0, 9230.0], [91540.0, 36000.0], [91539.0, 47290.0], [91538.5, 45000.0], [91537.0, 25000.0], [91536.0, 2360.0], [91534.5, 61580.0], [91534.0, 20440.0], [91531.5, 2770.0], [91531.0, 20990.0], [91530.5, 36000.0], [91529.5, 6830.0]], "asks": [[91553.5, 31100.0], [91555.0, 50000.0], [91560.5, 2270.0], [91561.0, 7590.0], [91562.5, 30.0], [91569.5, 6470.0], [91570.0, 20010.0], [91570.5, 10750.0], [91571.0, 36000.0], [91573.5, 6800.0], [91575.0, 43000.0], [91576.0, 45000.0], [91578.0, 85010.0], [91578.5, 9240.0], [91579.0, 17830.0], [91579.5, 26000.0], [91580.0, 39720.0], [91580.5, 36000.0], [91581.0, 11000.0], [91582.0, 8930.0]]}}}
{"jsonrpc": "2.0", "method": "subscription", "params": {"channel": "book.BTC-PERPETUAL.none.20.100ms", "data": {"timestamp": 1764516230692, "change_id": 129748210213, "instrument_name": "BTC-PERPETUAL", "bids": [[91553.0, 126960.0], [91552.5, 29130.0], [91552.0, 7590.0], [91550.5, 50.0], [91550.0, 25990.0], [91549.0, 97620.0], [91545.0, 26630.0], [91544.5, 79990.0], [91541.5, 13500.0], [91540.5, 9230.0], [91540.0, 36000.0], [91539.0, 32520.0], [91538.5, 45000.0], [91536.0, 2360.0], [91534.5, 61580.0], [91534.0, 2600.0], [91533.5, 26790.0], [91533.0, 25000.0], [91531.5, 2770.0], [91531.0, 20990.0]], "asks": [[91553.5, 31100.0], [91554.0, 10000.0], [91554.5, 36200.0], [91555.0, 40000.0], [91560.5, 2270.0], [91561.0, 7590.0], [91562.5, 30.0], [91565.5, 2030.0], [91566.0, 6800.0], [91570.0, 510.0], [91570.5, 10750.0], [91571.0, 36000.0], [91575.0, 43000.0], [91576.0, 45000.0], [91578.0, 85010.0], [91578.5, 9240.0], [91579.0, 17830.0], [91579.5, 26000.0], [91580.0, 39720.0], [91580.5, 36000.0]]}}}
{"jsonrpc": "2.0", "method": "subscription", "params": {"channel": "book.BTC-PERPETUAL.none.20.100ms", "data": {"timestamp": 1764516231000, "change_id": 129748210895, "instrument_name": "BTC-PERPETUAL", "bids": [[91553.0, 125650.0], [91552.5, 29130.0], [91552.0, 7590.0], [91550.5, 50.0], [91550.0, 25990.0], [91549.0, 97620.0], [91547.0, 23880.0], [91546.5, 79990.0], [91541.5, 40920.0], [91540.5, 9230.0], [91540.0, 36000.0], [91539.0, 130170.0], [91538.5, 45000.0], [91536.0, 2360.0], [91534.5, 61580.0], [91534.0, 2600.0], [91533.5, 44330.0], [91531.5, 2770.0], [91531.0, 20990.0], [91530.5, 36000.0]], "asks": [[91553.5, 31100.0], [91554.5, 20000.0], [91555.0, 50000.0], [91560.5, 2270.0], [91561.0, 7590.0], [91562.5, 30.0], [91565.5, 2030.0], [91566.0, 6800.0], [91570.0, 510.0], [91570.5, 10750.0], [91571.0, 36000.0], [91575.0, 43000.0], [91576.0, 45000.0], [91578.0, 85010.0], [91578.5, 9240.0], [91579.0, 17830.0], [91580.0, 39720.0], [91580.5, 36000.0], [91581.0, 26000.0], [91581.5, 11000.0]]}}}
{"jsonrpc": "2.0", "method": "subscription", "params": {"channel": "book.BTC-PERPETUAL.none.20.100ms", "data": {"timestamp": 1764516231360, "change_id": 129748211383, "instrument_name": "BTC-PERPETUAL", "bids": [[91553.0, 168750.0], [91552.5, 41890.0], [91552.0, 7590.0], [91551.0, 2770.0], [91549.5, 79990.0], [91549.0, 61010.0], [91548.5, 9230.0], [91541.5, 40920.0], [91540.0, 36000.0], [91539.5, 61580.0], [91539.0, 119250.0], [91538.5, 45000.0], [91536.0, 27360.0], [91535.0, 20990.0], [91534.0, 2600.0], [91533.5, 13070.0], [91530.5, 36000.0], [91530.0, 5000.0], [91529.5, 6830.0], [91525.5, 17890.0]], "asks": [[91553.5, 31100.0], [91555.0, 40000.0], [91559.5, 10000.0], [91562.5, 30.0], [91565.5, 5970.0], [91566.0, 22270.0], [91566.5, 7590.0], [91570.0, 10.0], [91570.5, 10750.0], [91571.0, 36000.0], [91574.0, 6800.0], [91574.5, 500.0], [91575.0, 41730.0], [91576.0, 45000.0], [91578.0, 5000.0], [91579.0, 17830.0], [91579.5, 80010.0], [91580.0, 16140.0], [91580.5, 36000.0], [91582.0, 8930.0]]}}}
{"jsonrpc": "2.0", "method": "subscription", "params": {"channel": "book.BTC-PERPETUAL.none.20.100ms", "data": {"timestamp": 1764516231693, "change_id": 129748211529, "instrument_name": "BTC-PERPETUAL", "bids": [[91553.0, 201030.0], [91552.5, 41890.0], [91552.0, 7590.0], [91551.0, 2770.0], [91549.5, 89220.0], [91549.0, 61010.0], [91541.5, 60510.0], [91540.0, 36000.0], [91539.5, 61580.0], [91539.0, 144250.0], [91538.5, 45000.0], [91536.0, 2360.0], [91535.0, 20990.0], [91534.0, 2600.0], [91533.5, 13070.0], [91532.5, 5000.0], [91530.5, 36000.0], [91529.5, 6830.0], [91525.5, 17890.0], [91525.0, 2440.0]], "asks": [[91553.5, 16980.0], [91555.0, 40000.0], [91562.5, 30.0], [91566.5, 7590.0], [91570.0, 10.0], [91570.5, 30750.0], [91571.0, 36000.0], [91574.0, 6800.0], [91574.5, 500.0], [91575.0, 6810.0], [91578.0, 5000.0], [91579.0, 17830.0], [91580.0, 52350.0], [91580.5, 36000.0], [91581.5, 80020.0], [91582.0, 8930.0], [91583.0, 9240.0], [91584.0, 54150.0], [91586.0, 200.0], [91586.5, 42530.0]]}}}
{"jsonrpc": "2.0", "method": "subscription", "params": {"channel": "book.BTC-PERPETUAL.none.20.100ms", "data": {"timestamp": 1764516232020, "change_id": 129748212537, "instrument_name": "BTC-PERPETUAL", "bids": [[91554.5, 243760.0], [91553.5, 77780.0], [91553.0, 153860.0], [91552.0, 7590.0], [91551.5, 9230.0], [91549.0, 61010.0], [91546.0, 17430.0], [91544.0, 61580.0], [91543.0, 58280.0], [91542.5, 25000.0], [91540.0, 36000.0], [91539.5, 20990.0], [91539.0, 111790.0], [91538.5, 45000.0], [91536.0, 2360.0], [91534.0, 2600.0], [91533.5, 13070.0], [91532.5, 5000.0], [91530.5, 36000.0], [91529.5, 6830.0]], "asks": [[91555.0, 37670.0], [91562.5, 30.0], [91568.0, 5970.0], [91570.0, 10.0], [91570.5, 30750.0], [91571.0, 36000.0], [91572.0, 7590.0], [91575.0, 6810.0], [91579.0, 17830.0], [91579.5, 500.0], [91580.0, 29580.0], [91580.5, 36000.0], [91581.0, 6800.0], [91582.0, 8930.0], [91584.0, 45000.0], [91586.0, 5200.0], [91587.0, 9240.0], [91587.5, 100.0], [91588.0, 106010.0], [91588.5, 17910.0]]}}}
{"jsonrpc": "2.0", "method": "subscription", "params": {"channel": "book.BTC-PERPETUAL.none.20.100ms", "data": {"timestamp": 1764516232351, "change_id": 129748213818, "instrument_name": "BTC-PERPETUAL", "bids": [[91562.0, 324190.0], [91555.0, 77800.0], [91554.5, 193570.0], [91553.0, 13990.0], [91552.5, 61580.0], [91552.0, 41430.0], [91551.0, 45000.0], [91549.5, 56990.0], [91549.0, 36610.0], [91547.0, 7460.0], [91546.5, 25000.0], [91543.0, 39890.0], [91540.0, 36000.0], [91539.0, 97650.0], [91537.0, 12750.0], [91536.5, 17700.0], [91536.0, 2360.0], [91534.5, 22670.0], [91534.0, 2600.0], [91531.0, 10750.0]], "asks": [[91562.5, 30.0], [91570.0, 10.0], [91588.0, 500.0], [91591.5, 16070.0], [91592.0, 53830.0], [91592.5, 20000.0], [91593.0, 39690.0], [91594.5, 80010.0], [91595.0, 36000.0], [91595.5, 17910.0], [91596.0, 6810.0], [91599.0, 30530.0], [91599.5, 46240.0], [91600.0, 30.0], [91602.0, 72610.0], [91602.5, 1000.0], [91604.0, 5440.0], [91604.5, 17910.0], [91605.5, 200.0], [91606.5, 14030.0]]}}}
{"jsonrpc": "2.0", "method": "subscription", "params": {"channel": "book.BTC-PERPETUAL.none.20.100ms", "data": {"timestamp": 1764516232681, "change_id": 129748214353, "instrument_name": "BTC-PERPETUAL", "bids": [[91562.0, 399180.0], [91557.0, 58920.0], [91556.5, 79990.0], [91555.5, 9230.0], [91554.5, 90880.0], [91553.0, 140.0], [91552.0, 41430.0], [91551.5, 25000.0], [91551.0, 45000.0], [91549.5, 36000.0], [91549.0, 36610.0], [91548.0, 61580.0], [91547.5, 7460.0], [91543.5, 20990.0], [91543.0, 10750.0], [91540.0, 36000.0], [91539.0, 9150.0], [91537.0, 12750.0], [91536.5, 17700.0], [91534.5, 17690.0]], "asks": [[91562.5, 30.0], [91570.0, 10.0], [91584.0, 500.0], [91584.5, 13190.0], [91585.0, 36000.0], [91585.5, 7590.0], [91586.5, 100.0], [91589.5, 20000.0], [91590.0, 56440.0], [91590.5, 80010.0], [91591.5, 9240.0], [91592.0, 53830.0], [91593.0, 45690.0], [91594.5, 37000.0], [91595.0, 97610.0], [91595.5, 17910.0], [91596.0, 6810.0], [91597.5, 8290.0], [91598.0, 11000.0], [91600.0, 30.0]]}}}
{"jsonrpc": "2.0", "method": "subscription", "params": {"channel": "book.BTC-PERPETUAL.none.20.100ms", "data": {"timestamp": 1764516233001, "change_id": 129748215204, "instrument_name": "BTC-PERPETUAL", "bids": [[91562.0, 408970.0], [91559.0, 23880.0], [91558.5, 79990.0], [91555.5, 11590.0], [91555.0, 13260.0], [91554.5, 41280.0], [91553.0, 140.0], [91551.5, 62440.0], [91551.0, 45000.0], [91550.5, 5000.0], [91549.5, 36000.0], [91549.0, 61610.0], [91548.0, 61580.0], [91547.5, 7460.0], [91543.5, 20990.0], [91543.0, 10750.0], [91540.0, 36000.0], [91539.0, 9150.0], [91537.0, 12750.0], [91536.5, 17700.0]], "asks": [[91562.5, 30.0], [91570.0, 10.0], [91579.0, 2270.0], [91579.5, 7590.0], [91584.0, 500.0], [91584.5, 13190.0], [91585.0, 36000.0], [91586.5, 100.0], [91589.0, 6800.0], [91590.5, 42710.0], [91591.0, 80010.0], [91591.5, 9240.0], [91592.0, 53830.0], [91593.0, 45690.0], [91594.5, 37000.0], [91595.0, 36000.0], [91595.5, 17910.0], [91596.0, 210.0], [91597.0, 61610.0], [91597.5, 10610.0]]}}}
{"jsonrpc": "2.0", "method": "subscription", "params": {"channel": "book.BTC-PERPETUAL.none.20.100ms", "data": {"timestamp": 1764516233336, "change_id": 129748215618, "instrument_name": "BTC-PERPETUAL", "bids": [[91562.0, 403910.0], [91561.0, 26630.0], [91560.5, 79990.0], [91557.0, 9230.0], [91556.0, 15260.0], [91555.5, 2360.0], [91554.5, 39390.0], [91553.0, 140.0], [91551.5, 44060.0], [91551.0, 45000.0], [91550.5, 5000.0], [91549.5, 36000.0], [91549.0, 36610.0], [91548.0, 61580.0], [91547.5, 12770.0], [91547.0, 25000.0], [91543.5, 20990.0], [91543.0, 10750.0], [91540.0, 36000.0], [91539.0, 9150.0]], "asks": [[91562.5, 30.0], [91570.0, 10010.0], [91579.0, 2270.0], [91579.5, 7590.0], [91584.0, 500.0], [91584.5, 13190.0], [91585.0, 36000.0], [91586.5, 100.0], [91589.0, 26800.0], [91589.5, 45510.0], [91591.5, 80010.0], [91592.0, 53830.0], [91592.5, 9240.0], [91593.0, 46170.0], [91594.5, 26000.0], [91595.0, 36000.0], [91595.5, 17910.0], [91596.0, 11210.0], [91597.0, 61610.0], [91597.5, 5000.0]]}}}
{"jsonrpc": "2.0", "method": "subscription", "params": {"channel": "book.BTC-PERPETUAL.none.20.100ms", "data": {"timestamp": 1764516233676, "change_id": 129748215790, "instrument_name": "BTC-PERPETUAL", "bids": [[91562.0, 326700.0], [91561.0, 26630.0], [91560.5, 20780.0], [91557.5, 79990.0], [91556.0, 48830.0], [91555.5, 2360.0], [91554.5, 136690.0], [91553.0, 140.0], [91551.5, 44060.0], [91551.0, 45000.0], [91550.5, 5000.0], [91549.5, 61000.0], [91549.0, 36610.0], [91548.0, 61580.0], [91547.5, 7460.0], [91543.5, 20990.0], [91543.0, 10750.0], [91540.0, 36000.0], [91539.0, 9150.0], [91537.0, 12750.0]], "asks": [[91562.5, 30.0], [91570.0, 10.0], [91579.0, 2270.0], [91579.5, 7590.0], [91584.0, 500.0], [91584.5, 13190.0], [91585.0, 36000.0], [91586.5, 100.0], [91589.0, 26800.0], [91589.5, 45510.0], [91591.5, 80010.0], [91592.0, 53830.0], [91592.5, 9240.0], [91593.0, 46170.0], [91594.5, 37000.0], [91595.0, 36000.0], [91595.5, 17910.0], [91596.0, 210.0], [91596.5, 11000.0], [91597.0, 61610.0]]}}}
{"jsonrpc": "2.0", "method": "subscription", "params": {"channel": "book.BTC-PERPETUAL.none.20.100ms", "data": {"timestamp": 1764516234003, "change_id": 129748216498, "instrument_name": "BTC-PERPETUAL", "bids": [[91562.0, 353540.0], [91561.0, 29290.0], [91560.5, 20780.0], [91557.5, 79990.0], [91556.0, 9230.0], [91555.5, 2360.0], [91555.0, 40840.0], [91554.5, 136690.0], [91553.0, 140.0], [91551.5, 44060.0], [91551.0, 45000.0], [91550.5, 5000.0], [91550.0, 25000.0], [91549.5, 36000.0], [91549.0, 36610.0], [91548.0, 61580.0], [91547.5, 7460.0], [91543.5, 20990.0], [91543.0, 10750.0], [91540.0, 36000.0]], "asks": [[91562.5, 30.0], [91570.0, 10.0], [91570.5, 10000.0], [91579.0, 2270.0], [91579.5, 7590.0], [91584.0, 500.0], [91584.5, 13190.0], [91585.0, 36000.0], [91586.5, 100.0], [91589.0, 26800.0], [91589.5, 45510.0], [91591.5, 80010.0], [91592.0, 53830.0], [91592.5, 9240.0], [91593.0, 46170.0], [91594.5, 26000.0], [91595.0, 36000.0], [91595.5, 17910.0], [91596.0, 11210.0], [91597.0, 61610.0]]}}}
{"jsonrpc": "2.0", "method": "subscription", "params": {"channel": "book.BTC-PERPETUAL.none.20.100ms", "data": {"timestamp": 1764516234337, "change_id": 129748216834, "instrument_name": "BTC-PERPETUAL", "bids": [[91562.0, 349460.0], [91561.0, 6200.0], [91560.5, 20780.0], [91557.0, 68180.0], [91556.5, 79990.0], [91556.0, 9230.0], [91555.5, 2360.0], [91554.5, 136690.0], [91553.0, 140.0], [91551.5, 44060.0], [91551.0, 45000.0], [91550.5, 5000.0], [91549.5, 61000.0], [91549.0, 36610.0], [91548.0, 61580.0], [91547.5, 7460.0], [91543.5, 20990.0], [91543.0, 10750.0], [91540.0, 36000.0], [91539.0, 9150.0]], "asks": [[91562.5, 30.0], [91569.0, 10000.0], [91570.0, 10.0], [91579.0, 2270.0], [91579.5, 7590.0], [91584.0, 500.0], [91584.5, 13190.0], [91585.0, 36000.0], [91586.5, 100.0], [91588.0, 20000.0], [91588.5, 50710.0], [91589.0, 6800.0], [91591.5, 80010.0], [91592.0, 53830.0], [91592.5, 9240.0], [91593.0, 46170.0], [91594.5, 37000.0], [91595.0, 36000.0], [91595.5, 17910.0], [91596.0, 210.0]]}}}
{"jsonrpc": "2.0", "method": "subscription", "params": {"channel": "book.BTC-PERPETUAL.none.20.100ms", "data": {"timestamp": 1764516234666, "change_id": 129748217008, "instrument_name": "BTC-PERPETUAL", "bids": [[91562.0, 348940.0], [91561.0, 6250.0], [91560.5, 20780.0], [91557.0, 68180.0], [91556.5, 79990.0], [91556.0, 9230.0], [91555.5, 2360.0], [91554.5, 136690.0], [91553.0, 140.0], [91551.5, 44060.0], [91551.0, 45000.0], [91550.5, 5000.0], [91549.5, 36000.0], [91549.0, 61610.0], [91548.0, 61580.0], [91547.5, 7460.0], [91543.5, 20990.0], [91543.0, 10750.0], [91540.0, 36000.0], [91539.0, 9150.0]], "asks": [[91562.5, 30.0], [91570.0, 10.0], [91579.0, 2270.0], [91579.5, 7590.0], [91582.0, 2180.0], [91582.5, 6800.0], [91584.0, 500.0], [91584.5, 38940.0], [91585.0, 36000.0], [91586.5, 100.0], [91587.5, 80010.0], [91588.0, 20000.0], [91589.5, 24110.0], [91590.0, 17690.0], [91592.0, 53830.0], [91592.5, 35240.0], [91593.0, 46170.0], [91594.5, 11000.0], [91595.0, 36000.0], [91595.5, 17910.0]]}}}
{"jsonrpc": "2.0", "method": "subscription", "params": {"channel": "book.BTC-PERPETUAL.none.20.100ms", "data": {"timestamp": 1764516234987, "change_id": 129748217839, "instrument_name": "BTC-PERPETUAL", "bids": [[91562.0, 234130.0], [91561.5, 13980.0], [91561.0, 26040.0], [91560.5, 20780.0], [91557.0, 44300.0], [91555.5, 82350.0], [91554.5, 39390.0], [91553.0, 140.0], [91552.5, 9230.0], [91551.5, 42570.0], [91551.0, 45000.0], [91549.5, 36000.0], [91549.0, 36610.0], [91548.5, 25000.0], [91547.0, 5000.0], [91545.0, 18380.0], [91544.5, 61580.0], [91543.0, 10750.0], [91540.0, 36000.0], [91539.0, 9150.0]], "asks": [[91562.5, 150.0], [91570.0, 10.0], [91573.5, 2270.0], [91574.0, 7590.0], [91581.5, 500.0], [91582.0, 2180.0], [91582.5, 6800.0], [91584.5, 32970.0], [91585.0, 36000.0], [91586.5, 100.0], [91588.0, 80010.0], [91589.0, 9240.0], [91589.5, 32390.0], [91590.0, 17690.0], [91591.5, 26000.0], [91592.0, 53830.0], [91593.0, 37090.0], [91593.5, 11000.0], [91594.0, 72610.0], [91595.0, 36000.0]]}}}
{"jsonrpc": "2.0", "method": "subscription", "params": {"channel": "book.BTC-PERPETUAL.none.20.100ms", "data": {"timestamp": 1764516235330, "change_id": 129748218383, "instrument_name": "BTC-PERPETUAL", "bids": [[91562.0, 268200.0], [91561.5, 38650.0], [91561.0, 89220.0], [91558.0, 25000.0], [91556.0, 1570.0], [91555.5, 2360.0], [91554.5, 2770.0], [91553.0, 140.0], [91551.5, 42570.0], [91551.0, 45000.0], [91550.0, 61580.0], [91549.5, 36000.0], [91549.0, 36610.0], [91548.0, 7760.0], [91547.0, 5000.0], [91545.0, 20990.0], [91543.0, 10750.0], [91540.0, 36000.0], [91539.0, 9150.0], [91537.0, 12750.0]], "asks": [[91562.5, 30.0], [91570.0, 10.0], [91581.0, 7590.0], [91582.0, 2180.0], [91582.5, 6800.0], [91584.0, 500.0], [91584.5, 13190.0], [91585.0, 36000.0], [91586.5, 100.0], [91588.5, 20000.0], [91589.0, 42500.0], [91590.0, 17690.0], [91591.5, 80010.0], [91592.0, 53830.0], [91593.0, 29220.0], [91595.0, 36000.0], [91595.5, 17910.0], [91596.0, 210.0], [91596.5, 9240.0], [91597.5, 16000.0]]}}}
{"jsonrpc": "2.0", "method": "subscription", "params": {"channel": "book.BTC-PERPETUAL.none.20.100ms", "data": {"timestamp": 1764516235653, "change_id": 129748218608, "instrument_name": "BTC-PERPETUAL", "bids": [[91562.0, 275520.0], [91561.5, 30390.0], [91560.0, 24540.0], [91558.5, 89220.0], [91558.0, 25000.0], [91555.5, 2360.0], [91553.0, 140.0], [91552.0, 61580.0], [91551.5, 42570.0], [91551.0, 45000.0], [91549.5, 36000.0], [91549.0, 36610.0], [91548.0, 17120.0], [91547.5, 20990.0], [91547.0, 5000.0], [91544.0, 36610.0], [91543.0, 10750.0], [91540.0, 36000.0], [91539.0, 9150.0], [91537.0, 12750.0]], "asks": [[91562.5, 160.0], [91570.0, 10.0], [91580.5, 4300.0], [91581.0, 7590.0], [91582.5, 6800.0], [91584.5, 13190.0], [91585.0, 36000.0], [91586.5, 100.0], [91588.0, 500.0], [91588.5, 20000.0], [91589.0, 42500.0], [91590.0, 17690.0], [91592.0, 53830.0], [91592.5, 80010.0], [91593.0, 17480.0], [91595.0, 45240.0], [91595.5, 17910.0], [91596.0, 210.0], [91597.5, 42000.0], [91600.0, 30.0]]}}}
{"jsonrpc": "2.0", "method": "subscription", "params": {"channel": "book.BTC-PERPETUAL.none.20.100ms", "data": {"timestamp": 1764516235988, "change_id": 129748219368, "instrument_name": "BTC-PERPETUAL", "bids": [[91562.0, 278200.0], [91561.0, 41420.0], [91560.0, 24540.0], [91559.0, 79990.0], [91558.5, 9230.0], [91556.5, 29950.0], [91556.0, 97840.0], [91555.5, 2360.0], [91553.0, 140.0], [91551.5, 42570.0], [91551.0, 45000.0], [91550.0, 61580.0], [91549.5, 36000.0], [91549.0, 36610.0], [91548.0, 14230.0], [91545.5, 25000.0], [91544.5, 20990.0], [91543.0, 10750.0], [91540.0, 36000.0], [91539.0, 9150.0]], "asks": [[91562.5, 30.0], [91569.5, 10000.0], [91570.0, 10.0], [91580.5, 4300.0], [91581.0, 7590.0], [91582.5, 6800.0], [91584.0, 500.0], [91584.5, 13190.0], [91585.0, 36000.0], [91586.5, 100.0], [91589.0, 42500.0], [91590.0, 17690.0], [91591.5, 80010.0], [91592.0, 53830.0], [91593.0, 46280.0], [91594.5, 9240.0], [91595.0, 36000.0], [91595.5, 17910.0], [91596.0, 210.0], [91597.0, 11000.0]]}}}
{"jsonrpc": "2.0", "method": "subscription", "params": {"channel": "book.BTC-PERPETUAL.none.20.100ms", "data": {"timestamp": 1764516236321, "change_id": 129748219805, "instrument_name": "BTC-PERPETUAL", "bids": [[91562.0, 284620.0], [91561.0, 41420.0], [91560.5, 9230.0], [91560.0, 24540.0], [91557.0, 79990.0], [91556.5, 29950.0], [91556.0, 97840.0], [91555.5, 2360.0], [91553.0, 100.0], [91552.0, 36620.0], [91551.5, 42570.0], [91551.0, 45000.0], [91550.5, 5000.0], [91550.0, 61580.0], [91549.5, 61000.0], [91549.0, 36610.0], [91548.0, 7760.0], [91544.5, 20990.0], [91543.0, 10750.0], [91540.0, 36000.0]], "asks": [[91562.5, 130.0], [91570.0, 10.0], [91580.5, 4300.0], [91581.0, 7590.0], [91582.5, 6800.0], [91584.0, 500.0], [91584.5, 13190.0], [91585.0, 36000.0], [91586.5, 100.0], [91588.5, 20000.0], [91589.0, 42500.0], [91590.0, 17690.0], [91591.5, 80010.0], [91592.0, 53830.0], [91593.0, 31980.0], [91594.5, 9240.0], [91595.0, 36000.0], [91595.5, 17910.0], [91596.0, 210.0], [91597.0, 11000.0]]}}}
{"jsonrpc": "2.0", "method": "subscription", "params": {"channel": "book.BTC-PERPETUAL.none.20.100ms", "data": {"timestamp": 1764516236651, "change_id": 129748219921, "instrument_name": "BTC-PERPETUAL", "bids": [[91562.0, 289530.0], [91561.0, 41420.0], [91560.0, 24540.0], [91558.0, 79990.0], [91557.5, 9230.0], [91556.5, 29950.0], [91556.0, 97840.0], [91555.5, 2360.0], [91553.0, 100.0], [91552.5, 98370.0], [91552.0, 36620.0], [91551.0, 45000.0], [91550.5, 5000.0], [91550.0, 61580.0], [91549.5, 36000.0], [91549.0, 36610.0], [91548.0, 7760.0], [91544.5, 20990.0], [91543.0, 10750.0], [91540.0, 36000.0]], "asks": [[91562.5, 120.0], [91570.0, 10010.0], [91580.5, 4300.0], [91581.0, 7590.0], [91582.5, 6800.0], [91584.0, 500.0], [91584.5, 13190.0], [91585.0, 36000.0], [91586.5, 100.0], [91588.5, 20000.0], [91589.0, 42500.0], [91590.0, 17690.0], [91591.5, 80010.0], [91592.0, 53830.0], [91593.0, 31980.0], [91594.5, 9240.0], [91595.0, 36000.0], [91595.5, 17910.0], [91596.0, 210.0], [91597.0, 22000.0]]}}}
{"jsonrpc": "2.0", "method": "subscription", "params": {"channel": "book.BTC-PERPETUAL.none.20.100ms", "data": {"timestamp": 1764516236965, "change_id": 129748220528, "instrument_name": "BTC-PERPETUAL", "bids": [[91562.0, 285680.0], [91561.0, 41420.0], [91560.0, 24540.0], [91558.5, 79990.0], [91558.0, 9230.0], [91556.5, 29950.0], [91556.0, 97840.0], [91555.5, 2360.0], [91553.0, 100.0], [91552.5, 73370.0], [91552.0, 61620.0], [91551.0, 45000.0], [91550.5, 5000.0], [91550.0, 61580.0], [91549.5, 36000.0], [91549.0, 36610.0], [91548.0, 7760.0], [91544.5, 20990.0], [91543.0, 10750.0], [91540.0, 36000.0]], "asks": [[91562.5, 120.0], [91570.0, 10.0], [91580.5, 4300.0], [91581.0, 7590.0], [91582.5, 6800.0], [91584.0, 500.0], [91584.5, 13190.0], [91585.0, 36000.0], [91586.5, 100.0], [91588.5, 20000.0], [91589.0, 42500.0], [91589.5, 80010.0], [91590.0, 17690.0], [91592.0, 53830.0], [91593.0, 31980.0], [91594.5, 9240.0], [91595.0, 36000.0], [91595.5, 17910.0], [91596.0, 210.0], [91596.5, 37000.0]]}}}
{"jsonrpc": "2.0", "method": "subscription", "params": {"channel": "book.BTC-PERPETUAL.none.20.100ms", "data": {"timestamp": 1764516237306, "change_id": 129748220895, "instrument_name": "BTC-PERPETUAL", "bids": [[91562.0, 280430.0], [91561.0, 41420.0], [91560.0, 24540.0], [91558.5, 79990.0], [91558.0, 9230.0], [91556.5, 29950.0], [91556.0, 97840.0], [91555.5, 2360.0], [91553.0, 100.0], [91552.5, 73370.0], [91552.0, 61620.0], [91551.0, 45000.0], [91550.0, 61580.0], [91549.5, 36000.0], [91549.0, 36610.0], [91548.0, 7760.0], [91544.5, 20990.0], [91543.0, 10750.0], [91540.0, 36000.0], [91537.0, 12750.0]], "asks": [[91562.5, 30.0], [91568.0, 10000.0], [91570.0, 10.0], [91580.5, 4300.0], [91581.0, 7590.0], [91582.5, 6800.0], [91584.0, 500.0], [91584.5, 13190.0], [91585.0, 36000.0], [91586.5, 100.0], [91589.0, 42500.0], [91589.5, 80010.0], [91590.0, 17690.0], [91592.0, 53830.0], [91593.0, 31980.0], [91594.5, 9240.0], [91595.0, 36000.0], [91595.5, 17910.0], [91596.0, 210.0], [91596.5, 26000.0]]}}}
