{"jsonrpc": "2.0", "id": 1, "result": ["book.BTC-PERPETUAL.none.20.100ms"], "usIn": 1760578019055250, "usOut": 1760578019055462, "usDiff": 212, "testnet": false}
{"jsonrpc": "2.0", "method": "subscription", "params": {"channel": "book.BTC-PERPETUAL.none.20.100ms", "data": {"timestamp": 1760578019051, "change_id": 122065595614, "instrument_name": "BTC-PERPETUAL", "bids": [[110902.0, 800120.0], [110901.0, 40.0], [110895.0, 20.0], [110894.5, 20.0], [110894.0, 20.0], [110893.0, 500.0], [110892.0, 2390.0], [110891.5, 8000.0], [110891.0, 8880.0], [110890.5, 30730.0], [110889.5, 500.0], [110885.0, 500.0], [110882.5, 3430.0], [110881.5, 500.0], [110880.5, 11000.0], [110880.0, 29220.0], [110879.0, 10530.0], [110878.5, 33110.0], [110878.0, 500.0], [110877.0, 9240.0]], "asks": [[110902.5, 218660.0], [110904.0, 26000.0], [110904.5, 5550.0], [110911.5, 107620.0], [110914.5, 600.0], [110915.5, 11200.0], [110917.0, 50000.0], [110917.5, 14790.0], [110918.5, 22720.0], [110920.5, 5800.0], [110923.0, 19650.0], [110924.0, 34890.0], [110925.0, 30440.0], [110926.0, 10410.0], [110926.5, 66530.0], [110930.0, 5000.0], [110932.0, 22480.0], [110933.0, 64030.0], [110933.5, 15000.0], [110935.5, 44100.0]]}}}
{"jsonrpc": "2.0", "method": "subscription", "params": {"channel": "book.BTC-PERPETUAL.none.20.100ms", "data": {"timestamp": 1760578019174, "change_id": 122065595876, "instrument_name": "BTC-PERPETUAL", "bids": [[110902.0, 798120.0], [110901.0, 40.0], [110895.0, 20.0], [110894.5, 20.0], [110894.0, 20.0], [110893.0, 500.0], [110891.0, 8880.0], [110890.5, 30730.0], [110889.5, 500.0], [110885.0, 500.0], [110881.5, 500.0], [110880.0, 29220.0], [110879.5, 11000.0], [110879.0, 10530.0], [110878.5, 33110.0], [110878.0, 500.0], [110877.0, 9240.0], [110876.5, 40000.0], [110874.5, 500.0], [110872.0, 11000.0]], "asks": [[110902.5, 245570.0], [110903.5, 25000.0], [110904.5, 5550.0], [110911.5, 82620.0], [110914.5, 600.0], [110917.0, 50000.0], [110917.5, 14790.0], [110918.0, 9240.0], [110918.5, 22720.0], [110920.0, 56160.0], [110920.5, 5800.0], [110923.0, 10410.0], [110924.0, 34890.0], [110925.0, 3110.0], [110926.0, 10410.0], [110930.0, 5000.0], [110931.0, 23590.0], [110931.5, 50030.0], [110933.0, 14000.0], [110933.5, 15000.0]]}}}
{"jsonrpc": "2.0", "method": "subscription", "params": {"channel": "book.BTC-PERPETUAL.none.20.100ms", "data": {"timestamp": 1760578019505, "change_id": 122065596751, "instrument_name": "BTC-PERPETUAL", "bids": [[110902.0, 798120.0], [110901.0, 40.0], [110899.5, 20.0], [110899.0, 20.0], [110898.5, 20.0], [110898.0, 20.0], [110897.5, 20.0], [110895.0, 20.0], [110893.0, 500.0], [110891.0, 8880.0], [110890.5, 30730.0], [110889.5, 500.0], [110885.5, 5310.0], [110885.0, 6300.0], [110882.0, 9240.0], [110881.5, 500.0], [110880.5, 11000.0], [110880.0, 29220.0], [110879.5, 11000.0], [110879.0, 10530.0]], "asks": [[110902.5, 189680.0], [110904.5, 5550.0], [110910.0, 25000.0], [110911.0, 37000.0], [110911.5, 82620.0], [110914.5, 600.0], [110917.5, 14790.0], [110918.0, 50000.0], [110920.0, 56160.0], [110920.5, 5800.0], [110922.5, 9240.0], [110923.0, 10410.0], [110924.0, 34890.0], [110929.0, 14930.0], [110930.0, 5000.0], [110932.5, 56300.0], [110933.5, 15000.0], [110935.0, 41980.0], [110935.5, 44100.0], [110937.0, 40000.0]]}}}
{"jsonrpc": "2.0", "method": "subscription", "params": {"channel": "book.BTC-PERPETUAL.none.20.100ms", "data": {"timestamp": 1760578019812, "change_id": 122065597534, "instrument_name": "BTC-PERPETUAL", "bids": [[110902.0, 798120.0], [110901.0, 40.0], [110900.0, 20.0], [110899.5, 20.0], [110899.0, 20.0], [110898.5, 520.0], [110893.0, 500.0], [110891.0, 8880.0], [110890.5, 30730.0], [110889.5, 500.0], [110885.5, 10410.0], [110885.0, 6300.0], [110882.5, 11000.0], [110881.5, 500.0], [110881.0, 11000.0], [110880.5, 9240.0], [110880.0, 29220.0], [110879.0, 10530.0], [110878.5, 33110.0], [110878.0, 500.0]], "asks": [[110902.5, 166890.0], [110904.0, 11000.0], [110904.5, 5550.0], [110911.0, 26000.0], [110912.0, 34890.0], [110914.0, 107620.0], [110914.5, 600.0], [110917.5, 14790.0], [110920.0, 56160.0], [110922.5, 50000.0], [110923.5, 9240.0], [110924.5, 20.0], [110925.5, 20.0], [110926.0, 20.0], [110927.5, 1730.0], [110928.0, 5800.0], [110930.0, 5000.0], [110930.5, 19410.0], [110931.0, 50030.0], [110933.0, 13990.0]]}}}
{"jsonrpc": "2.0", "method": "subscription", "params": {"channel": "book.BTC-PERPETUAL.none.20.100ms", "data": {"timestamp": 1760578020158, "change_id": 122065598153, "instrument_name": "BTC-PERPETUAL", "bids": [[110902.0, 762620.0], [110901.0, 40.0], [110898.5, 500.0], [110897.0, 20.0], [110893.0, 500.0], [110891.0, 8880.0], [110890.5, 30730.0], [110889.5, 500.0], [110885.5, 2030.0], [110885.0, 6300.0], [110881.5, 500.0], [110880.0, 29220.0], [110879.5, 22000.0], [110879.0, 10530.0], [110878.5, 33110.0], [110878.0, 500.0], [110877.0, 9240.0], [110876.5, 40000.0], [110874.5, 500.0], [110871.5, 14180.0]], "asks": [[110902.5, 195750.0], [110903.5, 51000.0], [110904.5, 5550.0], [110912.0, 34890.0], [110914.0, 82620.0], [110914.5, 600.0], [110917.5, 14790.0], [110918.0, 50000.0], [110919.5, 9240.0], [110920.0, 56160.0], [110923.0, 5800.0], [110924.5, 20.0], [110925.0, 3210.0], [110925.5, 10750.0], [110926.0, 20.0], [110929.5, 27380.0], [110930.0, 55030.0], [110930.5, 22720.0], [110933.0, 13990.0], [110936.5, 20750.0]]}}}
{"jsonrpc": "2.0", "method": "subscription", "params": {"channel": "book.BTC-PERPETUAL.none.20.100ms", "data": {"timestamp": 1760578020494, "change_id": 122065598887, "instrument_name": "BTC-PERPETUAL", "bids": [[110902.0, 754620.0], [110901.0, 40.0], [110893.0, 2890.0], [110892.5, 8000.0], [110891.0, 8880.0], [110890.5, 30730.0], [110889.5, 500.0], [110885.5, 5050.0], [110885.0, 6300.0], [110881.5, 500.0], [110880.5, 11000.0], [110880.0, 29220.0], [110879.5, 11000.0], [110879.0, 10530.0], [110878.5, 33110.0], [110878.0, 500.0], [110877.0, 9240.0], [110876.5, 40000.0], [110874.5, 500.0], [110871.5, 14180.0]], "asks": [[110902.5, 205270.0], [110904.0, 26000.0], [110904.5, 5550.0], [110912.0, 34890.0], [110914.0, 82620.0], [110914.5, 600.0], [110917.5, 14790.0], [110918.0, 50000.0], [110919.5, 9240.0], [110920.0, 56160.0], [110921.5, 6000.0], [110923.0, 5800.0], [110924.5, 20.0], [110925.0, 25630.0], [110925.5, 10750.0], [110926.0, 32690.0], [110929.0, 50020.0], [110930.0, 15960.0], [110930.5, 22720.0], [110933.0, 13990.0]]}}}
{"jsonrpc": "2.0", "method": "subscription", "params": {"channel": "book.BTC-PERPETUAL.none.20.100ms", "data": {"timestamp": 1760578020776, "change_id": 122065599400, "instrument_name": "BTC-PERPETUAL", "bids": [[110902.0, 702220.0], [110901.0, 40.0], [110895.0, 20.0], [110894.5, 20.0], [110894.0, 20.0], [110893.5, 20.0], [110893.0, 2390.0], [110892.5, 8000.0], [110891.0, 3420.0], [110890.5, 10730.0], [110889.5, 500.0], [110885.5, 2030.0], [110885.0, 6300.0], [110881.5, 500.0], [110880.0, 29220.0], [110879.5, 11000.0], [110879.0, 10530.0], [110878.5, 33110.0], [110878.0, 20500.0], [110877.5, 11000.0]], "asks": [[110902.5, 251430.0], [110904.5, 5550.0], [110909.5, 61620.0], [110912.0, 34890.0], [110914.0, 21000.0], [110914.5, 600.0], [110916.0, 50000.0], [110917.0, 15040.0], [110917.5, 14790.0], [110919.5, 20290.0], [110920.0, 56160.0], [110921.5, 6000.0], [110924.0, 26250.0], [110924.5, 20.0], [110925.5, 60780.0], [110926.0, 32690.0], [110930.0, 15960.0], [110930.5, 22720.0], [110933.0, 13990.0], [110936.5, 20750.0]]}}}
{"jsonrpc": "2.0", "method": "subscription", "params": {"channel": "book.BTC-PERPETUAL.none.20.100ms", "data": {"timestamp": 1760578021155, "change_id": 122065600010, "instrument_name": "BTC-PERPETUAL", "bids": [[110902.0, 741920.0], [110901.0, 40.0], [110895.5, 20.0], [110895.0, 20.0], [110894.5, 20.0], [110894.0, 20.0], [110893.5, 20.0], [110893.0, 2410.0], [110892.5, 8000.0], [110891.0, 3420.0], [110890.5, 10730.0], [110889.5, 500.0], [110885.5, 2030.0], [110885.0, 6300.0], [110881.5, 500.0], [110880.0, 29220.0], [110879.5, 22000.0], [110879.0, 10530.0], [110878.5, 33110.0], [110878.0, 20500.0]], "asks": [[110902.5, 250920.0], [110904.5, 5550.0], [110908.5, 21000.0], [110909.5, 61620.0], [110912.0, 91050.0], [110914.5, 600.0], [110916.0, 50000.0], [110917.0, 5800.0], [110917.5, 14790.0], [110918.5, 4550.0], [110919.0, 9240.0], [110921.5, 6000.0], [110924.0, 26240.0], [110924.5, 20.0], [110925.5, 10750.0], [110926.0, 32670.0], [110929.5, 50030.0], [110930.0, 15960.0], [110930.5, 22720.0], [110933.0, 13990.0]]}}}
{"jsonrpc": "2.0", "method": "subscription", "params": {"channel": "book.BTC-PERPETUAL.none.20.100ms", "data": {"timestamp": 1760578021476, "change_id": 122065600615, "instrument_name": "BTC-PERPETUAL", "bids": [[110902.0, 741920.0], [110901.0, 40.0], [110896.0, 20.0], [110894.5, 2430.0], [110894.0, 8020.0], [110893.5, 20.0], [110893.0, 20.0], [110891.0, 3420.0], [110890.5, 10730.0], [110889.5, 500.0], [110885.5, 2030.0], [110885.0, 6300.0], [110881.5, 500.0], [110880.0, 29220.0], [110879.5, 11000.0], [110879.0, 10530.0], [110878.5, 33110.0], [110878.0, 20500.0], [110877.0, 11000.0], [110876.5, 40000.0]], "asks": [[110902.5, 251770.0], [110904.5, 5550.0], [110908.5, 21000.0], [110909.5, 61620.0], [110912.0, 91050.0], [110914.5, 600.0], [110916.0, 50000.0], [110917.0, 5800.0], [110917.5, 14790.0], [110918.5, 4550.0], [110919.0, 9240.0], [110921.5, 6000.0], [110924.0, 64640.0], [110924.5, 20.0], [110925.0, 50020.0], [110925.5, 62180.0], [110926.0, 32670.0], [110928.5, 88740.0], [110930.0, 15960.0], [110930.5, 22720.0]]}}}
{"jsonrpc": "2.0", "method": "subscription", "params": {"channel": "book.BTC-PERPETUAL.none.20.100ms", "data": {"timestamp": 1760578021810, "change_id": 122065600838, "instrument_name": "BTC-PERPETUAL", "bids": [[110902.0, 814320.0], [110901.0, 40.0], [110896.0, 20.0], [110895.5, 20.0], [110895.0, 20.0], [110894.5, 2430.0], [110894.0, 8020.0], [110893.5, 20.0], [110893.0, 20.0], [110891.0, 3420.0], [110890.5, 10730.0], [110889.5, 500.0], [110885.5, 2030.0], [110885.0, 6300.0], [110881.5, 500.0], [110880.0, 29220.0], [110879.5, 11000.0], [110879.0, 21530.0], [110878.5, 33110.0], [110878.0, 20500.0]], "asks": [[110902.5, 279420.0], [110904.0, 26000.0], [110904.5, 5550.0], [110908.5, 21000.0], [110909.5, 61620.0], [110912.0, 34890.0], [110914.5, 600.0], [110916.0, 50000.0], [110917.0, 5800.0], [110917.5, 14790.0], [110918.5, 4550.0], [110919.0, 9260.0], [110919.5, 20.0], [110920.0, 20.0], [110920.5, 20.0], [110921.5, 6000.0], [110924.0, 64640.0], [110924.5, 20.0], [110925.5, 62180.0], [110926.0, 32670.0]]}}}
{"jsonrpc": "2.0", "method": "subscription", "params": {"channel": "book.BTC-PERPETUAL.none.20.100ms", "data": {"timestamp": 1760578022123, "change_id": 122065601311, "instrument_name": "BTC-PERPETUAL", "bids": [[110902.0, 741820.0], [110901.0, 40.0], [110895.0, 2410.0], [110894.5, 8000.0], [110894.0, 20.0], [110893.5, 20.0], [110893.0, 20.0], [110892.5, 20.0], [110891.0, 3420.0], [110890.5, 10730.0], [110889.5, 500.0], [110885.5, 2030.0], [110885.0, 6300.0], [110881.5, 500.0], [110880.0, 29220.0], [110879.5, 11000.0], [110879.0, 21530.0], [110878.5, 33110.0], [110878.0, 20500.0], [110876.5, 40000.0]], "asks": [[110902.5, 306940.0], [110904.5, 5550.0], [110908.5, 21000.0], [110909.5, 61620.0], [110912.0, 34890.0], [110914.5, 600.0], [110916.0, 50000.0], [110917.0, 5800.0], [110917.5, 14790.0], [110918.0, 20.0], [110918.5, 18950.0], [110919.0, 9260.0], [110919.5, 20.0], [110920.0, 20.0], [110920.5, 20.0], [110921.0, 20.0], [110921.5, 6000.0], [110923.5, 50020.0], [110924.0, 64640.0], [110924.5, 20.0]]}}}
{"jsonrpc": "2.0", "method": "subscription", "params": {"channel": "book.BTC-PERPETUAL.none.20.100ms", "data": {"timestamp": 1760578022455, "change_id": 122065601869, "instrument_name": "BTC-PERPETUAL", "bids": [[110902.0, 741820.0], [110901.0, 40.0], [110895.0, 2410.0], [110894.5, 8000.0], [110894.0, 20.0], [110893.5, 20.0], [110893.0, 20.0], [110892.5, 20.0], [110891.0, 3420.0], [110890.5, 10730.0], [110889.5, 500.0], [110885.5, 2030.0], [110885.0, 6300.0], [110881.5, 500.0], [110880.0, 29220.0], [110879.5, 11000.0], [110879.0, 21530.0], [110878.5, 33110.0], [110878.0, 20500.0], [110876.5, 40000.0]], "asks": [[110902.5, 306680.0], [110904.5, 5550.0], [110908.5, 21000.0], [110909.5, 61620.0], [110912.0, 34890.0], [110914.5, 600.0], [110916.0, 50000.0], [110917.0, 5800.0], [110917.5, 14790.0], [110918.0, 20.0], [110918.5, 18950.0], [110919.0, 9260.0], [110919.5, 20.0], [110920.0, 20.0], [110920.5, 20.0], [110921.0, 20.0], [110921.5, 6000.0], [110923.5, 50020.0], [110924.0, 64640.0], [110924.5, 20.0]]}}}
{"jsonrpc": "2.0", "method": "subscription", "params": {"channel": "book.BTC-PERPETUAL.none.20.100ms", "data": {"timestamp": 1760578022809, "change_id": 122065601994, "instrument_name": "BTC-PERPETUAL", "bids": [[110902.0, 741820.0], [110901.0, 40.0], [110895.0, 2410.0], [110894.5, 8000.0], [110894.0, 20.0], [110893.5, 20.0], [110893.0, 20.0], [110892.5, 20.0], [110891.0, 3420.0], [110890.5, 10730.0], [110889.5, 500.0], [110885.5, 2030.0], [110885.0, 6300.0], [110881.5, 500.0], [110880.0, 29220.0], [110879.5, 11000.0], [110879.0, 21530.0], [110878.5, 33110.0], [110878.0, 20500.0], [110876.5, 40000.0]], "asks": [[110902.5, 306680.0], [110904.5, 5550.0], [110908.5, 21000.0], [110909.5, 61620.0], [110912.0, 34890.0], [110914.5, 600.0], [110916.0, 50000.0], [110917.0, 5800.0], [110917.5, 14790.0], [110918.0, 20.0], [110918.5, 18950.0], [110919.0, 9260.0], [110919.5, 20.0], [110920.0, 20.0], [110920.5, 20.0], [110921.0, 20.0], [110921.5, 6000.0], [110923.5, 50020.0], [110924.0, 64640.0], [110924.5, 20.0]]}}}
{"jsonrpc": "2.0", "method": "subscription", "params": {"channel": "book.BTC-PERPETUAL.none.20.100ms", "data": {"timestamp": 1760578023136, "change_id": 122065602488, "instrument_name": "BTC-PERPETUAL", "bids": [[110902.0, 741820.0], [110901.0, 40.0], [110895.0, 2410.0], [110894.5, 8020.0], [110894.0, 20.0], [110893.5, 20.0], [110893.0, 20.0], [110892.5, 20.0], [110892.0, 20.0], [110891.5, 20.0], [110891.0, 3420.0], [110890.5, 10730.0], [110889.5, 500.0], [110885.5, 2030.0], [110885.0, 6300.0], [110881.5, 500.0], [110880.0, 29220.0], [110879.5, 11000.0], [110879.0, 21530.0], [110878.5, 33110.0]], "asks": [[110902.5, 303330.0], [110904.5, 5550.0], [110908.5, 21000.0], [110909.5, 61620.0], [110912.0, 34890.0], [110914.5, 600.0], [110916.0, 56000.0], [110917.0, 5800.0], [110917.5, 14810.0], [110918.0, 20.0], [110918.5, 18950.0], [110919.0, 9260.0], [110919.5, 20.0], [110920.0, 20.0], [110920.5, 20.0], [110921.0, 20.0], [110923.5, 50020.0], [110924.0, 64640.0], [110925.5, 62160.0], [110926.0, 32650.0]]}}}
{"jsonrpc": "2.0", "method": "subscription", "params": {"channel": "book.BTC-PERPETUAL.none.20.100ms", "data": {"timestamp": 1760578023470, "change_id": 122065603767, "instrument_name": "BTC-PERPETUAL", "bids": [[110902.0, 666520.0], [110901.0, 40.0], [110891.5, 5800.0], [110891.0, 3260.0], [110890.5, 10730.0], [110889.5, 200.0], [110881.5, 500.0], [110880.0, 15770.0], [110879.0, 10530.0], [110878.5, 33110.0], [110878.0, 500.0], [110874.5, 500.0], [110872.5, 27630.0], [110871.5, 14180.0], [110871.0, 500.0], [110870.5, 62400.0], [110869.0, 21250.0], [110868.0, 32780.0], [110867.5, 51800.0], [110866.0, 11000.0]], "asks": [[110902.5, 329550.0], [110904.5, 5550.0], [110907.0, 14930.0], [110907.5, 109980.0], [110908.5, 21000.0], [110909.5, 61620.0], [110911.5, 50000.0], [110912.0, 34890.0], [110913.0, 7780.0], [110914.0, 10580.0], [110914.5, 600.0], [110916.5, 20.0], [110917.0, 20.0], [110917.5, 14810.0], [110918.0, 20.0], [110918.5, 20.0], [110923.5, 500.0], [110924.0, 64640.0], [110925.0, 40000.0], [110925.5, 62160.0]]}}}
{"jsonrpc": "2.0", "method": "subscription", "params": {"channel": "book.BTC-PERPETUAL.none.20.100ms", "data": {"timestamp": 1760578023799, "change_id": 122065604021, "instrument_name": "BTC-PERPETUAL", "bids": [[110902.0, 666520.0], [110901.5, 6900.0], [110901.0, 40.0], [110892.0, 1730.0], [110891.0, 3260.0], [110890.5, 10730.0], [110889.5, 200.0], [110886.0, 500.0], [110882.5, 18780.0], [110882.0, 62400.0], [110881.5, 500.0], [110880.0, 15770.0], [110879.0, 10530.0], [110878.5, 33110.0], [110878.0, 500.0], [110874.5, 8500.0], [110872.5, 13480.0], [110871.5, 14180.0], [110871.0, 500.0], [110869.0, 21250.0]], "asks": [[110902.5, 319000.0], [110904.5, 5550.0], [110906.5, 9240.0], [110907.5, 59960.0], [110908.5, 21000.0], [110909.5, 61620.0], [110911.0, 50030.0], [110911.5, 50000.0], [110912.0, 34890.0], [110913.0, 7780.0], [110914.0, 10580.0], [110914.5, 600.0], [110916.5, 20.0], [110917.0, 20.0], [110917.5, 14810.0], [110918.0, 20.0], [110918.5, 20.0], [110920.5, 4480.0], [110921.0, 15000.0], [110924.0, 64640.0]]}}}
{"jsonrpc": "2.0", "method": "subscription", "params": {"channel": "book.BTC-PERPETUAL.none.20.100ms", "data": {"timestamp": 1760578024116, "change_id": 122065604568, "instrument_name": "BTC-PERPETUAL", "bids": [[110902.0, 666520.0], [110901.5, 6900.0], [110901.0, 40.0], [110896.5, 5800.0], [110891.0, 3260.0], [110890.5, 10750.0], [110890.0, 20.0], [110889.5, 220.0], [110889.0, 20.0], [110888.5, 20.0], [110888.0, 20.0], [110886.0, 500.0], [110882.5, 18780.0], [110882.0, 62400.0], [110881.5, 8500.0], [110880.0, 15770.0], [110879.0, 10530.0], [110878.5, 33110.0], [110878.0, 500.0], [110874.5, 500.0]], "asks": [[110902.5, 311610.0], [110904.5, 5550.0], [110906.5, 9240.0], [110907.0, 8800.0], [110907.5, 65760.0], [110908.5, 21000.0], [110909.0, 50020.0], [110909.5, 61620.0], [110911.5, 50000.0], [110912.0, 34890.0], [110913.0, 7800.0], [110913.5, 20.0], [110914.0, 10600.0], [110914.5, 600.0], [110916.5, 20.0], [110917.0, 20.0], [110917.5, 14810.0], [110918.0, 20.0], [110918.5, 20.0], [110920.5, 4480.0]]}}}
{"jsonrpc": "2.0", "method": "subscription", "params": {"channel": "book.BTC-PERPETUAL.none.20.100ms", "data": {"timestamp": 1760578024428, "change_id": 122065605188, "instrument_name": "BTC-PERPETUAL", "bids": [[110902.0, 666520.0], [110901.5, 6900.0], [110901.0, 40.0], [110896.5, 5800.0], [110891.5, 20.0], [110891.0, 3280.0], [110890.5, 10750.0], [110890.0, 20.0], [110889.5, 220.0], [110889.0, 20.0], [110888.5, 20.0], [110888.0, 20.0], [110886.0, 500.0], [110882.5, 18780.0], [110882.0, 62400.0], [110881.5, 8500.0], [110880.0, 15770.0], [110879.0, 10530.0], [110878.5, 33110.0], [110878.0, 500.0]], "asks": [[110902.5, 313630.0], [110904.5, 5550.0], [110906.5, 9240.0], [110907.5, 65760.0], [110908.5, 21000.0], [110909.0, 50020.0], [110909.5, 61620.0], [110911.5, 50000.0], [110912.0, 34890.0], [110913.0, 7780.0], [110913.5, 5750.0], [110914.0, 10600.0], [110914.5, 620.0], [110915.0, 20.0], [110915.5, 20.0], [110916.0, 20.0], [110916.5, 20.0], [110917.0, 7160.0], [110917.5, 14790.0], [110920.5, 4480.0]]}}}
{"jsonrpc": "2.0", "method": "subscription", "params": {"channel": "book.BTC-PERPETUAL.none.20.100ms", "data": {"timestamp": 1760578024792, "change_id": 122065605678, "instrument_name": "BTC-PERPETUAL", "bids": [[110902.0, 622470.0], [110901.0, 40.0], [110891.5, 5800.0], [110889.5, 200.0], [110881.5, 500.0], [110880.0, 15770.0], [110879.0, 10530.0], [110878.5, 33110.0], [110878.0, 500.0], [110874.5, 500.0], [110872.5, 13480.0], [110871.5, 14180.0], [110871.0, 500.0], [110870.5, 8000.0], [110869.0, 21250.0], [110868.0, 32780.0], [110867.5, 43800.0], [110865.5, 11000.0], [110864.5, 40000.0], [110864.0, 510.0]], "asks": [[110902.5, 382120.0], [110903.5, 1660.0], [110904.5, 5550.0], [110907.5, 59960.0], [110908.5, 21000.0], [110909.5, 111620.0], [110912.0, 34890.0], [110913.0, 10800.0], [110913.5, 5750.0], [110914.0, 10600.0], [110914.5, 620.0], [110915.0, 20.0], [110915.5, 20.0], [110916.0, 20.0], [110916.5, 520.0], [110917.5, 14790.0], [110920.5, 4480.0], [110921.0, 15000.0], [110924.0, 44750.0], [110925.0, 40000.0]]}}}
{"jsonrpc": "2.0", "method": "subscription", "params": {"channel": "book.BTC-PERPETUAL.none.20.100ms", "data": {"timestamp": 1760578025121, "change_id": 122065606991, "instrument_name": "BTC-PERPETUAL", "bids": [[110902.0, 556000.0], [110901.0, 40.0], [110879.0, 10530.0], [110874.5, 500.0], [110873.0, 200.0], [110872.5, 13480.0], [110871.5, 14180.0], [110871.0, 500.0], [110869.0, 21250.0], [110868.0, 13230.0], [110867.5, 43800.0], [110864.0, 510.0], [110862.0, 4230.0], [110860.5, 14180.0], [110857.0, 500.0], [110853.5, 11940.0], [110852.5, 51500.0], [110852.0, 11000.0], [110851.5, 5800.0], [110850.0, 600.0]], "asks": [[110902.5, 637200.0], [110903.0, 10760.0], [110904.5, 5550.0], [110905.5, 30000.0], [110908.0, 10410.0], [110912.0, 34890.0], [110913.0, 24200.0], [110913.5, 40020.0], [110914.0, 10600.0], [110914.5, 620.0], [110915.0, 20.0], [110915.5, 20.0], [110916.0, 20.0], [110916.5, 20.0], [110917.5, 14790.0], [110918.0, 20500.0], [110918.5, 5800.0], [110920.5, 4480.0], [110924.0, 44750.0], [110925.0, 40000.0]]}}}
{"jsonrpc": "2.0", "method": "subscription", "params": {"channel": "book.BTC-PERPETUAL.none.20.100ms", "data": {"timestamp": 1760578025452, "change_id": 122065608141, "instrument_name": "BTC-PERPETUAL", "bids": [[110902.0, 556000.0], [110901.0, 40.0], [110880.5, 20.0], [110880.0, 20.0], [110879.5, 20.0], [110879.0, 10600.0], [110878.5, 32650.0], [110878.0, 6320.0], [110877.5, 20.0], [110877.0, 20.0], [110874.5, 500.0], [110873.0, 200.0], [110872.0, 10730.0], [110871.5, 14180.0], [110871.0, 500.0], [110869.0, 21250.0], [110868.0, 13230.0], [110867.5, 43800.0], [110864.0, 500.0], [110862.0, 4230.0]], "asks": [[110902.5, 640820.0], [110903.0, 10760.0], [110904.0, 500.0], [110904.5, 5550.0], [110905.5, 30000.0], [110908.0, 10410.0], [110912.0, 34890.0], [110913.0, 26430.0], [110913.5, 40020.0], [110914.0, 10600.0], [110914.5, 620.0], [110915.0, 20.0], [110915.5, 20.0], [110916.0, 20.0], [110916.5, 20.0], [110917.5, 14790.0], [110918.0, 20500.0], [110918.5, 5800.0], [110920.5, 18560.0], [110923.0, 44100.0]]}}}
{"jsonrpc": "2.0", "method": "subscription", "params": {"channel": "book.BTC-PERPETUAL.none.20.100ms", "data": {"timestamp": 1760578025782, "change_id": 122065608499, "instrument_name": "BTC-PERPETUAL", "bids": [[110902.0, 556000.0], [110901.0, 40.0], [110881.5, 500.0], [110879.5, 20.0], [110879.0, 10600.0], [110878.5, 32650.0], [110878.0, 6320.0], [110877.5, 20.0], [110877.0, 20.0], [110874.5, 500.0], [110873.0, 200.0], [110872.0, 10730.0], [110871.5, 14180.0], [110871.0, 500.0], [110869.0, 21250.0], [110868.0, 30160.0], [110867.5, 43800.0], [110864.0, 500.0], [110863.5, 62400.0], [110862.0, 6080.0]], "asks": [[110902.5, 639630.0], [110903.0, 10760.0], [110904.5, 5550.0], [110905.0, 500.0], [110905.5, 30000.0], [110908.0, 10410.0], [110912.0, 34890.0], [110913.0, 26430.0], [110913.5, 40020.0], [110914.0, 10600.0], [110914.5, 620.0], [110915.0, 20.0], [110915.5, 20.0], [110916.0, 20.0], [110916.5, 20.0], [110917.5, 14790.0], [110918.0, 20500.0], [110918.5, 5800.0], [110920.5, 18560.0], [110923.0, 44100.0]]}}}
{"jsonrpc": "2.0", "method": "subscription", "params": {"channel": "book.BTC-PERPETUAL.none.20.100ms", "data": {"timestamp": 1760578026112, "change_id": 122065609260, "instrument_name": "BTC-PERPETUAL", "bids": [[110902.0, 556000.0], [110901.0, 40.0], [110881.5, 500.0], [110878.0, 520.0], [110877.5, 20.0], [110877.0, 20.0], [110874.5, 500.0], [110873.0, 200.0], [110871.5, 14180.0], [110871.0, 500.0], [110869.0, 21250.0], [110867.5, 43800.0], [110864.0, 500.0], [110863.5, 62400.0], [110862.0, 6080.0], [110860.5, 14180.0], [110859.5, 8000.0], [110857.0, 500.0], [110853.0, 11940.0], [110852.5, 56800.0]], "asks": [[110902.5, 640120.0], [110903.0, 32210.0], [110903.5, 20.0], [110904.0, 20.0], [110904.5, 5570.0], [110905.0, 76310.0], [110905.5, 30020.0], [110908.0, 10410.0], [110912.0, 34890.0], [110913.0, 26430.0], [110913.5, 40020.0], [110914.0, 10600.0], [110914.5, 600.0], [110917.5, 14790.0], [110918.5, 5800.0], [110920.5, 18560.0], [110923.0, 44100.0], [110924.0, 44750.0], [110925.0, 40000.0], [110925.5, 10730.0]]}}}
{"jsonrpc": "2.0", "method": "subscription", "params": {"channel": "book.BTC-PERPETUAL.none.20.100ms", "data": {"timestamp": 1760578026432, "change_id": 122065610036, "instrument_name": "BTC-PERPETUAL", "bids": [[110902.0, 556000.0], [110901.0, 40.0], [110881.5, 500.0], [110878.5, 32600.0], [110878.0, 520.0], [110877.5, 5820.0], [110877.0, 20.0], [110876.5, 20.0], [110876.0, 20.0], [110875.5, 20.0], [110874.5, 500.0], [110873.0, 200.0], [110871.5, 14180.0], [110871.0, 500.0], [110869.0, 21250.0], [110868.0, 31850.0], [110867.5, 43800.0], [110864.0, 500.0], [110863.5, 62400.0], [110862.0, 6080.0]], "asks": [[110902.5, 639500.0], [110903.0, 55800.0], [110903.5, 20.0], [110904.0, 20.0], [110904.5, 5570.0], [110905.0, 165030.0], [110905.5, 30020.0], [110908.0, 10410.0], [110912.0, 34890.0], [110913.0, 26430.0], [110913.5, 40020.0], [110914.0, 10600.0], [110914.5, 600.0], [110917.5, 14790.0], [110918.5, 5800.0], [110920.5, 18560.0], [110923.0, 44100.0], [110924.0, 44750.0], [110925.0, 40000.0], [110925.5, 10730.0]]}}}
{"jsonrpc": "2.0", "method": "subscription", "params": {"channel": "book.BTC-PERPETUAL.none.20.100ms", "data": {"timestamp": 1760578026731, "change_id": 122065610142, "instrument_name": "BTC-PERPETUAL", "bids": [[110902.0, 556000.0], [110901.0, 40.0], [110881.5, 500.0], [110880.0, 20.0], [110879.5, 20.0], [110879.0, 20.0], [110878.5, 32620.0], [110878.0, 520.0], [110877.5, 5820.0], [110874.5, 500.0], [110873.0, 200.0], [110872.0, 10730.0], [110871.5, 14180.0], [110871.0, 500.0], [110869.0, 21250.0], [110868.0, 31850.0], [110867.5, 43800.0], [110864.0, 500.0], [110863.5, 62400.0], [110862.0, 6080.0]], "asks": [[110902.5, 639560.0], [110903.0, 10650.0], [110903.5, 20.0], [110904.0, 20.0], [110904.5, 5570.0], [110905.0, 20.0], [110905.5, 30020.0], [110906.0, 20.0], [110908.0, 10410.0], [110912.0, 34890.0], [110913.0, 26430.0], [110913.5, 40000.0], [110914.0, 10580.0], [110914.5, 600.0], [110917.5, 14790.0], [110918.5, 5800.0], [110920.5, 18560.0], [110923.0, 44100.0], [110924.0, 44750.0], [110925.0, 40000.0]]}}}
{"jsonrpc": "2.0", "method": "subscription", "params": {"channel": "book.BTC-PERPETUAL.none.20.100ms", "data": {"timestamp": 1760578027103, "change_id": 122065612058, "instrument_name": "BTC-PERPETUAL", "bids": [[110871.0, 407090.0], [110870.5, 6900.0], [110869.5, 500.0], [110864.0, 500.0], [110859.5, 3160.0], [110859.0, 10580.0], [110857.0, 500.0], [110853.5, 500.0], [110853.0, 2080.0], [110852.5, 14550.0], [110850.0, 600.0], [110848.5, 200.0], [110848.0, 14450.0], [110847.5, 10360.0], [110846.5, 37860.0], [110846.0, 32570.0], [110845.5, 500.0], [110845.0, 62400.0], [110844.0, 8000.0], [110840.5, 16270.0]], "asks": [[110871.5, 58650.0], [110872.5, 50000.0], [110880.0, 1790.0], [110880.5, 6000.0], [110881.0, 16040.0], [110890.0, 3160.0], [110890.5, 10580.0], [110894.5, 9720.0], [110895.0, 32570.0], [110900.5, 124810.0], [110901.0, 189600.0], [110901.5, 164330.0], [110902.0, 181920.0], [110902.5, 450870.0], [110903.5, 23240.0], [110904.0, 20.0], [110904.5, 5570.0], [110905.0, 20.0], [110905.5, 20.0], [110906.0, 32590.0]]}}}
{"jsonrpc": "2.0", "method": "subscription", "params": {"channel": "book.BTC-PERPETUAL.none.20.100ms", "data": {"timestamp": 1760578027433, "change_id": 122065615539, "instrument_name": "BTC-PERPETUAL", "bids": [[110883.5, 475730.0], [110879.5, 10580.0], [110876.0, 500.0], [110871.0, 200.0], [110869.5, 500.0], [110866.0, 20.0], [110864.0, 500.0], [110863.5, 12480.0], [110860.0, 32570.0], [110859.0, 10580.0], [110857.0, 500.0], [110853.5, 21210.0], [110853.0, 62400.0], [110852.5, 36980.0], [110851.5, 8000.0], [110851.0, 20000.0], [110850.5, 13920.0], [110850.0, 500.0], [110849.0, 40000.0], [110848.0, 14450.0]], "asks": [[110884.0, 56250.0], [110886.0, 50000.0], [110887.5, 9240.0], [110894.0, 79900.0], [110899.5, 14930.0], [110901.0, 33950.0], [110901.5, 83670.0], [110902.0, 41320.0], [110902.5, 45150.0], [110903.5, 23220.0], [110904.5, 5550.0], [110905.0, 30000.0], [110908.0, 16420.0], [110911.0, 500.0], [110912.0, 34890.0], [110913.0, 39060.0], [110913.5, 40200.0], [110914.0, 10580.0], [110914.5, 600.0], [110917.5, 32570.0]]}}}
{"jsonrpc": "2.0", "method": "subscription", "params": {"channel": "book.BTC-PERPETUAL.none.20.100ms", "data": {"timestamp": 1760578027764, "change_id": 122065616899, "instrument_name": "BTC-PERPETUAL", "bids": [[110883.5, 521730.0], [110879.5, 10580.0], [110876.5, 10000.0], [110876.0, 500.0], [110873.5, 62400.0], [110869.5, 500.0], [110867.0, 2540.0], [110866.5, 8000.0], [110866.0, 20.0], [110864.0, 500.0], [110863.5, 26460.0], [110862.0, 2840.0], [110860.5, 40000.0], [110860.0, 32570.0], [110859.0, 10580.0], [110858.0, 10980.0], [110857.5, 20240.0], [110857.0, 500.0], [110855.0, 11000.0], [110853.5, 500.0]], "asks": [[110884.0, 159770.0], [110892.5, 61620.0], [110894.0, 65140.0], [110894.5, 21000.0], [110896.5, 13080.0], [110899.0, 5800.0], [110899.5, 103640.0], [110901.5, 10580.0], [110902.5, 32390.0], [110903.0, 9240.0], [110903.5, 23220.0], [110904.0, 50030.0], [110904.5, 5550.0], [110907.5, 32570.0], [110908.0, 16420.0], [110912.0, 34890.0], [110912.5, 11000.0], [110913.0, 49920.0], [110913.5, 51200.0], [110914.0, 10580.0]]}}}
{"jsonrpc": "2.0", "method": "subscription", "params": {"channel": "book.BTC-PERPETUAL.none.20.100ms", "data": {"timestamp": 1760578028075, "change_id": 122065618143, "instrument_name": "BTC-PERPETUAL", "bids": [[110883.5, 1099130.0], [110883.0, 20.0], [110882.5, 20.0], [110882.0, 20.0], [110881.5, 20.0], [110881.0, 20.0], [110880.5, 20.0], [110880.0, 20.0], [110879.5, 10580.0], [110876.0, 500.0], [110869.5, 500.0], [110867.0, 2540.0], [110866.5, 8000.0], [110866.0, 20.0], [110864.0, 500.0], [110863.5, 26460.0], [110862.0, 2840.0], [110860.5, 40000.0], [110860.0, 32570.0], [110859.0, 10580.0]], "asks": [[110884.0, 111150.0], [110888.5, 5000.0], [110894.0, 50000.0], [110897.0, 82620.0], [110899.0, 16800.0], [110899.5, 14930.0], [110902.5, 80070.0], [110903.0, 9240.0], [110903.5, 23220.0], [110904.5, 5550.0], [110907.0, 2340.0], [110907.5, 11000.0], [110908.0, 29240.0], [110908.5, 56160.0], [110912.0, 34890.0], [110913.0, 49920.0], [110913.5, 40200.0], [110914.0, 40580.0], [110914.5, 600.0], [110917.0, 500.0]]}}}
{"jsonrpc": "2.0", "method": "subscription", "params": {"channel": "book.BTC-PERPETUAL.none.20.100ms", "data": {"timestamp": 1760578028416, "change_id": 122065618974, "instrument_name": "BTC-PERPETUAL", "bids": [[110883.5, 1099130.0], [110882.5, 20.0], [110882.0, 20.0], [110881.5, 20.0], [110881.0, 20.0], [110880.5, 20.0], [110880.0, 3330.0], [110879.5, 10580.0], [110876.0, 500.0], [110869.5, 500.0], [110867.0, 2540.0], [110866.5, 8000.0], [110866.0, 20.0], [110864.0, 500.0], [110863.5, 26460.0], [110860.5, 40000.0], [110860.0, 32570.0], [110859.0, 10580.0], [110858.0, 20220.0], [110857.5, 22000.0]], "asks": [[110884.0, 123740.0], [110885.5, 11000.0], [110888.5, 5000.0], [110894.0, 50000.0], [110896.5, 11000.0], [110897.0, 21000.0], [110899.0, 67420.0], [110899.5, 14930.0], [110901.5, 50020.0], [110902.5, 30040.0], [110903.0, 9240.0], [110903.5, 23220.0], [110904.5, 5550.0], [110905.5, 20.0], [110907.0, 2340.0], [110907.5, 32570.0], [110908.0, 29240.0], [110908.5, 56160.0], [110912.0, 34890.0], [110913.0, 50420.0]]}}}
{"jsonrpc": "2.0", "method": "subscription", "params": {"channel": "book.BTC-PERPETUAL.none.20.100ms", "data": {"timestamp": 1760578028759, "change_id": 122065619283, "instrument_name": "BTC-PERPETUAL", "bids": [[110883.5, 1100130.0], [110880.5, 20.0], [110880.0, 3330.0], [110879.5, 10600.0], [110876.0, 500.0], [110869.5, 500.0], [110867.0, 2540.0], [110866.5, 8000.0], [110864.0, 500.0], [110863.5, 26460.0], [110860.5, 40000.0], [110860.0, 32570.0], [110859.0, 10580.0], [110858.0, 10980.0], [110857.0, 500.0], [110854.0, 31240.0], [110853.5, 500.0], [110852.5, 36980.0], [110851.5, 5800.0], [110851.0, 20000.0]], "asks": [[110884.0, 133870.0], [110884.5, 10000.0], [110893.5, 11000.0], [110894.0, 50000.0], [110897.0, 21000.0], [110898.5, 50020.0], [110899.0, 67420.0], [110899.5, 14930.0], [110902.5, 30040.0], [110903.0, 9240.0], [110903.5, 23220.0], [110904.5, 5570.0], [110905.0, 20.0], [110905.5, 20.0], [110906.0, 20.0], [110906.5, 20.0], [110907.0, 2360.0], [110907.5, 32590.0], [110908.0, 29260.0], [110908.5, 56160.0]]}}}
{"jsonrpc": "2.0", "method": "subscription", "params": {"channel": "book.BTC-PERPETUAL.none.20.100ms", "data": {"timestamp": 1760578029090, "change_id": 122065619933, "instrument_name": "BTC-PERPETUAL", "bids": [[110883.5, 911530.0], [110879.5, 10580.0], [110876.0, 500.0], [110873.0, 18780.0], [110872.5, 62400.0], [110869.5, 500.0], [110867.0, 2540.0], [110866.5, 8000.0], [110864.0, 500.0], [110863.5, 26460.0], [110860.5, 40000.0], [110860.0, 32570.0], [110859.0, 10580.0], [110858.0, 10980.0], [110857.0, 500.0], [110854.5, 11000.0], [110854.0, 20240.0], [110853.5, 500.0], [110852.5, 36980.0], [110851.5, 5800.0]], "asks": [[110884.0, 160000.0], [110892.5, 56000.0], [110897.0, 88990.0], [110897.5, 50020.0], [110898.0, 30000.0], [110899.0, 76660.0], [110899.5, 14930.0], [110900.0, 56160.0], [110902.0, 28020.0], [110902.5, 30040.0], [110903.5, 23220.0], [110904.5, 5570.0], [110905.0, 20.0], [110905.5, 20.0], [110906.0, 20.0], [110906.5, 20.0], [110907.0, 2360.0], [110907.5, 32590.0], [110908.0, 20.0], [110911.5, 500.0]]}}}
{"jsonrpc": "2.0", "method": "subscription", "params": {"channel": "book.BTC-PERPETUAL.none.20.100ms", "data": {"timestamp": 1760578029419, "change_id": 122065620730, "instrument_name": "BTC-PERPETUAL", "bids": [[110883.5, 911330.0], [110879.5, 10580.0], [110876.5, 20.0], [110876.0, 500.0], [110873.0, 18840.0], [110872.5, 62400.0], [110871.0, 200.0], [110869.5, 500.0], [110867.0, 2540.0], [110866.5, 8000.0], [110864.0, 500.0], [110863.5, 26460.0], [110860.5, 40000.0], [110860.0, 32570.0], [110859.0, 10580.0], [110858.0, 2380.0], [110857.0, 500.0], [110853.5, 500.0], [110852.5, 36980.0], [110851.5, 5800.0]], "asks": [[110884.0, 159870.0], [110884.5, 2340.0], [110892.0, 18450.0], [110892.5, 56000.0], [110893.5, 9240.0], [110894.0, 5800.0], [110896.0, 50020.0], [110897.0, 88990.0], [110898.0, 30000.0], [110899.0, 61620.0], [110899.5, 14930.0], [110900.0, 56160.0], [110902.0, 83990.0], [110902.5, 30040.0], [110903.5, 23220.0], [110904.5, 5570.0], [110905.0, 81360.0], [110905.5, 20.0], [110906.0, 20.0], [110906.5, 20.0]]}}}
{"jsonrpc": "2.0", "method": "subscription", "params": {"channel": "book.BTC-PERPETUAL.none.20.100ms", "data": {"timestamp": 1760578029707, "change_id": 122065620862, "instrument_name": "BTC-PERPETUAL", "bids": [[110883.5, 911330.0], [110879.5, 10580.0], [110876.0, 520.0], [110875.5, 20.0], [110875.0, 20.0], [110874.5, 20.0], [110874.0, 20.0], [110873.0, 18840.0], [110872.5, 62400.0], [110871.0, 200.0], [110869.5, 500.0], [110867.0, 2540.0], [110866.5, 8000.0], [110864.0, 500.0], [110863.5, 26460.0], [110860.5, 40000.0], [110860.0, 32570.0], [110859.0, 10580.0], [110858.0, 2380.0], [110857.0, 500.0]], "asks": [[110884.0, 175120.0], [110892.0, 33780.0], [110892.5, 56000.0], [110893.5, 9240.0], [110894.0, 5800.0], [110896.5, 50020.0], [110897.0, 88990.0], [110898.0, 30000.0], [110899.0, 61620.0], [110899.5, 14950.0], [110900.0, 56180.0], [110900.5, 20.0], [110901.0, 20.0], [110902.0, 83990.0], [110902.5, 25010.0], [110903.5, 23220.0], [110904.5, 5570.0], [110905.0, 81360.0], [110905.5, 20.0], [110906.0, 20.0]]}}}
{"jsonrpc": "2.0", "method": "subscription", "params": {"channel": "book.BTC-PERPETUAL.none.20.100ms", "data": {"timestamp": 1760578030080, "change_id": 122065622124, "instrument_name": "BTC-PERPETUAL", "bids": [[110883.5, 677190.0], [110871.0, 5800.0], [110863.5, 12880.0], [110860.5, 500.0], [110860.0, 32570.0], [110859.0, 10580.0], [110858.0, 2380.0], [110857.5, 200.0], [110857.0, 500.0], [110853.5, 500.0], [110852.5, 25190.0], [110851.5, 5800.0], [110850.5, 13920.0], [110850.0, 500.0], [110848.0, 14450.0], [110847.5, 10360.0], [110847.0, 16000.0], [110846.5, 9870.0], [110846.0, 32570.0], [110845.5, 500.0]], "asks": [[110884.0, 250650.0], [110885.0, 29910.0], [110885.5, 50000.0], [110886.0, 8400.0], [110887.0, 6000.0], [110888.0, 500.0], [110888.5, 35800.0], [110891.0, 10210.0], [110891.5, 23640.0], [110895.5, 10580.0], [110897.0, 88990.0], [110898.0, 30000.0], [110899.0, 61620.0], [110899.5, 14950.0], [110900.0, 56180.0], [110900.5, 20.0], [110901.0, 20.0], [110902.0, 124190.0], [110902.5, 25010.0], [110904.5, 5570.0]]}}}
{"jsonrpc": "2.0", "method": "subscription", "params": {"channel": "book.BTC-PERPETUAL.none.20.100ms", "data": {"timestamp": 1760578030410, "change_id": 122065623037, "instrument_name": "BTC-PERPETUAL", "bids": [[110883.5, 625920.0], [110871.0, 5800.0], [110864.0, 500.0], [110860.5, 13380.0], [110860.0, 32570.0], [110859.0, 10580.0], [110858.0, 2380.0], [110857.5, 200.0], [110857.0, 500.0], [110853.5, 500.0], [110852.5, 20410.0], [110851.5, 5800.0], [110850.5, 13920.0], [110850.0, 500.0], [110848.0, 14450.0], [110847.5, 10360.0], [110846.5, 9870.0], [110846.0, 32570.0], [110845.5, 500.0], [110840.5, 16270.0]], "asks": [[110884.0, 366920.0], [110885.0, 44630.0], [110885.5, 50000.0], [110886.0, 8400.0], [110887.0, 6000.0], [110888.5, 35800.0], [110889.5, 21000.0], [110890.5, 500.0], [110891.0, 71830.0], [110891.5, 23640.0], [110895.5, 10580.0], [110897.0, 35970.0], [110898.0, 30000.0], [110899.5, 14950.0], [110900.0, 20.0], [110900.5, 20.0], [110901.0, 20.0], [110902.0, 124190.0], [110902.5, 25010.0], [110904.5, 5570.0]]}}}
{"jsonrpc": "2.0", "method": "subscription", "params": {"channel": "book.BTC-PERPETUAL.none.20.100ms", "data": {"timestamp": 1760578030740, "change_id": 122065623757, "instrument_name": "BTC-PERPETUAL", "bids": [[110883.5, 610720.0], [110862.0, 5800.0], [110861.5, 20.0], [110861.0, 20.0], [110860.5, 520.0], [110860.0, 32630.0], [110859.5, 20.0], [110859.0, 10600.0], [110858.5, 20.0], [110858.0, 20.0], [110857.0, 500.0], [110853.5, 500.0], [110853.0, 2080.0], [110852.5, 6970.0], [110851.0, 11710.0], [110850.5, 13920.0], [110850.0, 500.0], [110848.0, 14450.0], [110847.5, 10360.0], [110846.5, 9870.0]], "asks": [[110884.0, 540690.0], [110884.5, 20.0], [110885.0, 29930.0], [110885.5, 20.0], [110886.0, 8420.0], [110886.5, 20.0], [110887.0, 6020.0], [110887.5, 20.0], [110888.5, 35800.0], [110890.5, 40000.0], [110891.0, 14880.0], [110891.5, 23640.0], [110895.0, 20000.0], [110895.5, 10580.0], [110897.0, 16480.0], [110899.5, 14930.0], [110902.0, 60690.0], [110902.5, 25010.0], [110904.5, 5550.0], [110905.0, 2230.0]]}}}
{"jsonrpc": "2.0", "method": "subscription", "params": {"channel": "book.BTC-PERPETUAL.none.20.100ms", "data": {"timestamp": 1760578031056, "change_id": 122065624570, "instrument_name": "BTC-PERPETUAL", "bids": [[110883.5, 610720.0], [110862.0, 5800.0], [110861.5, 20.0], [110861.0, 20.0], [110860.5, 520.0], [110860.0, 32630.0], [110859.5, 20.0], [110859.0, 10600.0], [110858.5, 20.0], [110858.0, 20.0], [110857.0, 500.0], [110853.5, 500.0], [110853.0, 2080.0], [110852.5, 6970.0], [110851.0, 11710.0], [110850.5, 13920.0], [110850.0, 500.0], [110848.0, 14450.0], [110847.5, 10360.0], [110846.5, 27300.0]], "asks": [[110884.0, 539840.0], [110885.0, 63420.0], [110886.0, 8400.0], [110887.0, 52100.0], [110888.0, 500.0], [110888.5, 35800.0], [110890.5, 128470.0], [110891.0, 14880.0], [110891.5, 23640.0], [110895.0, 20000.0], [110895.5, 10580.0], [110897.0, 16480.0], [110899.5, 14930.0], [110902.0, 60690.0], [110902.5, 25010.0], [110904.5, 5550.0], [110905.0, 2230.0], [110907.5, 32570.0], [110909.5, 27740.0], [110910.0, 44100.0]]}}}
{"jsonrpc": "2.0", "method": "subscription", "params": {"channel": "book.BTC-PERPETUAL.none.20.100ms", "data": {"timestamp": 1760578031402, "change_id": 122065625614, "instrument_name": "BTC-PERPETUAL", "bids": [[110883.5, 645920.0], [110872.0, 10660.0], [110871.0, 20.0], [110870.5, 20.0], [110870.0, 20.0], [110869.5, 5800.0], [110867.5, 500.0], [110864.0, 500.0], [110861.5, 20.0], [110861.0, 20.0], [110860.5, 13440.0], [110860.0, 32630.0], [110859.5, 20.0], [110859.0, 10580.0], [110857.0, 500.0], [110853.5, 500.0], [110853.0, 2080.0], [110852.5, 6970.0], [110851.5, 30340.0], [110851.0, 62400.0]], "asks": [[110884.0, 401550.0], [110885.0, 29910.0], [110887.0, 52100.0], [110888.5, 35800.0], [110890.5, 40000.0], [110891.0, 10210.0], [110891.5, 23640.0], [110895.5, 10580.0], [110897.0, 16680.0], [110899.0, 500.0], [110899.5, 14930.0], [110902.0, 60690.0], [110902.5, 25010.0], [110904.5, 5550.0], [110905.0, 2230.0], [110907.5, 32570.0], [110908.0, 20000.0], [110909.5, 27740.0], [110910.0, 44100.0], [110912.0, 34890.0]]}}}
{"jsonrpc": "2.0", "method": "subscription", "params": {"channel": "book.BTC-PERPETUAL.none.20.100ms", "data": {"timestamp": 1760578031728, "change_id": 122065626152, "instrument_name": "BTC-PERPETUAL", "bids": [[110883.5, 704090.0], [110881.0, 5800.0], [110876.5, 20.0], [110876.0, 20.0], [110875.5, 20.0], [110875.0, 20.0], [110874.5, 20.0], [110874.0, 20.0], [110873.5, 20.0], [110872.5, 3180.0], [110872.0, 10660.0], [110867.5, 500.0], [110864.0, 500.0], [110861.0, 200.0], [110860.5, 13420.0], [110860.0, 32610.0], [110859.0, 10580.0], [110857.0, 500.0], [110853.5, 500.0], [110853.0, 6590.0]], "asks": [[110884.0, 184470.0], [110886.0, 50000.0], [110887.0, 52100.0], [110888.5, 97420.0], [110889.5, 21000.0], [110890.0, 9240.0], [110890.5, 50020.0], [110891.0, 10210.0], [110891.5, 23640.0], [110895.5, 10580.0], [110897.0, 23240.0], [110897.5, 30000.0], [110899.5, 14950.0], [110900.0, 20.0], [110900.5, 20.0], [110901.0, 20.0], [110901.5, 520.0], [110902.0, 60710.0], [110902.5, 25030.0], [110904.5, 5550.0]]}}}
{"jsonrpc": "2.0", "method": "subscription", "params": {"channel": "book.BTC-PERPETUAL.none.20.100ms", "data": {"timestamp": 1760578032063, "change_id": 122065626971, "instrument_name": "BTC-PERPETUAL", "bids": [[110883.5, 704290.0], [110881.0, 5800.0], [110875.0, 20.0], [110874.5, 20.0], [110874.0, 20.0], [110873.5, 20.0], [110872.5, 3180.0], [110872.0, 10660.0], [110869.0, 18920.0], [110868.5, 62400.0], [110867.5, 500.0], [110864.0, 500.0], [110860.5, 29420.0], [110860.0, 32610.0], [110859.0, 10580.0], [110857.0, 500.0], [110853.5, 500.0], [110853.0, 2080.0], [110852.5, 6970.0], [110851.5, 5800.0]], "asks": [[110884.0, 186770.0], [110886.0, 50000.0], [110886.5, 9240.0], [110887.0, 52100.0], [110888.5, 30000.0], [110889.5, 50020.0], [110891.0, 50560.0], [110891.5, 23640.0], [110892.0, 67420.0], [110893.0, 109710.0], [110895.5, 10580.0], [110897.0, 23240.0], [110897.5, 30000.0], [110899.5, 14930.0], [110900.5, 20.0], [110901.0, 20.0], [110901.5, 520.0], [110902.0, 60710.0], [110902.5, 25030.0], [110904.5, 5550.0]]}}}
{"jsonrpc": "2.0", "method": "subscription", "params": {"channel": "book.BTC-PERPETUAL.none.20.100ms", "data": {"timestamp": 1760578032386, "change_id": 122065627680, "instrument_name": "BTC-PERPETUAL", "bids": [[110883.5, 704290.0], [110881.0, 5800.0], [110874.5, 20.0], [110874.0, 20.0], [110873.5, 20.0], [110872.5, 3180.0], [110872.0, 10660.0], [110869.0, 18920.0], [110868.5, 62400.0], [110867.5, 500.0], [110864.0, 500.0], [110860.5, 29420.0], [110860.0, 32610.0], [110859.0, 10580.0], [110857.0, 500.0], [110853.5, 500.0], [110853.0, 2080.0], [110852.5, 6970.0], [110851.5, 5800.0], [110851.0, 11710.0]], "asks": [[110884.0, 187260.0], [110886.0, 50000.0], [110886.5, 9240.0], [110887.0, 52100.0], [110888.5, 30000.0], [110890.5, 50020.0], [110891.0, 73390.0], [110891.5, 23640.0], [110892.0, 67420.0], [110893.0, 109710.0], [110895.0, 56160.0], [110895.5, 10580.0], [110897.0, 23240.0], [110897.5, 30000.0], [110899.5, 14930.0], [110900.5, 20.0], [110901.0, 20.0], [110901.5, 20.0], [110902.0, 61210.0], [110902.5, 25030.0]]}}}
{"jsonrpc": "2.0", "method": "subscription", "params": {"channel": "book.BTC-PERPETUAL.none.20.100ms", "data": {"timestamp": 1760578032722, "change_id": 122065627938, "instrument_name": "BTC-PERPETUAL", "bids": [[110883.5, 704290.0], [110881.0, 5800.0], [110877.0, 20.0], [110876.5, 20.0], [110876.0, 20.0], [110875.5, 20.0], [110875.0, 20.0], [110874.5, 20.0], [110872.5, 3180.0], [110872.0, 10660.0], [110869.0, 18920.0], [110868.5, 62400.0], [110867.5, 500.0], [110864.0, 500.0], [110860.5, 29420.0], [110860.0, 32610.0], [110859.0, 10580.0], [110857.0, 500.0], [110853.5, 500.0], [110853.0, 2080.0]], "asks": [[110884.0, 180950.0], [110887.0, 46100.0], [110888.5, 30000.0], [110889.0, 50000.0], [110891.0, 73390.0], [110892.0, 61620.0], [110892.5, 50020.0], [110893.0, 109710.0], [110894.0, 5800.0], [110894.5, 21840.0], [110895.0, 87240.0], [110895.5, 10580.0], [110897.0, 23240.0], [110897.5, 30000.0], [110899.0, 20.0], [110899.5, 14950.0], [110900.0, 20.0], [110900.5, 20.0], [110901.0, 20.0], [110901.5, 20.0]]}}}
{"jsonrpc": "2.0", "method": "subscription", "params": {"channel": "book.BTC-PERPETUAL.none.20.100ms", "data": {"timestamp": 1760578033050, "change_id": 122065629022, "instrument_name": "BTC-PERPETUAL", "bids": [[110883.5, 704290.0], [110881.0, 5800.0], [110877.0, 20.0], [110876.5, 20.0], [110876.0, 20.0], [110875.5, 20.0], [110875.0, 20.0], [110872.5, 3180.0], [110872.0, 10660.0], [110869.0, 18920.0], [110868.5, 62400.0], [110867.5, 500.0], [110864.0, 500.0], [110860.5, 29420.0], [110860.0, 32610.0], [110859.0, 10580.0], [110857.0, 500.0], [110853.5, 500.0], [110853.0, 2080.0], [110852.5, 6970.0]], "asks": [[110884.0, 181450.0], [110888.5, 30000.0], [110889.0, 50000.0], [110891.0, 123410.0], [110891.5, 9240.0], [110892.0, 61620.0], [110893.0, 109710.0], [110894.0, 5800.0], [110894.5, 21840.0], [110895.0, 56160.0], [110895.5, 10580.0], [110897.0, 23240.0], [110897.5, 30000.0], [110899.5, 14930.0], [110900.5, 20.0], [110901.0, 20.0], [110901.5, 20.0], [110902.0, 60710.0], [110902.5, 25030.0], [110903.0, 20.0]]}}}
{"jsonrpc": "2.0", "method": "subscription", "params": {"channel": "book.BTC-PERPETUAL.none.20.100ms", "data": {"timestamp": 1760578033384, "change_id": 122065629769, "instrument_name": "BTC-PERPETUAL", "bids": [[110883.5, 704290.0], [110881.0, 5800.0], [110877.0, 20.0], [110876.5, 20.0], [110876.0, 20.0], [110875.5, 20.0], [110875.0, 20.0], [110872.5, 3180.0], [110872.0, 10660.0], [110869.0, 18920.0], [110868.5, 62400.0], [110867.5, 16500.0], [110864.0, 500.0], [110860.5, 13420.0], [110860.0, 32610.0], [110859.0, 10580.0], [110857.0, 500.0], [110853.5, 500.0], [110853.0, 2080.0], [110852.5, 6970.0]], "asks": [[110884.0, 181560.0], [110888.5, 30000.0], [110889.0, 50000.0], [110891.0, 73390.0], [110891.5, 9240.0], [110892.0, 61620.0], [110892.5, 50030.0], [110893.0, 109710.0], [110894.5, 21840.0], [110895.0, 56160.0], [110895.5, 10580.0], [110897.0, 48880.0], [110897.5, 30000.0], [110898.5, 88710.0], [110899.5, 14930.0], [110901.5, 20.0], [110902.0, 60710.0], [110902.5, 25030.0], [110903.0, 20.0], [110904.0, 500.0]]}}}
{"jsonrpc": "2.0", "method": "subscription", "params": {"channel": "book.BTC-PERPETUAL.none.20.100ms", "data": {"timestamp": 1760578033705, "change_id": 122065629924, "instrument_name": "BTC-PERPETUAL", "bids": [[110883.5, 704090.0], [110881.0, 5800.0], [110872.5, 3180.0], [110872.0, 10660.0], [110871.5, 200.0], [110869.0, 18920.0], [110868.5, 62400.0], [110867.5, 16500.0], [110864.0, 500.0], [110860.5, 13420.0], [110860.0, 32610.0], [110859.0, 10580.0], [110857.0, 500.0], [110853.5, 500.0], [110853.0, 2080.0], [110852.5, 6970.0], [110851.5, 5800.0], [110851.0, 33170.0], [110850.5, 13920.0], [110850.0, 500.0]], "asks": [[110884.0, 276970.0], [110886.5, 50000.0], [110888.5, 30000.0], [110890.5, 50020.0], [110891.0, 73390.0], [110891.5, 9240.0], [110892.0, 61620.0], [110893.0, 109710.0], [110893.5, 5800.0], [110894.5, 21840.0], [110895.5, 10580.0], [110897.0, 48880.0], [110897.5, 30000.0], [110898.5, 88710.0], [110899.5, 14930.0], [110901.5, 520.0], [110902.0, 60710.0], [110902.5, 25030.0], [110903.0, 20.0], [110904.5, 5550.0]]}}}
{"jsonrpc": "2.0", "method": "subscription", "params": {"channel": "book.BTC-PERPETUAL.none.20.100ms", "data": {"timestamp": 1760578034020, "change_id": 122065630980, "instrument_name": "BTC-PERPETUAL", "bids": [[110883.5, 704090.0], [110881.0, 5800.0], [110872.0, 10660.0], [110869.5, 200.0], [110869.0, 23700.0], [110868.5, 62400.0], [110867.5, 16500.0], [110864.0, 500.0], [110860.5, 13420.0], [110860.0, 32610.0], [110859.0, 10580.0], [110857.0, 500.0], [110853.5, 500.0], [110853.0, 2080.0], [110852.5, 6970.0], [110851.5, 5800.0], [110851.0, 33170.0], [110850.5, 13920.0], [110850.0, 500.0], [110848.5, 40000.0]], "asks": [[110884.0, 278360.0], [110884.5, 50000.0], [110885.0, 28440.0], [110886.0, 50020.0], [110888.0, 9240.0], [110888.5, 36000.0], [110891.0, 73390.0], [110892.0, 61620.0], [110893.0, 109710.0], [110893.5, 5800.0], [110894.5, 21840.0], [110895.5, 10580.0], [110896.5, 500.0], [110897.0, 48880.0], [110897.5, 30020.0], [110898.0, 20.0], [110898.5, 88730.0], [110899.0, 20.0], [110899.5, 14950.0], [110900.0, 20.0]]}}}
{"jsonrpc": "2.0", "method": "subscription", "params": {"channel": "book.BTC-PERPETUAL.none.20.100ms", "data": {"timestamp": 1760578034365, "change_id": 122065631869, "instrument_name": "BTC-PERPETUAL", "bids": [[110883.5, 704090.0], [110877.0, 5800.0], [110872.0, 10660.0], [110869.5, 200.0], [110869.0, 18920.0], [110868.5, 62400.0], [110867.5, 500.0], [110864.0, 500.0], [110860.5, 13420.0], [110860.0, 32610.0], [110859.0, 10580.0], [110857.0, 500.0], [110856.0, 7010.0], [110855.5, 16000.0], [110853.5, 500.0], [110852.5, 6970.0], [110851.5, 5800.0], [110851.0, 17680.0], [110850.5, 13920.0], [110850.0, 500.0]], "asks": [[110884.0, 337550.0], [110885.0, 26040.0], [110886.0, 82620.0], [110888.0, 50030.0], [110888.5, 41800.0], [110891.0, 36310.0], [110893.0, 88710.0], [110894.5, 21840.0], [110895.5, 10580.0], [110896.5, 500.0], [110897.0, 48880.0], [110897.5, 30020.0], [110898.0, 20.0], [110898.5, 88730.0], [110899.0, 20.0], [110899.5, 14950.0], [110900.0, 20.0], [110902.0, 60690.0], [110902.5, 25010.0], [110904.5, 5550.0]]}}}
{"jsonrpc": "2.0", "method": "subscription", "params": {"channel": "book.BTC-PERPETUAL.none.20.100ms", "data": {"timestamp": 1760578034645, "change_id": 122065632111, "instrument_name": "BTC-PERPETUAL", "bids": [[110883.5, 704090.0], [110877.0, 5800.0], [110875.0, 20.0], [110872.5, 3240.0], [110872.0, 10660.0], [110869.5, 200.0], [110869.0, 18920.0], [110868.5, 62400.0], [110867.5, 500.0], [110864.0, 500.0], [110862.5, 16000.0], [110860.5, 13420.0], [110860.0, 32610.0], [110859.0, 10580.0], [110857.0, 500.0], [110856.0, 2230.0], [110853.5, 500.0], [110852.5, 6970.0], [110851.5, 5800.0], [110851.0, 17680.0]], "asks": [[110884.0, 278340.0], [110888.5, 41800.0], [110889.5, 132620.0], [110890.5, 9240.0], [110891.0, 36310.0], [110892.5, 50030.0], [110893.0, 88710.0], [110895.5, 10580.0], [110897.0, 48880.0], [110897.5, 30000.0], [110898.5, 88710.0], [110899.5, 14930.0], [110900.0, 20.0], [110902.0, 61190.0], [110902.5, 25010.0], [110904.5, 5550.0], [110907.5, 32570.0], [110909.5, 47740.0], [110910.0, 44100.0], [110912.0, 34890.0]]}}}
{"jsonrpc": "2.0", "method": "subscription", "params": {"channel": "book.BTC-PERPETUAL.none.20.100ms", "data": {"timestamp": 1760578035040, "change_id": 122065632597, "instrument_name": "BTC-PERPETUAL", "bids": [[110883.5, 704290.0], [110877.0, 5800.0], [110876.5, 20.0], [110876.0, 20.0], [110875.5, 20.0], [110875.0, 20.0], [110874.5, 20.0], [110874.0, 20.0], [110873.5, 20.0], [110873.0, 20.0], [110872.5, 3240.0], [110872.0, 10660.0], [110869.0, 18920.0], [110868.5, 62400.0], [110867.5, 500.0], [110864.0, 500.0], [110862.5, 16000.0], [110860.5, 13420.0], [110860.0, 32610.0], [110859.0, 10580.0]], "asks": [[110884.0, 269000.0], [110888.5, 41800.0], [110889.5, 132620.0], [110890.5, 9240.0], [110891.0, 36310.0], [110892.5, 50030.0], [110893.0, 88710.0], [110895.5, 10580.0], [110896.5, 22110.0], [110897.0, 48880.0], [110897.5, 30000.0], [110898.5, 88730.0], [110899.0, 20.0], [110899.5, 14950.0], [110900.0, 20.0], [110900.5, 20.0], [110901.0, 20.0], [110901.5, 20.0], [110902.0, 60690.0], [110902.5, 25010.0]]}}}
{"jsonrpc": "2.0", "method": "subscription", "params": {"channel": "book.BTC-PERPETUAL.none.20.100ms", "data": {"timestamp": 1760578035355, "change_id": 122065633279, "instrument_name": "BTC-PERPETUAL", "bids": [[110883.5, 704290.0], [110877.0, 5800.0], [110875.5, 20.0], [110875.0, 20.0], [110874.5, 20.0], [110874.0, 20.0], [110873.5, 20.0], [110873.0, 20.0], [110872.5, 3240.0], [110872.0, 10660.0], [110869.0, 18920.0], [110868.5, 62400.0], [110867.5, 500.0], [110864.0, 500.0], [110862.5, 16000.0], [110860.5, 13420.0], [110860.0, 32610.0], [110859.0, 10580.0], [110857.0, 500.0], [110856.0, 2230.0]], "asks": [[110884.0, 237960.0], [110888.5, 41800.0], [110889.5, 132620.0], [110890.5, 9240.0], [110891.0, 36310.0], [110892.5, 50030.0], [110893.0, 88710.0], [110895.5, 10580.0], [110896.5, 22110.0], [110897.0, 48880.0], [110897.5, 30000.0], [110898.5, 88710.0], [110899.5, 14950.0], [110900.0, 20.0], [110900.5, 20.0], [110901.0, 20.0], [110901.5, 500.0], [110902.0, 60690.0], [110902.5, 25010.0], [110904.5, 5550.0]]}}}
{"jsonrpc": "2.0", "method": "subscription", "params": {"channel": "book.BTC-PERPETUAL.none.20.100ms", "data": {"timestamp": 1760578035688, "change_id": 122065633448, "instrument_name": "BTC-PERPETUAL", "bids": [[110883.5, 704290.0], [110877.0, 5800.0], [110875.0, 20.0], [110874.5, 20.0], [110874.0, 20.0], [110873.5, 20.0], [110873.0, 20.0], [110872.5, 3240.0], [110872.0, 10660.0], [110869.0, 18920.0], [110868.5, 62400.0], [110867.5, 500.0], [110864.0, 500.0], [110862.5, 16000.0], [110860.5, 13420.0], [110860.0, 32610.0], [110859.0, 10580.0], [110857.0, 500.0], [110856.0, 2230.0], [110853.5, 500.0]], "asks": [[110884.0, 237950.0], [110888.5, 41800.0], [110889.5, 132620.0], [110890.5, 9240.0], [110891.0, 36310.0], [110892.5, 50020.0], [110893.0, 88710.0], [110895.5, 10580.0], [110896.5, 22110.0], [110897.0, 48880.0], [110897.5, 30000.0], [110898.5, 88730.0], [110899.5, 14950.0], [110900.0, 20.0], [110900.5, 20.0], [110901.0, 20.0], [110902.0, 60690.0], [110902.5, 25010.0], [110904.0, 500.0], [110904.5, 5550.0]]}}}
{"jsonrpc": "2.0", "method": "subscription", "params": {"channel": "book.BTC-PERPETUAL.none.20.100ms", "data": {"timestamp": 1760578036002, "change_id": 122065633844, "instrument_name": "BTC-PERPETUAL", "bids": [[110883.5, 697190.0], [110877.0, 5800.0], [110872.5, 3240.0], [110872.0, 10660.0], [110871.0, 200.0], [110869.0, 18920.0], [110868.5, 62400.0], [110867.5, 500.0], [110864.0, 500.0], [110862.5, 16000.0], [110860.5, 13420.0], [110860.0, 32610.0], [110859.0, 10580.0], [110857.0, 500.0], [110856.0, 2230.0], [110853.5, 500.0], [110852.5, 6970.0], [110851.5, 5800.0], [110851.0, 17680.0], [110850.5, 13920.0]], "asks": [[110884.0, 273730.0], [110888.0, 51360.0], [110888.5, 41800.0], [110889.5, 71000.0], [110890.0, 50020.0], [110890.5, 9240.0], [110891.0, 36310.0], [110891.5, 61620.0], [110893.0, 88710.0], [110895.5, 10580.0], [110896.5, 22110.0], [110897.0, 48880.0], [110897.5, 30000.0], [110898.5, 88730.0], [110899.0, 20.0], [110899.5, 14950.0], [110900.0, 20.0], [110900.5, 20.0], [110901.0, 20.0], [110901.5, 500.0]]}}}
{"jsonrpc": "2.0", "method": "subscription", "params": {"channel": "book.BTC-PERPETUAL.none.20.100ms", "data": {"timestamp": 1760578036361, "change_id": 122065634656, "instrument_name": "BTC-PERPETUAL", "bids": [[110883.5, 697190.0], [110877.0, 5800.0], [110872.0, 10660.0], [110871.0, 200.0], [110870.5, 20.0], [110870.0, 20.0], [110869.5, 20.0], [110869.0, 18940.0], [110868.5, 62420.0], [110867.5, 500.0], [110864.0, 500.0], [110862.5, 16000.0], [110860.5, 13420.0], [110860.0, 32610.0], [110859.0, 10580.0], [110857.0, 500.0], [110856.0, 2230.0], [110853.5, 500.0], [110852.5, 6970.0], [110851.5, 5800.0]], "asks": [[110884.0, 274890.0], [110885.5, 50000.0], [110887.5, 9240.0], [110888.0, 36430.0], [110888.5, 41800.0], [110889.0, 50020.0], [110889.5, 21000.0], [110891.0, 36310.0], [110891.5, 61620.0], [110893.0, 88710.0], [110895.5, 10580.0], [110896.5, 22110.0], [110897.0, 48880.0], [110897.5, 30000.0], [110898.5, 88730.0], [110899.0, 520.0], [110899.5, 14950.0], [110900.0, 20.0], [110900.5, 20.0], [110901.0, 20.0]]}}}
{"jsonrpc": "2.0", "method": "subscription", "params": {"channel": "book.BTC-PERPETUAL.none.20.100ms", "data": {"timestamp": 1760578036688, "change_id": 122065634828, "instrument_name": "BTC-PERPETUAL", "bids": [[110883.5, 697190.0], [110877.0, 5800.0], [110872.0, 10660.0], [110871.0, 200.0], [110870.5, 20.0], [110870.0, 20.0], [110869.5, 20.0], [110869.0, 18940.0], [110868.5, 62420.0], [110868.0, 20.0], [110867.5, 520.0], [110864.0, 500.0], [110862.5, 16000.0], [110860.5, 13420.0], [110860.0, 32610.0], [110859.0, 10580.0], [110857.0, 500.0], [110856.0, 2230.0], [110853.5, 500.0], [110852.5, 6970.0]], "asks": [[110884.0, 325370.0], [110884.5, 68770.0], [110886.5, 9240.0], [110888.5, 41800.0], [110889.5, 21000.0], [110891.0, 50140.0], [110891.5, 61620.0], [110893.0, 88710.0], [110894.5, 20.0], [110895.0, 500.0], [110895.5, 10580.0], [110896.5, 22110.0], [110897.0, 48880.0], [110897.5, 30000.0], [110898.5, 88730.0], [110899.0, 20.0], [110899.5, 14950.0], [110900.0, 20.0], [110902.0, 60690.0], [110902.5, 25010.0]]}}}
{"jsonrpc": "2.0", "method": "subscription", "params": {"channel": "book.BTC-PERPETUAL.none.20.100ms", "data": {"timestamp": 1760578037023, "change_id": 122065635333, "instrument_name": "BTC-PERPETUAL", "bids": [[110883.5, 704090.0], [110877.0, 5800.0], [110875.0, 20.0], [110874.5, 20.0], [110874.0, 20.0], [110873.5, 20.0], [110873.0, 20.0], [110872.5, 3290.0], [110872.0, 10680.0], [110871.0, 200.0], [110869.0, 18920.0], [110868.5, 62400.0], [110867.5, 500.0], [110864.0, 500.0], [110862.5, 16000.0], [110860.5, 13420.0], [110860.0, 32610.0], [110859.0, 10580.0], [110857.0, 500.0], [110856.0, 2230.0]], "asks": [[110884.0, 240140.0], [110887.5, 36430.0], [110888.5, 41800.0], [110889.5, 71000.0], [110890.5, 59260.0], [110891.0, 50140.0], [110891.5, 61620.0], [110893.0, 88710.0], [110895.5, 10580.0], [110896.5, 22110.0], [110897.0, 48880.0], [110897.5, 30000.0], [110898.5, 88730.0], [110899.0, 520.0], [110899.5, 14950.0], [110900.0, 20.0], [110902.0, 60690.0], [110902.5, 25010.0], [110904.5, 5550.0], [110907.5, 32570.0]]}}}
{"jsonrpc": "2.0", "method": "subscription", "params": {"channel": "book.BTC-PERPETUAL.none.20.100ms", "data": {"timestamp": 1760578037312, "change_id": 122065635830, "instrument_name": "BTC-PERPETUAL", "bids": [[110883.5, 704290.0], [110882.0, 5800.0], [110875.5, 20.0], [110875.0, 20.0], [110874.5, 20.0], [110874.0, 20.0], [110873.5, 20.0], [110873.0, 20.0], [110872.5, 3290.0], [110872.0, 10660.0], [110869.0, 18920.0], [110868.5, 62400.0], [110867.5, 500.0], [110864.0, 500.0], [110862.5, 16000.0], [110860.5, 13420.0], [110860.0, 32610.0], [110859.0, 10580.0], [110857.0, 500.0], [110856.0, 2230.0]], "asks": [[110884.0, 235150.0], [110887.5, 36430.0], [110888.5, 41800.0], [110889.5, 71000.0], [110890.5, 9240.0], [110891.0, 100170.0], [110891.5, 61620.0], [110893.0, 88710.0], [110895.5, 10580.0], [110896.5, 22110.0], [110897.0, 48880.0], [110897.5, 30000.0], [110898.5, 88710.0], [110899.0, 20.0], [110899.5, 14950.0], [110900.0, 20.0], [110900.5, 20.0], [110901.0, 20.0], [110901.5, 520.0], [110902.0, 60690.0]]}}}
{"jsonrpc": "2.0", "method": "subscription", "params": {"channel": "book.BTC-PERPETUAL.none.20.100ms", "data": {"timestamp": 1760578037676, "change_id": 122065636253, "instrument_name": "BTC-PERPETUAL", "bids": [[110883.5, 704090.0], [110882.0, 5800.0], [110872.0, 10660.0], [110869.0, 18920.0], [110868.5, 62400.0], [110867.5, 500.0], [110864.0, 500.0], [110862.5, 16000.0], [110860.5, 13420.0], [110860.0, 32610.0], [110859.0, 10580.0], [110857.0, 500.0], [110856.0, 2230.0], [110853.5, 500.0], [110852.5, 6970.0], [110851.5, 5800.0], [110851.0, 17680.0], [110850.5, 13920.0], [110850.0, 500.0], [110848.0, 34450.0]], "asks": [[110884.0, 235320.0], [110887.5, 86430.0], [110888.5, 41800.0], [110889.0, 50020.0], [110889.5, 21000.0], [110890.5, 9240.0], [110891.0, 50140.0], [110891.5, 61620.0], [110893.0, 88710.0], [110895.5, 10580.0], [110896.5, 22110.0], [110897.0, 48880.0], [110897.5, 30000.0], [110898.5, 88710.0], [110899.0, 500.0], [110899.5, 14950.0], [110900.0, 20.0], [110900.5, 20.0], [110901.0, 20.0], [110901.5, 20.0]]}}}
{"jsonrpc": "2.0", "method": "subscription", "params": {"channel": "book.BTC-PERPETUAL.none.20.100ms", "data": {"timestamp": 1760578038005, "change_id": 122065636669, "instrument_name": "BTC-PERPETUAL", "bids": [[110883.5, 704090.0], [110881.0, 5800.0], [110872.0, 10660.0], [110871.5, 20.0], [110871.0, 20.0], [110870.5, 20.0], [110870.0, 20.0], [110869.5, 20.0], [110869.0, 18940.0], [110868.5, 62420.0], [110867.5, 500.0], [110867.0, 200.0], [110864.0, 500.0], [110862.5, 16000.0], [110860.5, 13420.0], [110860.0, 32610.0], [110859.0, 10580.0], [110857.0, 500.0], [110856.0, 2230.0], [110853.5, 500.0]], "asks": [[110884.0, 324210.0], [110885.5, 36430.0], [110887.0, 9240.0], [110888.0, 50020.0], [110888.5, 41800.0], [110889.5, 21000.0], [110891.0, 50140.0], [110891.5, 61620.0], [110893.0, 88710.0], [110894.0, 20.0], [110894.5, 20.0], [110895.0, 20.0], [110895.5, 10600.0], [110896.5, 22110.0], [110897.0, 49380.0], [110897.5, 30000.0], [110898.5, 88710.0], [110899.5, 14950.0], [110900.0, 20.0], [110900.5, 20.0]]}}}
{"jsonrpc": "2.0", "method": "subscription", "params": {"channel": "book.BTC-PERPETUAL.none.20.100ms", "data": {"timestamp": 1760578038317, "change_id": 122065637168, "instrument_name": "BTC-PERPETUAL", "bids": [[110883.5, 697190.0], [110882.5, 6900.0], [110881.0, 5800.0], [110872.0, 10660.0], [110871.5, 20.0], [110871.0, 20.0], [110870.5, 20.0], [110870.0, 20.0], [110869.5, 20.0], [110869.0, 18940.0], [110868.5, 62400.0], [110867.5, 500.0], [110867.0, 200.0], [110864.0, 500.0], [110862.5, 16000.0], [110860.5, 13420.0], [110860.0, 32610.0], [110859.0, 10580.0], [110857.0, 500.0], [110856.0, 2230.0]], "asks": [[110884.0, 324170.0], [110887.0, 9240.0], [110888.0, 31280.0], [110888.5, 41800.0], [110889.0, 50020.0], [110889.5, 21000.0], [110891.0, 50140.0], [110891.5, 61620.0], [110893.0, 88710.0], [110895.0, 20.0], [110895.5, 10600.0], [110896.0, 20.0], [110896.5, 22110.0], [110897.0, 49380.0], [110897.5, 30000.0], [110898.5, 88710.0], [110899.5, 14950.0], [110900.0, 20.0], [110900.5, 20.0], [110901.0, 20.0]]}}}
{"jsonrpc": "2.0", "method": "subscription", "params": {"channel": "book.BTC-PERPETUAL.none.20.100ms", "data": {"timestamp": 1760578038670, "change_id": 122065637544, "instrument_name": "BTC-PERPETUAL", "bids": [[110883.5, 697190.0], [110882.5, 6900.0], [110881.0, 5800.0], [110872.0, 10660.0], [110871.5, 20.0], [110871.0, 20.0], [110870.5, 20.0], [110870.0, 20.0], [110869.5, 20.0], [110869.0, 18940.0], [110868.5, 62420.0], [110867.5, 500.0], [110867.0, 200.0], [110864.0, 500.0], [110862.5, 16000.0], [110860.5, 13420.0], [110860.0, 32610.0], [110859.0, 10580.0], [110857.0, 500.0], [110856.0, 2230.0]], "asks": [[110884.0, 324890.0], [110887.5, 42920.0], [110888.5, 41800.0], [110889.0, 50020.0], [110889.5, 21000.0], [110891.0, 50140.0], [110891.5, 61620.0], [110893.0, 88710.0], [110894.5, 20.0], [110895.0, 20.0], [110895.5, 10600.0], [110896.0, 20.0], [110896.5, 22130.0], [110897.0, 49400.0], [110897.5, 30020.0], [110898.5, 88710.0], [110899.5, 14950.0], [110902.0, 60690.0], [110902.5, 25010.0], [110904.5, 5550.0]]}}}
{"jsonrpc": "2.0", "method": "subscription", "params": {"channel": "book.BTC-PERPETUAL.none.20.100ms", "data": {"timestamp": 1760578038958, "change_id": 122065637894, "instrument_name": "BTC-PERPETUAL", "bids": [[110883.5, 697190.0], [110882.5, 6900.0], [110881.0, 5800.0], [110872.0, 10660.0], [110870.0, 20.0], [110869.5, 20.0], [110869.0, 18940.0], [110868.5, 62420.0], [110867.5, 500.0], [110867.0, 200.0], [110864.0, 500.0], [110862.5, 16000.0], [110860.5, 13420.0], [110860.0, 32610.0], [110859.0, 10580.0], [110857.0, 500.0], [110856.0, 2230.0], [110853.5, 500.0], [110852.5, 6970.0], [110851.5, 5800.0]], "asks": [[110884.0, 334130.0], [110886.5, 31280.0], [110888.0, 50020.0], [110888.5, 41800.0], [110889.5, 21000.0], [110891.0, 50140.0], [110891.5, 61620.0], [110893.0, 88710.0], [110894.5, 20.0], [110895.0, 20.0], [110895.5, 10600.0], [110896.0, 520.0], [110896.5, 22130.0], [110897.0, 48900.0], [110897.5, 30020.0], [110898.5, 88710.0], [110899.5, 14950.0], [110902.0, 60690.0], [110902.5, 25010.0], [110904.5, 5550.0]]}}}
{"jsonrpc": "2.0", "method": "subscription", "params": {"channel": "book.BTC-PERPETUAL.none.20.100ms", "data": {"timestamp": 1760578039300, "change_id": 122065638429, "instrument_name": "BTC-PERPETUAL", "bids": [[110883.5, 697190.0], [110881.0, 5800.0], [110872.0, 10660.0], [110869.5, 20.0], [110869.0, 18940.0], [110868.5, 62420.0], [110868.0, 20.0], [110867.5, 520.0], [110867.0, 200.0], [110864.0, 500.0], [110862.5, 16000.0], [110860.5, 13420.0], [110860.0, 32610.0], [110859.0, 10580.0], [110857.0, 500.0], [110856.0, 2230.0], [110853.5, 500.0], [110852.5, 6970.0], [110851.5, 5800.0], [110851.0, 11710.0]], "asks": [[110884.0, 334110.0], [110886.5, 31280.0], [110888.0, 50020.0], [110888.5, 41800.0], [110889.5, 21000.0], [110891.0, 50140.0], [110891.5, 61620.0], [110893.0, 88710.0], [110895.0, 20.0], [110895.5, 10600.0], [110896.0, 520.0], [110896.5, 22110.0], [110897.0, 48880.0], [110897.5, 30000.0], [110898.5, 88710.0], [110899.5, 14930.0], [110902.0, 60690.0], [110902.5, 25010.0], [110904.5, 5550.0], [110907.5, 32570.0]]}}}
{"jsonrpc": "2.0", "method": "subscription", "params": {"channel": "book.BTC-PERPETUAL.none.20.100ms", "data": {"timestamp": 1760578039640, "change_id": 122065638792, "instrument_name": "BTC-PERPETUAL", "bids": [[110883.5, 697190.0], [110882.5, 6900.0], [110881.0, 5800.0], [110872.0, 10660.0], [110870.5, 20.0], [110870.0, 20.0], [110869.5, 20.0], [110869.0, 18940.0], [110868.5, 62420.0], [110868.0, 20.0], [110867.5, 500.0], [110867.0, 200.0], [110864.0, 500.0], [110862.5, 16000.0], [110860.5, 13420.0], [110860.0, 32610.0], [110859.0, 10580.0], [110857.0, 500.0], [110856.0, 2230.0], [110853.5, 500.0]], "asks": [[110884.0, 335940.0], [110886.0, 52070.0], [110886.5, 61620.0], [110888.5, 41800.0], [110889.5, 21000.0], [110890.5, 50030.0], [110891.0, 36310.0], [110893.0, 88710.0], [110895.0, 20.0], [110895.5, 10600.0], [110896.0, 20.0], [110896.5, 22110.0], [110897.0, 48880.0], [110897.5, 30000.0], [110898.0, 500.0], [110898.5, 88710.0], [110899.5, 14930.0], [110902.0, 60690.0], [110902.5, 25010.0], [110904.5, 5550.0]]}}}
{"jsonrpc": "2.0", "method": "subscription", "params": {"channel": "book.BTC-PERPETUAL.none.20.100ms", "data": {"timestamp": 1760578039955, "change_id": 122065639178, "instrument_name": "BTC-PERPETUAL", "bids": [[110883.5, 704090.0], [110881.0, 5800.0], [110872.5, 3210.0], [110872.0, 10660.0], [110870.5, 20.0], [110870.0, 20.0], [110869.5, 20.0], [110869.0, 18940.0], [110868.5, 62420.0], [110868.0, 20.0], [110867.5, 500.0], [110867.0, 200.0], [110864.0, 500.0], [110862.5, 16000.0], [110860.5, 13420.0], [110860.0, 32610.0], [110859.0, 10580.0], [110857.0, 500.0], [110856.0, 2230.0], [110853.5, 500.0]], "asks": [[110884.0, 327120.0], [110885.5, 9240.0], [110886.5, 61620.0], [110888.5, 41800.0], [110889.5, 21000.0], [110891.0, 36310.0], [110892.5, 50030.0], [110893.0, 88710.0], [110895.5, 10580.0], [110896.5, 22110.0], [110897.0, 48880.0], [110897.5, 30000.0], [110898.5, 88710.0], [110899.0, 500.0], [110899.5, 14930.0], [110902.0, 60690.0], [110902.5, 25010.0], [110904.5, 5550.0], [110907.5, 32570.0], [110909.5, 47740.0]]}}}
{"jsonrpc": "2.0", "method": "subscription", "params": {"channel": "book.BTC-PERPETUAL.none.20.100ms", "data": {"timestamp": 1760578040312, "change_id": 122065639701, "instrument_name": "BTC-PERPETUAL", "bids": [[110883.5, 704090.0], [110879.0, 5800.0], [110872.0, 10660.0], [110871.5, 20.0], [110871.0, 20.0], [110870.5, 20.0], [110870.0, 20.0], [110869.5, 20.0], [110869.0, 18920.0], [110868.5, 62400.0], [110867.5, 500.0], [110867.0, 200.0], [110864.0, 500.0], [110862.5, 16000.0], [110860.5, 13420.0], [110860.0, 32610.0], [110859.0, 10580.0], [110857.0, 500.0], [110856.0, 2230.0], [110853.5, 500.0]], "asks": [[110884.0, 325350.0], [110886.0, 39900.0], [110886.5, 61620.0], [110888.0, 9240.0], [110888.5, 41800.0], [110889.5, 21000.0], [110890.5, 50030.0], [110891.0, 36310.0], [110893.0, 88710.0], [110895.0, 20.0], [110895.5, 10600.0], [110896.0, 20.0], [110896.5, 22130.0], [110897.0, 48900.0], [110897.5, 30020.0], [110898.0, 520.0], [110898.5, 88730.0], [110899.5, 14930.0], [110902.0, 60690.0], [110902.5, 25010.0]]}}}
{"jsonrpc": "2.0", "method": "subscription", "params": {"channel": "book.BTC-PERPETUAL.none.20.100ms", "data": {"timestamp": 1760578040639, "change_id": 122065640062, "instrument_name": "BTC-PERPETUAL", "bids": [[110883.5, 704090.0], [110879.0, 5800.0], [110873.5, 20.0], [110872.5, 3210.0], [110872.0, 10680.0], [110871.5, 20.0], [110871.0, 20.0], [110870.5, 20.0], [110869.0, 18920.0], [110868.5, 62400.0], [110867.5, 500.0], [110867.0, 200.0], [110864.0, 500.0], [110862.5, 16000.0], [110860.5, 13420.0], [110860.0, 32610.0], [110859.0, 10580.0], [110857.0, 500.0], [110856.0, 2230.0], [110853.5, 500.0]], "asks": [[110884.0, 275070.0], [110886.0, 89900.0], [110886.5, 61620.0], [110888.0, 9240.0], [110888.5, 41800.0], [110889.5, 21000.0], [110891.0, 36310.0], [110892.5, 50020.0], [110893.0, 88710.0], [110895.5, 10580.0], [110896.5, 22110.0], [110897.0, 48900.0], [110897.5, 30020.0], [110898.0, 20.0], [110898.5, 88730.0], [110899.0, 500.0], [110899.5, 14930.0], [110902.0, 60690.0], [110902.5, 25010.0], [110904.5, 5550.0]]}}}
{"jsonrpc": "2.0", "method": "subscription", "params": {"channel": "book.BTC-PERPETUAL.none.20.100ms", "data": {"timestamp": 1760578040987, "change_id": 122065640978, "instrument_name": "BTC-PERPETUAL", "bids": [[110883.5, 734290.0], [110879.5, 1730.0], [110879.0, 5800.0], [110875.0, 500.0], [110873.5, 20.0], [110872.5, 5780.0], [110872.0, 10680.0], [110871.5, 20.0], [110871.0, 20.0], [110870.5, 10020.0], [110869.0, 18920.0], [110868.5, 62400.0], [110867.5, 500.0], [110864.0, 500.0], [110862.5, 16000.0], [110860.5, 13420.0], [110860.0, 32610.0], [110859.0, 10580.0], [110858.0, 8420.0], [110857.5, 11000.0]], "asks": [[110884.0, 216610.0], [110889.5, 82620.0], [110893.0, 88710.0], [110894.0, 6000.0], [110895.0, 50000.0], [110896.5, 22110.0], [110897.0, 48880.0], [110897.5, 30000.0], [110898.5, 88710.0], [110899.5, 14930.0], [110901.0, 9240.0], [110902.0, 31580.0], [110902.5, 25010.0], [110904.5, 5550.0], [110907.0, 50030.0], [110907.5, 32870.0], [110909.5, 27740.0], [110910.0, 44100.0], [110912.0, 34890.0], [110913.0, 40740.0]]}}}
{"jsonrpc": "2.0", "method": "subscription", "params": {"channel": "book.BTC-PERPETUAL.none.20.100ms", "data": {"timestamp": 1760578041318, "change_id": 122065642015, "instrument_name": "BTC-PERPETUAL", "bids": [[110883.5, 808360.0], [110883.0, 20.0], [110882.5, 20.0], [110882.0, 20.0], [110881.5, 20.0], [110881.0, 20.0], [110880.5, 20.0], [110880.0, 20.0], [110879.5, 1730.0], [110879.0, 5800.0], [110875.0, 500.0], [110872.5, 7570.0], [110872.0, 10660.0], [110869.5, 16000.0], [110869.0, 18920.0], [110868.5, 62400.0], [110867.5, 500.0], [110864.5, 20240.0], [110864.0, 500.0], [110863.0, 25050.0]], "asks": [[110884.0, 97790.0], [110884.5, 25000.0], [110887.5, 11000.0], [110889.0, 26000.0], [110897.5, 82620.0], [110899.0, 50000.0], [110899.5, 14930.0], [110902.0, 11880.0], [110902.5, 25010.0], [110904.5, 5550.0], [110907.0, 11570.0], [110907.5, 5820.0], [110908.0, 38480.0], [110908.5, 20.0], [110909.0, 30000.0], [110911.5, 50020.0], [110912.0, 34890.0], [110913.0, 26790.0], [110913.5, 40000.0], [110914.0, 10580.0]]}}}
{"jsonrpc": "2.0", "method": "subscription", "params": {"channel": "book.BTC-PERPETUAL.none.20.100ms", "data": {"timestamp": 1760578041644, "change_id": 122065643232, "instrument_name": "BTC-PERPETUAL", "bids": [[110890.5, 599180.0], [110889.0, 20.0], [110885.5, 40.0], [110884.5, 170840.0], [110884.0, 500.0], [110883.5, 555000.0], [110882.0, 20.0], [110881.5, 20.0], [110881.0, 20.0], [110880.5, 20.0], [110880.0, 20.0], [110878.5, 500.0], [110875.5, 4930.0], [110875.0, 16500.0], [110872.5, 3210.0], [110872.0, 10660.0], [110869.0, 15400.0], [110867.5, 500.0], [110867.0, 32870.0], [110865.0, 11000.0]], "asks": [[110891.0, 76410.0], [110898.0, 6000.0], [110898.5, 50000.0], [110899.5, 14930.0], [110902.0, 11880.0], [110902.5, 25010.0], [110904.5, 5550.0], [110906.5, 22710.0], [110907.0, 2310.0], [110907.5, 15040.0], [110908.0, 55560.0], [110908.5, 50020.0], [110909.0, 82620.0], [110912.0, 34890.0], [110913.0, 68360.0], [110913.5, 40000.0], [110914.0, 10580.0], [110914.5, 600.0], [110917.0, 500.0], [110923.0, 2230.0]]}}}
{"jsonrpc": "2.0", "method": "subscription", "params": {"channel": "book.BTC-PERPETUAL.none.20.100ms", "data": {"timestamp": 1760578041973, "change_id": 122065643880, "instrument_name": "BTC-PERPETUAL", "bids": [[110890.5, 599180.0], [110887.5, 20.0], [110887.0, 20.0], [110885.5, 40.0], [110884.5, 170840.0], [110884.0, 500.0], [110883.5, 555000.0], [110882.0, 20.0], [110881.5, 20.0], [110881.0, 20.0], [110880.5, 20.0], [110880.0, 20.0], [110878.5, 500.0], [110875.5, 4930.0], [110875.0, 16500.0], [110872.5, 3210.0], [110872.0, 10660.0], [110869.0, 10110.0], [110867.5, 500.0], [110867.0, 32870.0]], "asks": [[110891.0, 116940.0], [110898.0, 6000.0], [110898.5, 50000.0], [110899.5, 14930.0], [110902.5, 46010.0], [110903.5, 44890.0], [110904.0, 127020.0], [110904.5, 5550.0], [110906.5, 22710.0], [110907.0, 2310.0], [110907.5, 5800.0], [110911.0, 25350.0], [110911.5, 50020.0], [110912.0, 34890.0], [110913.0, 23530.0], [110913.5, 40000.0], [110914.0, 21580.0], [110914.5, 33470.0], [110921.5, 500.0], [110923.0, 2230.0]]}}}
{"jsonrpc": "2.0", "method": "subscription", "params": {"channel": "book.BTC-PERPETUAL.none.20.100ms", "data": {"timestamp": 1760578042309, "change_id": 122065644448, "instrument_name": "BTC-PERPETUAL", "bids": [[110890.5, 599180.0], [110885.5, 40.0], [110884.0, 500.0], [110882.0, 20.0], [110881.5, 20.0], [110881.0, 20.0], [110880.5, 20.0], [110880.0, 20.0], [110878.5, 500.0], [110875.5, 4930.0], [110875.0, 16500.0], [110872.5, 3210.0], [110872.0, 10660.0], [110869.0, 10110.0], [110867.5, 500.0], [110867.0, 32870.0], [110864.0, 500.0], [110863.0, 41270.0], [110862.5, 20000.0], [110861.0, 20240.0]], "asks": [[110891.0, 179570.0], [110898.0, 6000.0], [110898.5, 50000.0], [110899.5, 76550.0], [110902.5, 46010.0], [110903.5, 23260.0], [110904.0, 20240.0], [110904.5, 5550.0], [110906.0, 27530.0], [110906.5, 22710.0], [110907.0, 2310.0], [110907.5, 5800.0], [110908.5, 43940.0], [110909.0, 62280.0], [110911.0, 50020.0], [110912.0, 34890.0], [110913.0, 23530.0], [110913.5, 40000.0], [110914.0, 10580.0], [110914.5, 33470.0]]}}}
{"jsonrpc": "2.0", "method": "subscription", "params": {"channel": "book.BTC-PERPETUAL.none.20.100ms", "data": {"timestamp": 1760578042633, "change_id": 122065644940, "instrument_name": "BTC-PERPETUAL", "bids": [[110890.5, 536780.0], [110885.5, 40.0], [110885.0, 20.0], [110884.5, 20.0], [110884.0, 520.0], [110883.5, 20.0], [110883.0, 20.0], [110882.5, 20.0], [110880.5, 18630.0], [110880.0, 62400.0], [110878.5, 500.0], [110875.5, 4930.0], [110875.0, 16500.0], [110872.5, 3210.0], [110872.0, 10660.0], [110869.0, 10110.0], [110867.5, 500.0], [110867.0, 32870.0], [110864.0, 500.0], [110863.0, 41270.0]], "asks": [[110891.0, 184330.0], [110898.0, 6000.0], [110899.0, 11000.0], [110899.5, 76550.0], [110900.5, 50000.0], [110902.5, 46010.0], [110903.5, 21830.0], [110904.0, 9240.0], [110904.5, 5550.0], [110906.0, 27530.0], [110906.5, 22710.0], [110907.0, 2310.0], [110907.5, 5800.0], [110908.5, 44730.0], [110909.0, 62300.0], [110909.5, 20.0], [110910.0, 30020.0], [110910.5, 20.0], [110911.5, 50030.0], [110912.0, 34890.0]]}}}
{"jsonrpc": "2.0", "method": "subscription", "params": {"channel": "book.BTC-PERPETUAL.none.20.100ms", "data": {"timestamp": 1760578042953, "change_id": 122065645400, "instrument_name": "BTC-PERPETUAL", "bids": [[110890.5, 927400.0], [110886.0, 20.0], [110885.5, 60.0], [110885.0, 20.0], [110884.5, 20.0], [110881.0, 18630.0], [110880.5, 62400.0], [110878.5, 500.0], [110875.5, 4930.0], [110875.0, 16500.0], [110872.5, 3210.0], [110872.0, 10660.0], [110869.0, 10110.0], [110867.5, 500.0], [110867.0, 32870.0], [110864.0, 500.0], [110863.0, 41270.0], [110862.5, 20000.0], [110861.0, 20240.0], [110860.5, 11500.0]], "asks": [[110891.0, 195410.0], [110898.0, 6000.0], [110899.5, 14930.0], [110900.0, 50000.0], [110902.0, 53960.0], [110902.5, 46010.0], [110903.0, 61620.0], [110904.0, 9240.0], [110904.5, 5550.0], [110906.0, 27530.0], [110906.5, 22710.0], [110907.0, 2310.0], [110907.5, 5800.0], [110908.5, 44730.0], [110909.0, 62280.0], [110910.0, 30020.0], [110910.5, 20.0], [110911.5, 50020.0], [110912.0, 34890.0], [110913.0, 23530.0]]}}}
{"jsonrpc": "2.0", "method": "subscription", "params": {"channel": "book.BTC-PERPETUAL.none.20.100ms", "data": {"timestamp": 1760578043296, "change_id": 122065646138, "instrument_name": "BTC-PERPETUAL", "bids": [[110890.5, 927200.0], [110885.5, 40.0], [110884.5, 20.0], [110881.0, 18630.0], [110880.5, 62400.0], [110878.5, 700.0], [110875.0, 500.0], [110872.5, 3210.0], [110872.0, 10660.0], [110869.0, 10110.0], [110867.5, 16500.0], [110867.0, 32870.0], [110864.0, 500.0], [110863.0, 41270.0], [110862.5, 20000.0], [110860.5, 500.0], [110860.0, 86670.0], [110859.0, 10580.0], [110858.0, 22790.0], [110857.5, 21070.0]], "asks": [[110891.0, 200940.0], [110895.5, 50000.0], [110897.0, 21170.0], [110897.5, 9240.0], [110898.0, 6000.0], [110899.5, 14930.0], [110901.5, 50020.0], [110902.0, 59760.0], [110902.5, 46010.0], [110903.0, 61620.0], [110904.5, 5550.0], [110906.0, 27530.0], [110906.5, 22710.0], [110908.5, 44730.0], [110909.0, 62280.0], [110910.0, 30020.0], [110910.5, 20.0], [110911.5, 500.0], [110912.0, 34890.0], [110913.0, 23530.0]]}}}
{"jsonrpc": "2.0", "method": "subscription", "params": {"channel": "book.BTC-PERPETUAL.none.20.100ms", "data": {"timestamp": 1760578043585, "change_id": 122065646535, "instrument_name": "BTC-PERPETUAL", "bids": [[110890.5, 927200.0], [110885.0, 40.0], [110884.0, 20.0], [110883.5, 20.0], [110883.0, 20.0], [110882.5, 20.0], [110882.0, 20.0], [110881.5, 20.0], [110881.0, 18650.0], [110880.5, 62400.0], [110878.5, 700.0], [110875.0, 500.0], [110872.5, 3210.0], [110872.0, 10660.0], [110869.0, 10110.0], [110867.5, 16500.0], [110867.0, 32870.0], [110864.0, 500.0], [110863.0, 41270.0], [110862.5, 20000.0]], "asks": [[110891.0, 208250.0], [110895.5, 50000.0], [110898.0, 6000.0], [110898.5, 8950.0], [110899.0, 9240.0], [110899.5, 14930.0], [110902.0, 59760.0], [110902.5, 46010.0], [110903.0, 61620.0], [110904.0, 50020.0], [110904.5, 5550.0], [110906.0, 27530.0], [110906.5, 22710.0], [110908.0, 20.0], [110908.5, 44750.0], [110909.0, 62300.0], [110909.5, 20.0], [110910.0, 30020.0], [110912.0, 34890.0], [110912.5, 500.0]]}}}
{"jsonrpc": "2.0", "method": "subscription", "params": {"channel": "book.BTC-PERPETUAL.none.20.100ms", "data": {"timestamp": 1760578043940, "change_id": 122065646916, "instrument_name": "BTC-PERPETUAL", "bids": [[110890.5, 989800.0], [110885.5, 20.0], [110885.0, 60.0], [110884.5, 20.0], [110884.0, 20.0], [110883.5, 20.0], [110883.0, 20.0], [110878.5, 500.0], [110875.5, 4930.0], [110875.0, 16500.0], [110872.5, 3210.0], [110872.0, 10660.0], [110869.0, 10110.0], [110867.5, 500.0], [110867.0, 32870.0], [110864.0, 500.0], [110863.0, 41270.0], [110862.5, 20000.0], [110860.5, 11500.0], [110860.0, 86670.0]], "asks": [[110891.0, 208250.0], [110895.5, 50000.0], [110898.0, 6000.0], [110898.5, 8950.0], [110899.5, 14930.0], [110901.5, 9240.0], [110902.0, 59760.0], [110902.5, 46010.0], [110903.0, 61620.0], [110904.5, 5550.0], [110906.0, 27530.0], [110906.5, 22710.0], [110908.0, 50030.0], [110908.5, 44730.0], [110909.0, 62300.0], [110909.5, 20.0], [110910.0, 30020.0], [110910.5, 20.0], [110911.0, 20.0], [110911.5, 20.0]]}}}
{"jsonrpc": "2.0", "method": "subscription", "params": {"channel": "book.BTC-PERPETUAL.none.20.100ms", "data": {"timestamp": 1760578044265, "change_id": 122065647300, "instrument_name": "BTC-PERPETUAL", "bids": [[110890.5, 989800.0], [110886.0, 20.0], [110885.5, 20.0], [110885.0, 60.0], [110884.5, 20.0], [110884.0, 20.0], [110883.5, 20.0], [110883.0, 20.0], [110878.5, 500.0], [110875.5, 4930.0], [110875.0, 16500.0], [110872.5, 3210.0], [110872.0, 10660.0], [110869.0, 10110.0], [110867.5, 500.0], [110867.0, 32870.0], [110864.0, 500.0], [110863.0, 41270.0], [110862.5, 20000.0], [110860.5, 11500.0]], "asks": [[110891.0, 213250.0], [110895.5, 50000.0], [110898.0, 6000.0], [110898.5, 8950.0], [110899.5, 14930.0], [110901.5, 9240.0], [110902.0, 59760.0], [110902.5, 46010.0], [110903.0, 61620.0], [110904.5, 5550.0], [110906.0, 27530.0], [110906.5, 22710.0], [110908.0, 50030.0], [110908.5, 44730.0], [110909.0, 62300.0], [110909.5, 20.0], [110910.0, 30020.0], [110910.5, 20.0], [110911.0, 20.0], [110911.5, 20.0]]}}}
{"jsonrpc": "2.0", "method": "subscription", "params": {"channel": "book.BTC-PERPETUAL.none.20.100ms", "data": {"timestamp": 1760578044564, "change_id": 122065647750, "instrument_name": "BTC-PERPETUAL", "bids": [[110890.5, 989800.0], [110886.0, 20.0], [110885.5, 20.0], [110885.0, 60.0], [110884.5, 20.0], [110884.0, 20.0], [110883.5, 20.0], [110883.0, 20.0], [110878.5, 500.0], [110875.5, 4930.0], [110875.0, 16500.0], [110872.5, 3210.0], [110872.0, 10660.0], [110869.0, 10110.0], [110867.5, 500.0], [110867.0, 32870.0], [110864.0, 500.0], [110863.0, 41270.0], [110862.5, 20000.0], [110860.5, 11500.0]], "asks": [[110891.0, 213250.0], [110897.5, 50000.0], [110898.0, 6000.0], [110898.5, 8950.0], [110899.5, 14930.0], [110901.5, 9240.0], [110902.0, 59760.0], [110902.5, 46010.0], [110903.0, 61620.0], [110904.5, 5550.0], [110906.0, 27530.0], [110906.5, 22710.0], [110908.0, 50030.0], [110908.5, 44730.0], [110909.0, 62300.0], [110909.5, 20.0], [110910.0, 30020.0], [110910.5, 20.0], [110911.0, 20.0], [110911.5, 20.0]]}}}
{"jsonrpc": "2.0", "method": "subscription", "params": {"channel": "book.BTC-PERPETUAL.none.20.100ms", "data": {"timestamp": 1760578044950, "change_id": 122065648112, "instrument_name": "BTC-PERPETUAL", "bids": [[110890.5, 921600.0], [110885.5, 20.0], [110885.0, 60.0], [110884.5, 20.0], [110884.0, 20.0], [110883.5, 20.0], [110883.0, 20.0], [110882.5, 20.0], [110878.5, 500.0], [110875.5, 4930.0], [110875.0, 16500.0], [110872.5, 3210.0], [110872.0, 10660.0], [110869.0, 10110.0], [110867.5, 500.0], [110867.0, 32870.0], [110864.0, 500.0], [110863.0, 41270.0], [110860.5, 11500.0], [110860.0, 86670.0]], "asks": [[110891.0, 213250.0], [110897.5, 50000.0], [110898.0, 6000.0], [110898.5, 8950.0], [110899.5, 14930.0], [110901.5, 9240.0], [110902.0, 59760.0], [110902.5, 46010.0], [110903.0, 61620.0], [110904.5, 5550.0], [110906.0, 27530.0], [110906.5, 22710.0], [110908.0, 50050.0], [110908.5, 44750.0], [110909.0, 62300.0], [110909.5, 20.0], [110910.0, 30020.0], [110910.5, 20.0], [110911.0, 20.0], [110911.5, 20.0]]}}}
{"jsonrpc": "2.0", "method": "subscription", "params": {"channel": "book.BTC-PERPETUAL.none.20.100ms", "data": {"timestamp": 1760578045247, "change_id": 122065648371, "instrument_name": "BTC-PERPETUAL", "bids": [[110890.5, 927400.0], [110885.0, 60.0], [110884.5, 20.0], [110884.0, 20.0], [110883.5, 20.0], [110883.0, 20.0], [110882.5, 20.0], [110882.0, 20.0], [110881.5, 18630.0], [110881.0, 62400.0], [110878.5, 500.0], [110875.5, 4930.0], [110875.0, 16500.0], [110872.5, 3210.0], [110872.0, 10660.0], [110869.0, 10110.0], [110867.5, 500.0], [110867.0, 32870.0], [110864.0, 500.0], [110863.0, 41270.0]], "asks": [[110891.0, 213250.0], [110897.5, 50000.0], [110898.0, 6000.0], [110898.5, 8950.0], [110899.5, 14930.0], [110901.5, 9240.0], [110902.0, 59760.0], [110902.5, 46010.0], [110903.0, 61620.0], [110904.0, 50020.0], [110904.5, 5550.0], [110906.0, 27530.0], [110906.5, 22710.0], [110907.5, 20.0], [110908.0, 20.0], [110908.5, 44750.0], [110909.0, 62300.0], [110909.5, 20.0], [110910.0, 30020.0], [110910.5, 20.0]]}}}
{"jsonrpc": "2.0", "method": "subscription", "params": {"channel": "book.BTC-PERPETUAL.none.20.100ms", "data": {"timestamp": 1760578045596, "change_id": 122065648904, "instrument_name": "BTC-PERPETUAL", "bids": [[110890.5, 927400.0], [110886.0, 20.0], [110885.5, 20.0], [110885.0, 60.0], [110884.5, 20.0], [110884.0, 20.0], [110883.5, 20.0], [110883.0, 20.0], [110882.5, 20.0], [110881.5, 18630.0], [110881.0, 62400.0], [110878.5, 500.0], [110875.5, 4930.0], [110875.0, 16500.0], [110872.5, 3210.0], [110872.0, 10660.0], [110869.0, 10110.0], [110867.5, 500.0], [110867.0, 32870.0], [110864.0, 500.0]], "asks": [[110891.0, 208050.0], [110897.5, 50000.0], [110898.0, 6000.0], [110898.5, 8950.0], [110899.5, 14930.0], [110901.5, 9240.0], [110902.0, 59760.0], [110902.5, 96030.0], [110903.0, 61620.0], [110904.5, 5550.0], [110906.0, 27530.0], [110906.5, 22710.0], [110907.5, 20.0], [110908.0, 20.0], [110908.5, 44750.0], [110909.0, 62300.0], [110909.5, 20.0], [110910.0, 30020.0], [110910.5, 20.0], [110911.0, 20.0]]}}}
{"jsonrpc": "2.0", "method": "subscription", "params": {"channel": "book.BTC-PERPETUAL.none.20.100ms", "data": {"timestamp": 1760578045931, "change_id": 122065649256, "instrument_name": "BTC-PERPETUAL", "bids": [[110890.5, 927400.0], [110885.0, 40.0], [110884.5, 20.0], [110884.0, 20.0], [110883.5, 20.0], [110883.0, 20.0], [110882.5, 20.0], [110881.5, 18630.0], [110881.0, 62400.0], [110878.5, 500.0], [110875.5, 4930.0], [110875.0, 16500.0], [110872.5, 3210.0], [110872.0, 10660.0], [110869.0, 10110.0], [110867.5, 500.0], [110867.0, 32870.0], [110864.0, 500.0], [110863.0, 41270.0], [110860.5, 11500.0]], "asks": [[110891.0, 208050.0], [110897.5, 50000.0], [110898.0, 6000.0], [110898.5, 8950.0], [110899.5, 14930.0], [110901.5, 9240.0], [110902.0, 59760.0], [110902.5, 96030.0], [110903.0, 61620.0], [110904.5, 5550.0], [110906.0, 27530.0], [110906.5, 22710.0], [110907.0, 20.0], [110907.5, 20.0], [110908.0, 20.0], [110908.5, 44750.0], [110909.0, 62300.0], [110909.5, 20.0], [110910.0, 30020.0], [110910.5, 20.0]]}}}
{"jsonrpc": "2.0", "method": "subscription", "params": {"channel": "book.BTC-PERPETUAL.none.20.100ms", "data": {"timestamp": 1760578046269, "change_id": 122065651459, "instrument_name": "BTC-PERPETUAL", "bids": [[110904.0, 710360.0], [110903.5, 3130.0], [110903.0, 10250.0], [110902.5, 250.0], [110896.0, 250.0], [110892.5, 250.0], [110892.0, 250.0], [110891.0, 173520.0], [110890.5, 555000.0], [110888.5, 5800.0], [110887.0, 250.0], [110886.5, 250.0], [110885.0, 40.0], [110883.5, 11000.0], [110883.0, 500.0], [110879.5, 16240.0], [110879.0, 20240.0], [110878.5, 33470.0], [110875.0, 500.0], [110874.5, 16000.0]], "asks": [[110904.5, 32140.0], [110908.0, 11020.0], [110908.5, 20.0], [110912.0, 34890.0], [110912.5, 61620.0], [110913.0, 21000.0], [110914.5, 600.0], [110932.0, 2760.0], [110932.5, 9240.0], [110936.0, 24850.0], [110936.5, 50020.0], [110938.5, 9920.0], [110939.0, 32970.0], [110940.0, 250.0], [110940.5, 13160.0], [110944.0, 250.0], [110945.5, 40500.0], [110946.0, 14110.0], [110946.5, 10360.0], [110948.0, 100.0]]}}}
{"jsonrpc": "2.0", "method": "subscription", "params": {"channel": "book.BTC-PERPETUAL.none.20.100ms", "data": {"timestamp": 1760578046565, "change_id": 122065653512, "instrument_name": "BTC-PERPETUAL", "bids": [[110904.0, 667420.0], [110903.0, 250.0], [110902.5, 250.0], [110896.0, 250.0], [110892.5, 250.0], [110892.0, 250.0], [110891.0, 173520.0], [110890.5, 555000.0], [110888.5, 16000.0], [110887.0, 250.0], [110886.5, 250.0], [110885.0, 40.0], [110884.0, 5750.0], [110883.5, 20240.0], [110883.0, 500.0], [110879.5, 16240.0], [110879.0, 11000.0], [110878.5, 33470.0], [110875.0, 500.0], [110872.5, 6980.0]], "asks": [[110904.5, 77520.0], [110907.0, 5000.0], [110908.0, 20.0], [110908.5, 20.0], [110911.5, 26000.0], [110912.0, 34890.0], [110914.5, 600.0], [110918.5, 15980.0], [110923.0, 15000.0], [110923.5, 82620.0], [110925.5, 24300.0], [110926.5, 20610.0], [110927.5, 10780.0], [110932.0, 4210.0], [110934.5, 250.0], [110935.0, 24180.0], [110938.5, 250.0], [110939.0, 32970.0], [110940.0, 250.0], [110940.5, 13160.0]]}}}
{"jsonrpc": "2.0", "method": "subscription", "params": {"channel": "book.BTC-PERPETUAL.none.20.100ms", "data": {"timestamp": 1760578046928, "change_id": 122065654528, "instrument_name": "BTC-PERPETUAL", "bids": [[110904.0, 801660.0], [110903.5, 20.0], [110903.0, 270.0], [110902.5, 270.0], [110902.0, 20.0], [110901.5, 20.0], [110901.0, 20.0], [110896.0, 250.0], [110892.5, 250.0], [110892.0, 250.0], [110887.0, 250.0], [110886.5, 250.0], [110885.0, 26140.0], [110884.5, 11000.0], [110884.0, 11000.0], [110883.5, 49240.0], [110883.0, 500.0], [110879.5, 16310.0], [110878.5, 33470.0], [110875.0, 25500.0]], "asks": [[110904.5, 63920.0], [110907.0, 5000.0], [110911.0, 11000.0], [110911.5, 11000.0], [110912.0, 34890.0], [110914.5, 600.0], [110917.5, 26000.0], [110918.5, 15980.0], [110919.5, 5000.0], [110920.0, 61620.0], [110920.5, 21000.0], [110923.0, 56160.0], [110926.5, 20610.0], [110930.5, 500.0], [110931.5, 24310.0], [110932.0, 50000.0], [110934.5, 250.0], [110935.0, 250.0], [110938.5, 24390.0], [110939.0, 32990.0]]}}}
{"jsonrpc": "2.0", "method": "subscription", "params": {"channel": "book.BTC-PERPETUAL.none.20.100ms", "data": {"timestamp": 1760578047261, "change_id": 122065655565, "instrument_name": "BTC-PERPETUAL", "bids": [[110904.0, 791660.0], [110903.5, 20.0], [110903.0, 20.0], [110902.5, 20.0], [110902.0, 20.0], [110901.5, 20.0], [110901.0, 20.0], [110900.5, 20.0], [110896.0, 500.0], [110892.5, 250.0], [110892.0, 250.0], [110887.0, 250.0], [110886.5, 250.0], [110885.0, 26140.0], [110884.5, 11000.0], [110883.5, 60240.0], [110883.0, 500.0], [110879.5, 10140.0], [110878.5, 33470.0], [110875.0, 500.0]], "asks": [[110904.5, 58810.0], [110906.5, 22000.0], [110907.0, 5000.0], [110911.5, 26000.0], [110912.0, 34890.0], [110912.5, 10000.0], [110914.5, 600.0], [110918.5, 15980.0], [110920.0, 61620.0], [110920.5, 21000.0], [110922.5, 250.0], [110926.5, 250.0], [110929.0, 20.0], [110929.5, 20.0], [110930.0, 20.0], [110930.5, 6320.0], [110931.0, 20.0], [110931.5, 56120.0], [110932.0, 20.0], [110934.0, 50000.0]]}}}
{"jsonrpc": "2.0", "method": "subscription", "params": {"channel": "book.BTC-PERPETUAL.none.20.100ms", "data": {"timestamp": 1760578047595, "change_id": 122065657610, "instrument_name": "BTC-PERPETUAL", "bids": [[110911.0, 583250.0], [110906.5, 367530.0], [110906.0, 54680.0], [110904.5, 500.0], [110904.0, 566040.0], [110903.5, 20.0], [110903.0, 20.0], [110902.5, 20.0], [110902.0, 20.0], [110901.5, 20.0], [110901.0, 20.0], [110900.5, 520.0], [110896.0, 500.0], [110892.5, 250.0], [110892.0, 250.0], [110888.0, 25760.0], [110887.5, 32980.0], [110887.0, 250.0], [110886.5, 20490.0], [110885.0, 26140.0]], "asks": [[110911.5, 65390.0], [110912.0, 34890.0], [110914.5, 600.0], [110919.5, 26000.0], [110927.0, 10000.0], [110930.0, 82620.0], [110930.5, 500.0], [110931.5, 6000.0], [110932.5, 20.0], [110933.5, 9240.0], [110934.5, 6050.0], [110935.0, 250.0], [110935.5, 34420.0], [110936.5, 71790.0], [110938.5, 250.0], [110940.0, 52380.0], [110940.5, 20250.0], [110944.0, 250.0], [110945.0, 250.0], [110945.5, 40000.0]]}}}
{"jsonrpc": "2.0", "method": "subscription", "params": {"channel": "book.BTC-PERPETUAL.none.20.100ms", "data": {"timestamp": 1760578047922, "change_id": 122065658218, "instrument_name": "BTC-PERPETUAL", "bids": [[110911.0, 583270.0], [110908.0, 500.0], [110906.5, 367530.0], [110906.0, 54680.0], [110904.5, 500.0], [110904.0, 556040.0], [110903.5, 20.0], [110903.0, 20.0], [110902.5, 20.0], [110902.0, 20.0], [110901.5, 20.0], [110901.0, 20.0], [110900.5, 500.0], [110896.0, 500.0], [110892.5, 250.0], [110892.0, 250.0], [110888.0, 14760.0], [110887.5, 32980.0], [110887.0, 250.0], [110886.5, 9490.0]], "asks": [[110911.5, 116430.0], [110912.0, 34890.0], [110914.5, 600.0], [110918.5, 15000.0], [110924.0, 21000.0], [110925.5, 61620.0], [110926.5, 15800.0], [110930.0, 9240.0], [110931.5, 6000.0], [110934.5, 16830.0], [110935.0, 250.0], [110935.5, 49500.0], [110936.5, 71790.0], [110938.5, 250.0], [110939.5, 61020.0], [110940.0, 58520.0], [110940.5, 20250.0], [110942.0, 14150.0], [110944.0, 250.0], [110945.0, 250.0]]}}}
{"jsonrpc": "2.0", "method": "subscription", "params": {"channel": "book.BTC-PERPETUAL.none.20.100ms", "data": {"timestamp": 1760578048253, "change_id": 122065658803, "instrument_name": "BTC-PERPETUAL", "bids": [[110911.0, 583250.0], [110909.0, 20.0], [110908.5, 20.0], [110908.0, 520.0], [110907.5, 20.0], [110906.5, 367530.0], [110906.0, 54680.0], [110904.5, 500.0], [110904.0, 555040.0], [110900.5, 500.0], [110896.0, 500.0], [110892.5, 250.0], [110892.0, 250.0], [110890.0, 25290.0], [110889.5, 20000.0], [110887.5, 32980.0], [110887.0, 250.0], [110886.5, 250.0], [110886.0, 11000.0], [110885.5, 11000.0]], "asks": [[110911.5, 117410.0], [110912.0, 34890.0], [110912.5, 15000.0], [110914.5, 600.0], [110924.0, 21000.0], [110925.5, 61620.0], [110926.0, 11000.0], [110930.0, 9240.0], [110931.5, 6000.0], [110932.0, 56160.0], [110932.5, 20.0], [110934.5, 16830.0], [110935.0, 37390.0], [110936.0, 50020.0], [110936.5, 71790.0], [110938.5, 250.0], [110940.0, 2360.0], [110940.5, 20250.0], [110942.0, 14150.0], [110944.0, 250.0]]}}}
{"jsonrpc": "2.0", "method": "subscription", "params": {"channel": "book.BTC-PERPETUAL.none.20.100ms", "data": {"timestamp": 1760578048585, "change_id": 122065659449, "instrument_name": "BTC-PERPETUAL", "bids": [[110911.0, 583250.0], [110910.5, 20.0], [110909.5, 20.0], [110909.0, 20.0], [110908.5, 20.0], [110908.0, 520.0], [110907.5, 20.0], [110907.0, 62270.0], [110906.5, 153400.0], [110906.0, 54680.0], [110904.5, 500.0], [110904.0, 20.0], [110900.5, 500.0], [110896.0, 500.0], [110892.5, 250.0], [110892.0, 250.0], [110890.0, 25290.0], [110889.5, 20000.0], [110887.5, 32980.0], [110887.0, 250.0]], "asks": [[110911.5, 117420.0], [110912.0, 34890.0], [110914.0, 20000.0], [110914.5, 600.0], [110923.5, 11000.0], [110924.0, 21000.0], [110925.5, 61620.0], [110930.0, 9240.0], [110931.5, 6000.0], [110932.0, 56160.0], [110933.0, 20.0], [110933.5, 20.0], [110934.0, 20.0], [110934.5, 16850.0], [110935.0, 70390.0], [110935.5, 20.0], [110936.0, 50040.0], [110936.5, 71790.0], [110938.5, 250.0], [110940.0, 2360.0]]}}}
{"jsonrpc": "2.0", "method": "subscription", "params": {"channel": "book.BTC-PERPETUAL.none.20.100ms", "data": {"timestamp": 1760578048887, "change_id": 122065659924, "instrument_name": "BTC-PERPETUAL", "bids": [[110911.0, 1138250.0], [110910.5, 20.0], [110910.0, 20.0], [110909.5, 20.0], [110909.0, 20.0], [110908.5, 20.0], [110908.0, 520.0], [110907.5, 20.0], [110907.0, 16480.0], [110906.0, 54680.0], [110904.5, 500.0], [110904.0, 20.0], [110900.5, 500.0], [110896.0, 500.0], [110892.5, 250.0], [110892.0, 250.0], [110890.0, 25290.0], [110889.5, 20000.0], [110887.5, 32980.0], [110887.0, 250.0]], "asks": [[110911.5, 128420.0], [110912.0, 34890.0], [110914.0, 20000.0], [110914.5, 600.0], [110924.0, 21000.0], [110925.5, 61620.0], [110926.5, 6000.0], [110931.5, 9240.0], [110932.0, 56160.0], [110934.5, 16850.0], [110935.0, 37410.0], [110935.5, 20.0], [110936.0, 20.0], [110936.5, 71790.0], [110938.5, 250.0], [110940.0, 52380.0], [110940.5, 66430.0], [110942.0, 14150.0], [110943.5, 70510.0], [110944.0, 250.0]]}}}
{"jsonrpc": "2.0", "method": "subscription", "params": {"channel": "book.BTC-PERPETUAL.none.20.100ms", "data": {"timestamp": 1760578049246, "change_id": 122065660260, "instrument_name": "BTC-PERPETUAL", "bids": [[110911.0, 1138250.0], [110910.5, 20.0], [110910.0, 20.0], [110909.5, 20.0], [110909.0, 20.0], [110908.5, 20.0], [110908.0, 520.0], [110907.5, 20.0], [110907.0, 16480.0], [110906.0, 54680.0], [110904.5, 500.0], [110904.0, 20.0], [110900.5, 500.0], [110896.0, 500.0], [110892.5, 250.0], [110892.0, 250.0], [110890.0, 25290.0], [110889.5, 20000.0], [110887.5, 32980.0], [110887.0, 250.0]], "asks": [[110911.5, 128420.0], [110912.0, 34890.0], [110914.0, 25000.0], [110914.5, 600.0], [110925.5, 61620.0], [110926.5, 27000.0], [110931.0, 250.0], [110931.5, 9490.0], [110932.0, 56160.0], [110933.5, 20.0], [110934.0, 20.0], [110934.5, 16850.0], [110935.0, 37410.0], [110935.5, 20.0], [110936.0, 50040.0], [110936.5, 71810.0], [110938.5, 250.0], [110940.0, 2360.0], [110940.5, 66430.0], [110942.0, 14150.0]]}}}
{"jsonrpc": "2.0", "method": "subscription", "params": {"channel": "book.BTC-PERPETUAL.none.20.100ms", "data": {"timestamp": 1760578049577, "change_id": 122065661313, "instrument_name": "BTC-PERPETUAL", "bids": [[110911.0, 1189270.0], [110910.5, 20.0], [110910.0, 20.0], [110909.5, 20.0], [110909.0, 20.0], [110908.5, 20.0], [110908.0, 520.0], [110907.5, 20.0], [110907.0, 16480.0], [110906.0, 54680.0], [110904.5, 500.0], [110904.0, 20.0], [110900.5, 500.0], [110896.0, 500.0], [110892.5, 250.0], [110892.0, 250.0], [110891.0, 32750.0], [110890.5, 22000.0], [110889.5, 20000.0], [110888.0, 9240.0]], "asks": [[110911.5, 87320.0], [110912.0, 34890.0], [110913.5, 22000.0], [110914.5, 600.0], [110925.0, 26000.0], [110925.5, 61620.0], [110926.5, 21000.0], [110929.5, 25000.0], [110934.5, 250.0], [110935.0, 250.0], [110936.0, 9240.0], [110937.0, 5800.0], [110937.5, 20.0], [110938.0, 20.0], [110938.5, 270.0], [110939.0, 20.0], [110940.0, 52360.0], [110940.5, 111110.0], [110942.0, 22750.0], [110943.5, 70510.0]]}}}
{"jsonrpc": "2.0", "method": "subscription", "params": {"channel": "book.BTC-PERPETUAL.none.20.100ms", "data": {"timestamp": 1760578049909, "change_id": 122065663377, "instrument_name": "BTC-PERPETUAL", "bids": [[110924.5, 762810.0], [110921.5, 250.0], [110919.0, 250.0], [110918.0, 250.0], [110912.0, 250.0], [110911.5, 202250.0], [110911.0, 618420.0], [110910.5, 20.0], [110910.0, 20.0], [110909.5, 20.0], [110909.0, 20.0], [110908.5, 20.0], [110908.0, 270.0], [110907.5, 20.0], [110905.5, 6290.0], [110905.0, 250.0], [110904.5, 250.0], [110904.0, 20.0], [110902.0, 22000.0], [110901.5, 20000.0]], "asks": [[110925.0, 47570.0], [110925.5, 25000.0], [110931.0, 5000.0], [110935.5, 26000.0], [110942.0, 61620.0], [110942.5, 21000.0], [110948.5, 250.0], [110949.0, 20920.0], [110949.5, 22750.0], [110950.0, 50020.0], [110950.5, 250.0], [110952.0, 35150.0], [110952.5, 50000.0], [110953.5, 9240.0], [110954.0, 2230.0], [110954.5, 250.0], [110955.5, 14170.0], [110957.0, 250.0], [110958.0, 250.0], [110958.5, 29710.0]]}}}
{"jsonrpc": "2.0", "method": "subscription", "params": {"channel": "book.BTC-PERPETUAL.none.20.100ms", "data": {"timestamp": 1760578050232, "change_id": 122065664131, "instrument_name": "BTC-PERPETUAL", "bids": [[110924.5, 831030.0], [110924.0, 20.0], [110923.5, 20.0], [110923.0, 20.0], [110922.5, 20.0], [110922.0, 20.0], [110921.5, 4830.0], [110921.0, 20.0], [110919.5, 10000.0], [110919.0, 250.0], [110918.5, 5800.0], [110918.0, 250.0], [110912.0, 11250.0], [110911.5, 202250.0], [110911.0, 556000.0], [110908.0, 250.0], [110907.5, 6200.0], [110907.0, 11000.0], [110906.0, 9240.0], [110905.0, 250.0]], "asks": [[110925.0, 61110.0], [110926.5, 25000.0], [110931.0, 5000.0], [110939.0, 26000.0], [110939.5, 6000.0], [110942.0, 61620.0], [110942.5, 21000.0], [110946.0, 56160.0], [110947.5, 50020.0], [110948.0, 11430.0], [110948.5, 250.0], [110949.5, 22750.0], [110950.0, 2120.0], [110950.5, 6050.0], [110951.5, 9240.0], [110952.0, 22980.0], [110952.5, 50000.0], [110954.5, 250.0], [110955.5, 14170.0], [110957.0, 250.0]]}}}
