{"jsonrpc": "2.0", "id": 1, "result": ["book.BTC-PERPETUAL.none.20.100ms"], "usIn": 1770531226982052, "usOut": 1770531226982415, "usDiff": 363, "testnet": false}
{"jsonrpc": "2.0", "method": "subscription", "params": {"channel": "book.BTC-PERPETUAL.none.20.100ms", "data": {"timestamp": 1770531226897, "change_id": 139339466360, "instrument_name": "BTC-PERPETUAL", "bids": [[69158.5, 17360.0], [69153.0, 10.0], [69152.5, 61340.0], [69152.0, 27310.0], [69151.5, 300.0], [69144.0, 14680.0], [69141.0, 40520.0], [69140.5, 34200.0], [69137.0, 11610.0], [69133.5, 2150.0], [69132.0, 7100.0], [69131.5, 130090.0], [69131.0, 295410.0], [69129.5, 24000.0], [69128.5, 94490.0], [69127.5, 220.0], [69125.0, 9120.0], [69124.0, 5520.0], [69121.0, 11010.0], [69120.5, 24000.0]], "asks": [[69159.0, 2500.0], [69162.0, 7570.0], [69163.0, 1360.0], [69169.5, 3840.0], [69170.5, 3450.0], [69173.5, 11560.0], [69175.0, 40.0], [69176.5, 12490.0], [69177.0, 20750.0], [69180.0, 43030.0], [69181.0, 3450.0], [69181.5, 11560.0], [69184.0, 500.0], [69184.5, 3490.0], [69185.0, 11680.0], [69188.0, 5730.0], [69191.5, 78470.0], [69192.0, 11560.0], [69195.5, 3450.0], [69196.0, 11550.0]]}}}
{"jsonrpc": "2.0", "method": "subscription", "params": {"channel": "book.BTC-PERPETUAL.none.20.100ms", "data": {"timestamp": 1770531227129, "change_id": 139339467972, "instrument_name": "BTC-PERPETUAL", "bids": [[69162.5, 109220.0], [69161.5, 20400.0], [69159.0, 42920.0], [69158.5, 29120.0], [69155.0, 300.0], [69154.5, 5180.0], [69154.0, 24000.0], [69153.0, 29010.0], [69152.5, 31410.0], [69145.5, 3860.0], [69145.0, 12930.0], [69142.5, 38250.0], [69142.0, 20990.0], [69141.5, 1520.0], [69141.0, 28650.0], [69140.5, 69100.0], [69139.5, 12630.0], [69136.0, 2290.0], [69135.5, 15960.0], [69135.0, 12630.0]], "asks": [[69163.0, 7800.0], [69166.5, 110.0], [69170.0, 2990.0], [69170.5, 10000.0], [69174.0, 6460.0], [69174.5, 9000.0], [69177.5, 2690.0], [69181.0, 33710.0], [69182.0, 6270.0], [69185.0, 120.0], [69187.5, 3770.0], [69188.0, 12630.0], [69191.0, 3770.0], [69191.5, 12630.0], [69195.0, 20920.0], [69195.5, 49300.0], [69196.0, 35550.0], [69198.0, 9240.0], [69199.5, 5380.0], [69200.0, 51560.0]]}}}
{"jsonrpc": "2.0", "method": "subscription", "params": {"channel": "book.BTC-PERPETUAL.none.20.100ms", "data": {"timestamp": 1770531227441, "change_id": 139339469894, "instrument_name": "BTC-PERPETUAL", "bids": [[69162.5, 60210.0], [69161.5, 210.0], [69159.5, 500.0], [69158.5, 1300.0], [69155.0, 22390.0], [69154.5, 24000.0], [69153.5, 31000.0], [69153.0, 75010.0], [69151.0, 2550.0], [69150.5, 8250.0], [69150.0, 300.0], [69148.5, 9240.0], [69148.0, 8130.0], [69147.5, 24000.0], [69146.0, 26480.0], [69145.5, 7210.0], [69145.0, 12930.0], [69144.0, 6310.0], [69143.0, 19500.0], [69142.5, 71950.0]], "asks": [[69163.0, 35690.0], [69169.0, 2530.0], [69169.5, 8250.0], [69170.5, 210.0], [69174.5, 9250.0], [69175.0, 11000.0], [69175.5, 500.0], [69176.0, 19500.0], [69180.0, 26160.0], [69180.5, 84260.0], [69181.0, 29020.0], [69181.5, 49300.0], [69182.0, 6270.0], [69185.0, 12330.0], [69186.5, 10930.0], [69187.0, 24000.0], [69188.0, 12630.0], [69188.5, 18470.0], [69189.0, 40000.0], [69191.5, 12630.0]]}}}
{"jsonrpc": "2.0", "method": "subscription", "params": {"channel": "book.BTC-PERPETUAL.none.20.100ms", "data": {"timestamp": 1770531227781, "change_id": 139339471018, "instrument_name": "BTC-PERPETUAL", "bids": [[69162.5, 155820.0], [69161.5, 210.0], [69159.0, 500.0], [69158.5, 1300.0], [69156.5, 290.0], [69155.0, 75000.0], [69154.5, 24000.0], [69153.5, 31000.0], [69153.0, 10.0], [69152.0, 5910.0], [69151.5, 8250.0], [69150.0, 300.0], [69149.5, 19500.0], [69149.0, 23360.0], [69148.5, 9240.0], [69147.5, 24000.0], [69146.5, 49270.0], [69146.0, 7900.0], [69145.5, 7210.0], [69145.0, 12930.0]], "asks": [[69163.0, 51660.0], [69167.5, 3050.0], [69168.0, 10000.0], [69170.5, 210.0], [69172.5, 5750.0], [69173.0, 8250.0], [69174.0, 11000.0], [69174.5, 500.0], [69178.5, 19500.0], [69179.0, 33160.0], [69180.5, 75020.0], [69181.0, 29020.0], [69182.0, 6270.0], [69184.5, 58540.0], [69185.0, 12330.0], [69186.5, 10930.0], [69187.0, 24000.0], [69188.0, 12630.0], [69188.5, 18470.0], [69189.0, 40000.0]]}}}
{"jsonrpc": "2.0", "method": "subscription", "params": {"channel": "book.BTC-PERPETUAL.none.20.100ms", "data": {"timestamp": 1770531228123, "change_id": 139339473109, "instrument_name": "BTC-PERPETUAL", "bids": [[69162.5, 155820.0], [69161.5, 210.0], [69160.0, 500.0], [69156.5, 290.0], [69156.0, 75000.0], [69155.0, 11000.0], [69154.5, 32250.0], [69154.0, 20000.0], [69153.0, 11140.0], [69152.5, 28740.0], [69150.0, 300.0], [69149.0, 23360.0], [69147.5, 24000.0], [69146.5, 49270.0], [69146.0, 7900.0], [69145.5, 7210.0], [69145.0, 12930.0], [69144.0, 6310.0], [69142.5, 22890.0], [69140.5, 45100.0]], "asks": [[69163.0, 58780.0], [69167.5, 3050.0], [69168.0, 10000.0], [69170.5, 210.0], [69171.5, 5750.0], [69172.0, 8250.0], [69172.5, 11000.0], [69178.0, 500.0], [69178.5, 19500.0], [69179.0, 33160.0], [69180.5, 75020.0], [69181.0, 54810.0], [69182.0, 6270.0], [69183.5, 40000.0], [69184.0, 58540.0], [69184.5, 17600.0], [69185.0, 12330.0], [69187.0, 24000.0], [69188.0, 12630.0], [69191.0, 3770.0]]}}}
{"jsonrpc": "2.0", "method": "subscription", "params": {"channel": "book.BTC-PERPETUAL.none.20.100ms", "data": {"timestamp": 1770531228456, "change_id": 139339473989, "instrument_name": "BTC-PERPETUAL", "bids": [[69162.5, 114310.0], [69161.5, 210.0], [69156.0, 41770.0], [69155.5, 75000.0], [69155.0, 11000.0], [69154.5, 24000.0], [69153.5, 8250.0], [69153.0, 5920.0], [69150.0, 300.0], [69149.5, 28740.0], [69149.0, 23360.0], [69147.5, 24000.0], [69146.5, 49270.0], [69146.0, 7900.0], [69145.5, 7210.0], [69145.0, 12930.0], [69144.0, 6310.0], [69142.5, 22890.0], [69140.5, 45100.0], [69139.5, 12630.0]], "asks": [[69163.0, 63870.0], [69167.5, 3050.0], [69168.0, 10000.0], [69170.5, 5640.0], [69171.0, 19250.0], [69177.5, 32130.0], [69178.0, 500.0], [69178.5, 19500.0], [69180.5, 75020.0], [69181.0, 44810.0], [69182.0, 21270.0], [69183.0, 9240.0], [69183.5, 40000.0], [69184.0, 49300.0], [69184.5, 13120.0], [69185.0, 7330.0], [69187.0, 24000.0], [69188.0, 12630.0], [69191.0, 3770.0], [69191.5, 12630.0]]}}}
{"jsonrpc": "2.0", "method": "subscription", "params": {"channel": "book.BTC-PERPETUAL.none.20.100ms", "data": {"timestamp": 1770531228783, "change_id": 139339474740, "instrument_name": "BTC-PERPETUAL", "bids": [[69162.5, 209870.0], [69161.5, 210.0], [69159.5, 5520.0], [69156.5, 75500.0], [69156.0, 12910.0], [69155.0, 11000.0], [69154.5, 24000.0], [69153.5, 8250.0], [69153.0, 5920.0], [69151.5, 290.0], [69150.0, 300.0], [69149.5, 28740.0], [69149.0, 23360.0], [69147.5, 24000.0], [69146.5, 49270.0], [69146.0, 7900.0], [69145.5, 7210.0], [69145.0, 12930.0], [69144.0, 6310.0], [69142.5, 22890.0]], "asks": [[69163.0, 73610.0], [69167.5, 3050.0], [69168.0, 10000.0], [69170.0, 11000.0], [69170.5, 210.0], [69174.0, 5530.0], [69176.5, 27750.0], [69177.0, 500.0], [69177.5, 32130.0], [69180.5, 75020.0], [69181.0, 44810.0], [69182.0, 26270.0], [69183.0, 9240.0], [69183.5, 40000.0], [69184.0, 49300.0], [69184.5, 13120.0], [69185.0, 7330.0], [69187.0, 24000.0], [69188.0, 12630.0], [69191.0, 3770.0]]}}}
{"jsonrpc": "2.0", "method": "subscription", "params": {"channel": "book.BTC-PERPETUAL.none.20.100ms", "data": {"timestamp": 1770531229118, "change_id": 139339475462, "instrument_name": "BTC-PERPETUAL", "bids": [[69162.5, 175770.0], [69161.5, 210.0], [69160.0, 5520.0], [69157.0, 500.0], [69156.5, 75000.0], [69156.0, 12910.0], [69155.0, 11000.0], [69154.5, 24000.0], [69153.5, 8250.0], [69153.0, 5920.0], [69151.5, 290.0], [69150.0, 300.0], [69149.5, 28740.0], [69149.0, 23360.0], [69147.5, 24000.0], [69146.5, 49270.0], [69146.0, 7900.0], [69145.5, 7210.0], [69145.0, 12930.0], [69144.0, 6310.0]], "asks": [[69163.0, 64700.0], [69167.5, 3050.0], [69168.0, 10000.0], [69170.5, 11740.0], [69171.0, 11000.0], [69175.5, 500.0], [69176.0, 5970.0], [69176.5, 19500.0], [69177.5, 32130.0], [69178.5, 40000.0], [69180.5, 75020.0], [69181.0, 44810.0], [69182.0, 26270.0], [69183.0, 9240.0], [69184.0, 49300.0], [69184.5, 13120.0], [69185.0, 7330.0], [69187.0, 24000.0], [69188.0, 12630.0], [69191.0, 3770.0]]}}}
{"jsonrpc": "2.0", "method": "subscription", "params": {"channel": "book.BTC-PERPETUAL.none.20.100ms", "data": {"timestamp": 1770531229437, "change_id": 139339475967, "instrument_name": "BTC-PERPETUAL", "bids": [[69162.5, 175770.0], [69161.5, 210.0], [69160.0, 5520.0], [69157.0, 500.0], [69156.5, 75000.0], [69156.0, 12910.0], [69154.5, 24000.0], [69154.0, 11000.0], [69153.5, 8250.0], [69153.0, 5920.0], [69151.5, 290.0], [69150.0, 300.0], [69149.5, 28740.0], [69149.0, 23360.0], [69147.5, 24000.0], [69146.5, 49270.0], [69146.0, 7900.0], [69145.5, 7210.0], [69145.0, 12930.0], [69144.0, 6310.0]], "asks": [[69163.0, 68750.0], [69169.0, 5510.0], [69169.5, 10000.0], [69170.5, 11740.0], [69171.0, 11000.0], [69175.5, 500.0], [69176.0, 5970.0], [69176.5, 19500.0], [69177.5, 32130.0], [69178.5, 40000.0], [69180.5, 75020.0], [69181.0, 44810.0], [69182.0, 26270.0], [69183.0, 9240.0], [69184.0, 49300.0], [69184.5, 13120.0], [69185.0, 7330.0], [69187.0, 24000.0], [69188.0, 12630.0], [69191.0, 3770.0]]}}}
{"jsonrpc": "2.0", "method": "subscription", "params": {"channel": "book.BTC-PERPETUAL.none.20.100ms", "data": {"timestamp": 1770531229777, "change_id": 139339476478, "instrument_name": "BTC-PERPETUAL", "bids": [[69162.5, 175770.0], [69161.5, 210.0], [69159.5, 5520.0], [69157.0, 500.0], [69156.5, 75000.0], [69156.0, 12910.0], [69155.0, 11000.0], [69154.5, 24000.0], [69153.5, 8250.0], [69153.0, 5920.0], [69151.5, 290.0], [69150.0, 300.0], [69149.5, 28740.0], [69149.0, 23360.0], [69147.5, 24000.0], [69146.5, 49270.0], [69146.0, 7900.0], [69145.5, 7210.0], [69145.0, 12930.0], [69144.0, 6310.0]], "asks": [[69163.0, 67100.0], [69169.0, 8030.0], [69169.5, 10000.0], [69170.0, 11000.0], [69170.5, 8250.0], [69174.5, 210.0], [69175.5, 500.0], [69176.0, 5820.0], [69176.5, 19500.0], [69177.5, 32130.0], [69178.5, 40000.0], [69180.5, 75020.0], [69181.0, 36450.0], [69182.0, 21270.0], [69183.0, 9240.0], [69184.0, 49300.0], [69184.5, 13120.0], [69185.0, 7330.0], [69187.0, 24000.0], [69188.0, 12630.0]]}}}
{"jsonrpc": "2.0", "method": "subscription", "params": {"channel": "book.BTC-PERPETUAL.none.20.100ms", "data": {"timestamp": 1770531230091, "change_id": 139339476879, "instrument_name": "BTC-PERPETUAL", "bids": [[69162.5, 175770.0], [69161.5, 210.0], [69159.5, 5520.0], [69157.0, 500.0], [69156.5, 75000.0], [69156.0, 12910.0], [69155.0, 19250.0], [69154.5, 24000.0], [69153.0, 5920.0], [69151.5, 290.0], [69150.0, 9540.0], [69149.5, 19500.0], [69149.0, 23360.0], [69147.5, 24000.0], [69146.5, 49270.0], [69146.0, 7900.0], [69145.5, 7210.0], [69145.0, 12930.0], [69144.0, 6310.0], [69142.5, 22890.0]], "asks": [[69163.0, 54470.0], [69169.0, 2520.0], [69169.5, 10000.0], [69172.0, 5900.0], [69172.5, 19250.0], [69174.0, 500.0], [69174.5, 210.0], [69176.0, 5820.0], [69176.5, 19500.0], [69177.5, 32130.0], [69178.5, 40000.0], [69180.0, 5000.0], [69180.5, 75020.0], [69181.0, 36450.0], [69182.0, 31270.0], [69183.0, 9240.0], [69184.0, 49300.0], [69184.5, 13120.0], [69185.0, 7330.0], [69187.0, 24000.0]]}}}
{"jsonrpc": "2.0", "method": "subscription", "params": {"channel": "book.BTC-PERPETUAL.none.20.100ms", "data": {"timestamp": 1770531230371, "change_id": 139339477335, "instrument_name": "BTC-PERPETUAL", "bids": [[69162.5, 175980.0], [69159.5, 5520.0], [69157.0, 22890.0], [69156.5, 75000.0], [69156.0, 12910.0], [69155.0, 19250.0], [69154.5, 24000.0], [69153.0, 5920.0], [69151.5, 290.0], [69150.0, 9540.0], [69149.5, 19500.0], [69149.0, 23360.0], [69147.5, 24000.0], [69146.5, 49270.0], [69146.0, 7900.0], [69145.5, 7210.0], [69145.0, 12930.0], [69144.0, 6310.0], [69142.5, 22890.0], [69140.5, 45100.0]], "asks": [[69163.0, 54310.0], [69169.0, 2520.0], [69169.5, 10000.0], [69171.5, 5750.0], [69172.0, 19250.0], [69174.5, 210.0], [69175.5, 500.0], [69176.0, 5820.0], [69176.5, 19500.0], [69177.5, 32130.0], [69178.5, 40000.0], [69180.0, 5000.0], [69180.5, 75020.0], [69181.0, 36450.0], [69182.0, 31270.0], [69183.0, 9240.0], [69184.0, 49300.0], [69184.5, 13120.0], [69185.0, 7330.0], [69187.0, 24000.0]]}}}
{"jsonrpc": "2.0", "method": "subscription", "params": {"channel": "book.BTC-PERPETUAL.none.20.100ms", "data": {"timestamp": 1770531230772, "change_id": 139339479118, "instrument_name": "BTC-PERPETUAL", "bids": [[69162.5, 175980.0], [69159.5, 5520.0], [69157.5, 500.0], [69157.0, 22390.0], [69156.5, 75000.0], [69156.0, 12910.0], [69155.0, 19250.0], [69154.5, 24000.0], [69153.0, 5920.0], [69151.5, 290.0], [69150.0, 9540.0], [69149.5, 19500.0], [69149.0, 23360.0], [69147.5, 24000.0], [69146.5, 49270.0], [69146.0, 7900.0], [69145.5, 7210.0], [69145.0, 12930.0], [69144.0, 6310.0], [69142.5, 22890.0]], "asks": [[69163.0, 53510.0], [69167.5, 2990.0], [69168.0, 10000.0], [69171.5, 16950.0], [69172.0, 19250.0], [69173.5, 40000.0], [69174.5, 210.0], [69175.5, 500.0], [69176.0, 5820.0], [69176.5, 19500.0], [69177.5, 32130.0], [69180.0, 5000.0], [69180.5, 75020.0], [69181.0, 36450.0], [69182.0, 31270.0], [69183.0, 9240.0], [69184.0, 49300.0], [69184.5, 13120.0], [69185.0, 7330.0], [69187.0, 24000.0]]}}}
{"jsonrpc": "2.0", "method": "subscription", "params": {"channel": "book.BTC-PERPETUAL.none.20.100ms", "data": {"timestamp": 1770531231103, "change_id": 139339479547, "instrument_name": "BTC-PERPETUAL", "bids": [[69162.5, 175980.0], [69159.5, 5520.0], [69157.5, 500.0], [69157.0, 22390.0], [69156.5, 75000.0], [69156.0, 12910.0], [69155.0, 19250.0], [69154.5, 24000.0], [69153.0, 5920.0], [69151.5, 290.0], [69150.0, 9540.0], [69149.5, 19500.0], [69149.0, 23360.0], [69147.5, 24000.0], [69146.5, 49270.0], [69146.0, 7900.0], [69145.5, 7210.0], [69145.0, 12930.0], [69144.0, 6310.0], [69142.5, 22890.0]], "asks": [[69163.0, 52900.0], [69167.5, 2990.0], [69168.0, 10000.0], [69171.5, 16950.0], [69172.0, 19250.0], [69173.5, 40000.0], [69174.5, 210.0], [69175.5, 500.0], [69176.0, 5820.0], [69176.5, 19500.0], [69177.5, 32130.0], [69179.5, 5000.0], [69180.5, 75020.0], [69181.0, 36450.0], [69182.0, 31270.0], [69183.0, 9240.0], [69184.0, 49300.0], [69184.5, 13120.0], [69185.0, 7330.0], [69187.0, 24000.0]]}}}
{"jsonrpc": "2.0", "method": "subscription", "params": {"channel": "book.BTC-PERPETUAL.none.20.100ms", "data": {"timestamp": 1770531231425, "change_id": 139339482719, "instrument_name": "BTC-PERPETUAL", "bids": [[69199.0, 10150.0], [69196.5, 10.0], [69193.0, 14060.0], [69192.5, 7210.0], [69191.5, 48000.0], [69190.0, 300.0], [69185.0, 300.0], [69183.5, 25000.0], [69180.0, 48000.0], [69179.5, 9080.0], [69178.5, 12620.0], [69175.0, 54600.0], [69173.5, 10.0], [69173.0, 34200.0], [69172.0, 12620.0], [69171.5, 24000.0], [69170.5, 20000.0], [69168.5, 12620.0], [69168.0, 7950.0], [69167.0, 30840.0]], "asks": [[69199.5, 11320.0], [69203.0, 400.0], [69208.0, 32000.0], [69209.0, 500.0], [69209.5, 11000.0], [69213.5, 680.0], [69214.0, 8250.0], [69218.0, 6360.0], [69218.5, 2460.0], [69221.0, 210.0], [69222.5, 75020.0], [69223.0, 10070.0], [69223.5, 90.0], [69224.0, 36620.0], [69225.0, 19500.0], [69226.5, 49300.0], [69227.5, 12660.0], [69230.0, 9240.0], [69230.5, 1670.0], [69231.0, 12380.0]]}}}
{"jsonrpc": "2.0", "method": "subscription", "params": {"channel": "book.BTC-PERPETUAL.none.20.100ms", "data": {"timestamp": 1770531231763, "change_id": 139339485132, "instrument_name": "BTC-PERPETUAL", "bids": [[69199.0, 10650.0], [69196.5, 10.0], [69195.0, 210.0], [69193.5, 22390.0], [69193.0, 75000.0], [69190.0, 300.0], [69189.5, 20440.0], [69189.0, 19500.0], [69188.5, 8250.0], [69188.0, 40740.0], [69187.5, 26490.0], [69187.0, 48000.0], [69185.5, 25000.0], [69185.0, 300.0], [69184.5, 7210.0], [69181.0, 54920.0], [69180.5, 6310.0], [69178.5, 12620.0], [69176.5, 24540.0], [69176.0, 48000.0]], "asks": [[69199.5, 47210.0], [69203.0, 400.0], [69207.0, 4180.0], [69207.5, 14000.0], [69210.0, 5810.0], [69210.5, 11210.0], [69212.0, 8250.0], [69212.5, 6670.0], [69213.0, 19500.0], [69213.5, 680.0], [69216.0, 18410.0], [69216.5, 48000.0], [69217.5, 12620.0], [69218.0, 6270.0], [69221.5, 37990.0], [69222.0, 58540.0], [69222.5, 75020.0], [69223.5, 13170.0], [69224.0, 43830.0], [69227.0, 3780.0]]}}}
{"jsonrpc": "2.0", "method": "subscription", "params": {"channel": "book.BTC-PERPETUAL.none.20.100ms", "data": {"timestamp": 1770531232067, "change_id": 139339485748, "instrument_name": "BTC-PERPETUAL", "bids": [[69199.0, 15510.0], [69196.5, 10.0], [69195.0, 210.0], [69191.0, 500.0], [69190.5, 46250.0], [69190.0, 86300.0], [69189.0, 19500.0], [69188.0, 29240.0], [69187.5, 35700.0], [69187.0, 48000.0], [69185.0, 74570.0], [69184.5, 7310.0], [69181.0, 5650.0], [69180.5, 6310.0], [69178.5, 12620.0], [69176.5, 24540.0], [69176.0, 48000.0], [69175.0, 34200.0], [69173.5, 27980.0], [69173.0, 34200.0]], "asks": [[69199.5, 47210.0], [69203.0, 400.0], [69206.0, 4180.0], [69206.5, 10000.0], [69207.5, 4000.0], [69209.0, 5510.0], [69210.5, 210.0], [69211.5, 11000.0], [69212.0, 8250.0], [69212.5, 6520.0], [69213.5, 5680.0], [69215.5, 19500.0], [69216.0, 19970.0], [69216.5, 48000.0], [69217.5, 12620.0], [69218.0, 6270.0], [69221.5, 39870.0], [69222.0, 58540.0], [69222.5, 75020.0], [69223.5, 13170.0]]}}}
{"jsonrpc": "2.0", "method": "subscription", "params": {"channel": "book.BTC-PERPETUAL.none.20.100ms", "data": {"timestamp": 1770531232424, "change_id": 139339488035, "instrument_name": "BTC-PERPETUAL", "bids": [[69199.0, 15510.0], [69196.5, 10.0], [69195.0, 210.0], [69193.0, 3430.0], [69192.5, 500.0], [69191.5, 11000.0], [69190.5, 8250.0], [69190.0, 14850.0], [69188.5, 29240.0], [69188.0, 19500.0], [69187.5, 24030.0], [69187.0, 48000.0], [69185.0, 25300.0], [69184.5, 7310.0], [69182.5, 14710.0], [69182.0, 49270.0], [69181.0, 5650.0], [69180.5, 6310.0], [69179.5, 220.0], [69178.5, 12620.0]], "asks": [[69199.5, 79110.0], [69203.0, 400.0], [69205.5, 10000.0], [69206.0, 4180.0], [69207.5, 4000.0], [69208.5, 19250.0], [69209.5, 1000.0], [69210.5, 210.0], [69211.5, 500.0], [69212.5, 6020.0], [69213.0, 19500.0], [69213.5, 5680.0], [69216.0, 19970.0], [69216.5, 48000.0], [69217.5, 12620.0], [69218.0, 6270.0], [69219.5, 17470.0], [69220.0, 124330.0], [69221.5, 9240.0], [69223.5, 13170.0]]}}}
{"jsonrpc": "2.0", "method": "subscription", "params": {"channel": "book.BTC-PERPETUAL.none.20.100ms", "data": {"timestamp": 1770531232747, "change_id": 139339489684, "instrument_name": "BTC-PERPETUAL", "bids": [[69199.0, 115560.0], [69198.5, 20000.0], [69196.5, 10.0], [69195.5, 1730.0], [69195.0, 5780.0], [69194.0, 500.0], [69192.0, 22390.0], [69191.5, 89410.0], [69191.0, 11000.0], [69190.5, 8250.0], [69190.0, 300.0], [69188.5, 9240.0], [69188.0, 19500.0], [69187.5, 24030.0], [69187.0, 48000.0], [69185.0, 25300.0], [69184.5, 7310.0], [69182.5, 14710.0], [69182.0, 49270.0], [69181.0, 5650.0]], "asks": [[69199.5, 74880.0], [69203.0, 400.0], [69204.0, 4000.0], [69205.5, 10000.0], [69209.0, 6260.0], [69209.5, 1000.0], [69210.5, 11210.0], [69211.5, 8250.0], [69212.0, 500.0], [69212.5, 6020.0], [69213.5, 5680.0], [69215.5, 19500.0], [69216.0, 39810.0], [69216.5, 48000.0], [69217.5, 12620.0], [69218.0, 6270.0], [69219.0, 75030.0], [69219.5, 17470.0], [69223.0, 58540.0], [69223.5, 13170.0]]}}}
{"jsonrpc": "2.0", "method": "subscription", "params": {"channel": "book.BTC-PERPETUAL.none.20.100ms", "data": {"timestamp": 1770531233085, "change_id": 139339490291, "instrument_name": "BTC-PERPETUAL", "bids": [[69199.0, 115560.0], [69198.5, 20000.0], [69196.5, 10.0], [69196.0, 500.0], [69195.5, 1730.0], [69195.0, 5780.0], [69193.5, 28130.0], [69193.0, 75000.0], [69192.0, 8250.0], [69190.0, 12160.0], [69189.5, 30500.0], [69188.5, 9240.0], [69187.5, 24030.0], [69187.0, 48000.0], [69185.0, 25300.0], [69184.5, 7310.0], [69183.5, 14710.0], [69183.0, 49270.0], [69181.0, 5650.0], [69180.5, 6310.0]], "asks": [[69199.5, 75850.0], [69203.0, 400.0], [69204.0, 4000.0], [69205.5, 10000.0], [69208.5, 3280.0], [69209.0, 11000.0], [69209.5, 1000.0], [69210.5, 210.0], [69211.0, 2610.0], [69211.5, 8250.0], [69212.0, 500.0], [69212.5, 6020.0], [69213.5, 5680.0], [69215.5, 19500.0], [69216.0, 39810.0], [69216.5, 48000.0], [69217.5, 12620.0], [69218.0, 6270.0], [69219.0, 75020.0], [69219.5, 17470.0]]}}}
{"jsonrpc": "2.0", "method": "subscription", "params": {"channel": "book.BTC-PERPETUAL.none.20.100ms", "data": {"timestamp": 1770531233413, "change_id": 139339490936, "instrument_name": "BTC-PERPETUAL", "bids": [[69199.0, 43810.0], [69198.5, 20000.0], [69196.5, 10.0], [69196.0, 500.0], [69195.0, 210.0], [69193.5, 22390.0], [69192.0, 75000.0], [69190.5, 19370.0], [69190.0, 300.0], [69188.5, 8250.0], [69188.0, 19500.0], [69187.5, 33270.0], [69187.0, 48000.0], [69185.0, 25300.0], [69184.5, 7310.0], [69183.5, 14710.0], [69181.5, 49270.0], [69181.0, 5650.0], [69180.5, 6310.0], [69179.5, 220.0]], "asks": [[69199.5, 82630.0], [69203.0, 400.0], [69203.5, 4180.0], [69204.0, 4000.0], [69205.5, 10000.0], [69207.0, 5750.0], [69207.5, 11000.0], [69208.5, 8250.0], [69209.5, 1000.0], [69210.5, 6180.0], [69212.0, 20000.0], [69213.0, 1700.0], [69213.5, 5680.0], [69216.0, 19970.0], [69216.5, 48000.0], [69217.5, 12620.0], [69218.0, 6270.0], [69222.5, 34250.0], [69223.0, 133570.0], [69223.5, 13170.0]]}}}
{"jsonrpc": "2.0", "method": "subscription", "params": {"channel": "book.BTC-PERPETUAL.none.20.100ms", "data": {"timestamp": 1770531233739, "change_id": 139339492343, "instrument_name": "BTC-PERPETUAL", "bids": [[69199.0, 63810.0], [69197.5, 5520.0], [69196.5, 10.0], [69195.0, 210.0], [69192.5, 22390.0], [69192.0, 75500.0], [69190.0, 300.0], [69189.5, 11570.0], [69189.0, 11000.0], [69188.5, 8250.0], [69188.0, 19500.0], [69187.5, 33270.0], [69187.0, 48000.0], [69185.0, 25300.0], [69184.5, 7310.0], [69183.5, 14710.0], [69181.5, 49270.0], [69181.0, 5650.0], [69180.5, 6310.0], [69179.5, 220.0]], "asks": [[69199.5, 82470.0], [69203.0, 400.0], [69203.5, 4180.0], [69204.0, 4000.0], [69205.5, 10000.0], [69207.0, 5750.0], [69208.5, 11000.0], [69209.0, 8250.0], [69209.5, 1000.0], [69210.5, 6180.0], [69211.5, 500.0], [69212.0, 19500.0], [69213.0, 1700.0], [69213.5, 5680.0], [69216.0, 19970.0], [69216.5, 48000.0], [69217.5, 12620.0], [69218.0, 6270.0], [69220.5, 39870.0], [69221.0, 75030.0]]}}}
{"jsonrpc": "2.0", "method": "subscription", "params": {"channel": "book.BTC-PERPETUAL.none.20.100ms", "data": {"timestamp": 1770531234076, "change_id": 139339493312, "instrument_name": "BTC-PERPETUAL", "bids": [[69199.0, 63810.0], [69197.5, 5520.0], [69196.5, 10.0], [69195.0, 210.0], [69194.0, 500.0], [69191.0, 34040.0], [69190.5, 75000.0], [69190.0, 19550.0], [69188.0, 19500.0], [69187.5, 33270.0], [69187.0, 48000.0], [69185.0, 25300.0], [69184.5, 7310.0], [69183.5, 14710.0], [69181.5, 49270.0], [69181.0, 5650.0], [69180.5, 6310.0], [69179.5, 220.0], [69178.5, 12620.0], [69176.5, 14330.0]], "asks": [[69199.5, 88890.0], [69203.0, 400.0], [69203.5, 2990.0], [69205.5, 10000.0], [69206.0, 5750.0], [69208.5, 11000.0], [69209.0, 8250.0], [69209.5, 1000.0], [69210.5, 6180.0], [69211.5, 500.0], [69212.0, 19500.0], [69213.0, 1700.0], [69213.5, 5680.0], [69216.0, 52970.0], [69216.5, 48000.0], [69217.5, 12620.0], [69218.0, 6270.0], [69219.0, 75030.0], [69219.5, 52060.0], [69220.0, 9240.0]]}}}
{"jsonrpc": "2.0", "method": "subscription", "params": {"channel": "book.BTC-PERPETUAL.none.20.100ms", "data": {"timestamp": 1770531234375, "change_id": 139339493620, "instrument_name": "BTC-PERPETUAL", "bids": [[69199.0, 163810.0], [69197.5, 5520.0], [69196.5, 10.0], [69195.0, 210.0], [69192.5, 500.0], [69191.5, 34040.0], [69191.0, 75000.0], [69190.0, 300.0], [69189.0, 11000.0], [69188.5, 8250.0], [69187.5, 24030.0], [69187.0, 48000.0], [69185.5, 28740.0], [69185.0, 25300.0], [69184.5, 7310.0], [69183.5, 14710.0], [69181.5, 49270.0], [69181.0, 5650.0], [69180.5, 6310.0], [69179.5, 220.0]], "asks": [[69199.5, 88740.0], [69203.0, 400.0], [69203.5, 2990.0], [69205.5, 10000.0], [69206.0, 5750.0], [69208.5, 11000.0], [69209.0, 8250.0], [69209.5, 7030.0], [69210.0, 500.0], [69210.5, 210.0], [69212.5, 19500.0], [69213.0, 1700.0], [69213.5, 5680.0], [69216.0, 52970.0], [69216.5, 48000.0], [69217.5, 12620.0], [69218.0, 6270.0], [69218.5, 58540.0], [69219.0, 75030.0], [69223.5, 13170.0]]}}}
{"jsonrpc": "2.0", "method": "subscription", "params": {"channel": "book.BTC-PERPETUAL.none.20.100ms", "data": {"timestamp": 1770531234734, "change_id": 139339494493, "instrument_name": "BTC-PERPETUAL", "bids": [[69199.0, 163810.0], [69198.0, 1710.0], [69197.5, 5520.0], [69196.5, 10.0], [69195.0, 210.0], [69191.0, 30230.0], [69190.5, 75500.0], [69190.0, 19550.0], [69188.0, 9240.0], [69187.5, 43530.0], [69187.0, 48000.0], [69185.0, 25300.0], [69184.5, 7310.0], [69183.5, 14710.0], [69181.5, 49270.0], [69181.0, 5650.0], [69180.5, 6310.0], [69179.5, 220.0], [69178.5, 12620.0], [69176.5, 14330.0]], "asks": [[69199.5, 77230.0], [69203.0, 400.0], [69206.0, 5460.0], [69208.5, 11000.0], [69209.0, 8250.0], [69209.5, 7030.0], [69210.5, 210.0], [69212.0, 500.0], [69212.5, 19500.0], [69213.0, 1700.0], [69213.5, 5680.0], [69216.5, 48000.0], [69217.5, 12620.0], [69218.0, 81290.0], [69222.5, 58540.0], [69223.5, 13170.0], [69224.0, 43830.0], [69226.5, 5270.0], [69227.0, 10000.0], [69227.5, 12660.0]]}}}
{"jsonrpc": "2.0", "method": "subscription", "params": {"channel": "book.BTC-PERPETUAL.none.20.100ms", "data": {"timestamp": 1770531235055, "change_id": 139339494923, "instrument_name": "BTC-PERPETUAL", "bids": [[69199.0, 163810.0], [69196.5, 10.0], [69195.0, 210.0], [69191.5, 500.0], [69191.0, 30230.0], [69190.0, 300.0], [69189.0, 75000.0], [69188.5, 11000.0], [69188.0, 8250.0], [69187.5, 24030.0], [69187.0, 48000.0], [69186.0, 9240.0], [69185.5, 19500.0], [69185.0, 300.0], [69184.5, 32310.0], [69183.5, 14710.0], [69181.5, 49270.0], [69181.0, 5650.0], [69180.5, 6310.0], [69179.5, 220.0]], "asks": [[69199.5, 86930.0], [69203.0, 400.0], [69206.0, 5460.0], [69208.5, 11000.0], [69209.0, 8750.0], [69209.5, 7030.0], [69210.5, 210.0], [69212.5, 19500.0], [69213.0, 1700.0], [69213.5, 5680.0], [69216.5, 48000.0], [69217.0, 75020.0], [69217.5, 71160.0], [69218.0, 6270.0], [69223.5, 13170.0], [69224.0, 43830.0], [69226.5, 5270.0], [69227.0, 10000.0], [69227.5, 12660.0], [69230.5, 17700.0]]}}}
{"jsonrpc": "2.0", "method": "subscription", "params": {"channel": "book.BTC-PERPETUAL.none.20.100ms", "data": {"timestamp": 1770531235399, "change_id": 139339495307, "instrument_name": "BTC-PERPETUAL", "bids": [[69199.0, 135510.0], [69197.0, 5520.0], [69196.5, 10.0], [69195.0, 210.0], [69191.5, 500.0], [69191.0, 30230.0], [69190.0, 75300.0], [69189.5, 24000.0], [69188.5, 11000.0], [69188.0, 8250.0], [69187.5, 24030.0], [69186.0, 9240.0], [69185.5, 19500.0], [69185.0, 300.0], [69184.5, 32310.0], [69183.5, 14710.0], [69181.5, 49270.0], [69181.0, 5650.0], [69180.5, 6310.0], [69179.5, 220.0]], "asks": [[69199.5, 79660.0], [69203.0, 400.0], [69206.0, 5610.0], [69208.5, 11000.0], [69209.0, 8750.0], [69209.5, 13280.0], [69210.5, 210.0], [69212.0, 24000.0], [69212.5, 19500.0], [69213.0, 1700.0], [69213.5, 5680.0], [69216.5, 45510.0], [69217.0, 75020.0], [69217.5, 71160.0], [69218.0, 6270.0], [69223.5, 13170.0], [69224.0, 43830.0], [69226.5, 5270.0], [69227.0, 10000.0], [69227.5, 12660.0]]}}}
{"jsonrpc": "2.0", "method": "subscription", "params": {"channel": "book.BTC-PERPETUAL.none.20.100ms", "data": {"timestamp": 1770531235696, "change_id": 139339496042, "instrument_name": "BTC-PERPETUAL", "bids": [[69199.0, 135510.0], [69196.5, 10.0], [69195.0, 210.0], [69191.5, 500.0], [69191.0, 30230.0], [69190.0, 75300.0], [69189.5, 24000.0], [69188.0, 19250.0], [69187.5, 9730.0], [69185.0, 9540.0], [69184.5, 38130.0], [69184.0, 19500.0], [69181.0, 5650.0], [69180.5, 6310.0], [69179.5, 220.0], [69179.0, 49270.0], [69178.5, 12620.0], [69178.0, 24000.0], [69174.0, 3770.0], [69173.5, 10.0]], "asks": [[69199.5, 88920.0], [69203.0, 400.0], [69206.5, 5900.0], [69207.0, 11000.0], [69208.0, 8250.0], [69209.0, 500.0], [69209.5, 13280.0], [69210.5, 210.0], [69211.5, 19500.0], [69212.0, 24000.0], [69213.5, 680.0], [69216.5, 45510.0], [69217.0, 75020.0], [69217.5, 71160.0], [69218.0, 6270.0], [69223.5, 13170.0], [69224.0, 43830.0], [69226.5, 25000.0], [69227.5, 12660.0], [69230.5, 17700.0]]}}}
{"jsonrpc": "2.0", "method": "subscription", "params": {"channel": "book.BTC-PERPETUAL.none.20.100ms", "data": {"timestamp": 1770531236060, "change_id": 139339496570, "instrument_name": "BTC-PERPETUAL", "bids": [[69199.0, 135510.0], [69196.5, 10.0], [69196.0, 1710.0], [69195.5, 5520.0], [69195.0, 210.0], [69191.5, 500.0], [69191.0, 30230.0], [69190.5, 75000.0], [69190.0, 300.0], [69189.5, 24000.0], [69188.5, 11000.0], [69188.0, 8250.0], [69187.5, 17070.0], [69185.5, 19500.0], [69185.0, 9540.0], [69184.5, 32310.0], [69181.0, 5650.0], [69180.5, 6310.0], [69179.5, 220.0], [69179.0, 49270.0]], "asks": [[69199.5, 88700.0], [69203.0, 400.0], [69205.5, 5900.0], [69206.0, 11000.0], [69207.0, 8250.0], [69209.0, 500.0], [69209.5, 13280.0], [69210.5, 210.0], [69211.5, 19500.0], [69212.0, 24000.0], [69213.0, 1700.0], [69213.5, 5680.0], [69216.5, 45510.0], [69217.0, 75020.0], [69217.5, 71160.0], [69218.0, 6270.0], [69223.5, 13170.0], [69224.0, 43830.0], [69226.5, 25000.0], [69227.5, 12660.0]]}}}
{"jsonrpc": "2.0", "method": "subscription", "params": {"channel": "book.BTC-PERPETUAL.none.20.100ms", "data": {"timestamp": 1770531236316, "change_id": 139339497378, "instrument_name": "BTC-PERPETUAL", "bids": [[69199.0, 135360.0], [69196.5, 10.0], [69196.0, 1710.0], [69195.5, 5520.0], [69195.0, 210.0], [69191.5, 500.0], [69191.0, 30230.0], [69190.0, 75300.0], [69189.5, 24000.0], [69188.5, 11000.0], [69188.0, 8250.0], [69187.5, 17070.0], [69185.5, 19500.0], [69185.0, 9540.0], [69184.5, 32310.0], [69181.5, 14710.0], [69181.0, 54920.0], [69180.5, 6310.0], [69179.5, 220.0], [69178.5, 12620.0]], "asks": [[69211.5, 14480.0], [69213.5, 5680.0], [69216.5, 45510.0], [69217.0, 75020.0], [69217.5, 21860.0], [69218.0, 6270.0], [69223.5, 90.0], [69224.0, 24000.0], [69226.5, 25000.0], [69227.5, 12660.0], [69230.0, 7870.0], [69230.5, 14000.0], [69231.0, 12380.0], [69235.5, 24000.0], [69237.0, 3700.0], [69237.5, 12380.0], [69238.5, 20770.0], [69243.5, 45000.0], [69244.0, 12380.0], [69245.0, 100.0]]}}}
{"jsonrpc": "2.0", "method": "subscription", "params": {"channel": "book.BTC-PERPETUAL.none.20.100ms", "data": {"timestamp": 1770531236715, "change_id": 139339500855, "instrument_name": "BTC-PERPETUAL", "bids": [[69226.5, 150.0], [69218.0, 210.0], [69217.0, 500.0], [69216.0, 34200.0], [69215.0, 300.0], [69213.5, 27990.0], [69212.5, 33230.0], [69211.5, 10.0], [69210.0, 300.0], [69206.0, 650.0], [69205.0, 20400.0], [69201.0, 120.0], [69199.5, 131170.0], [69199.0, 188480.0], [69196.5, 12590.0], [69194.0, 17190.0], [69193.5, 45000.0], [69192.0, 12590.0], [69191.0, 6250.0], [69190.0, 7160.0]], "asks": [[69227.0, 35950.0], [69229.5, 8250.0], [69233.0, 210.0], [69236.5, 19500.0], [69238.0, 6200.0], [69238.5, 20760.0], [69242.0, 52000.0], [69243.0, 290.0], [69246.0, 6290.0], [69249.0, 7460.0], [69249.5, 25000.0], [69252.5, 2150.0], [69253.0, 75020.0], [69253.5, 24000.0], [69257.5, 280.0], [69258.0, 33370.0], [69261.0, 24000.0], [69261.5, 49300.0], [69264.0, 680.0], [69269.5, 4180.0]]}}}
{"jsonrpc": "2.0", "method": "subscription", "params": {"channel": "book.BTC-PERPETUAL.none.20.100ms", "data": {"timestamp": 1770531237053, "change_id": 139339502699, "instrument_name": "BTC-PERPETUAL", "bids": [[69226.5, 27250.0], [69225.0, 100040.0], [69224.5, 25000.0], [69224.0, 210.0], [69223.5, 1000.0], [69219.5, 29380.0], [69219.0, 24000.0], [69218.0, 29240.0], [69217.5, 11000.0], [69216.0, 78060.0], [69215.5, 57520.0], [69215.0, 7510.0], [69214.0, 75000.0], [69212.5, 27290.0], [69212.0, 24000.0], [69211.5, 110.0], [69210.0, 300.0], [69209.0, 3950.0], [69208.5, 12590.0], [69206.0, 650.0]], "asks": [[69227.0, 14700.0], [69231.5, 2000.0], [69237.5, 210.0], [69240.5, 3280.0], [69241.0, 11000.0], [69241.5, 290.0], [69244.5, 26870.0], [69245.0, 43500.0], [69245.5, 40590.0], [69246.0, 6290.0], [69248.0, 22390.0], [69248.5, 75020.0], [69251.0, 15830.0], [69251.5, 12590.0], [69253.0, 9240.0], [69253.5, 24000.0], [69254.0, 7210.0], [69255.5, 14800.0], [69256.0, 49300.0], [69257.5, 280.0]]}}}
{"jsonrpc": "2.0", "method": "subscription", "params": {"channel": "book.BTC-PERPETUAL.none.20.100ms", "data": {"timestamp": 1770531237377, "change_id": 139339503361, "instrument_name": "BTC-PERPETUAL", "bids": [[69226.5, 27250.0], [69224.0, 210.0], [69220.5, 30530.0], [69220.0, 106000.0], [69219.5, 12470.0], [69219.0, 32250.0], [69218.0, 9240.0], [69216.0, 30670.0], [69215.0, 7510.0], [69214.5, 49270.0], [69213.0, 20000.0], [69212.5, 7290.0], [69212.0, 24000.0], [69211.5, 110.0], [69210.0, 300.0], [69209.0, 10720.0], [69208.5, 12590.0], [69207.5, 25000.0], [69205.5, 14110.0], [69204.5, 24000.0]], "asks": [[69227.0, 30020.0], [69237.5, 210.0], [69239.0, 1580.0], [69239.5, 5290.0], [69242.5, 5430.0], [69244.0, 19250.0], [69244.5, 18620.0], [69245.0, 43500.0], [69245.5, 40590.0], [69246.0, 6290.0], [69250.0, 22400.0], [69250.5, 75030.0], [69251.0, 28520.0], [69251.5, 12590.0], [69252.5, 49300.0], [69253.0, 9240.0], [69253.5, 24000.0], [69254.0, 7210.0], [69257.5, 280.0], [69258.0, 10920.0]]}}}
{"jsonrpc": "2.0", "method": "subscription", "params": {"channel": "book.BTC-PERPETUAL.none.20.100ms", "data": {"timestamp": 1770531237715, "change_id": 139339505793, "instrument_name": "BTC-PERPETUAL", "bids": [[69226.5, 47250.0], [69224.0, 210.0], [69222.5, 8250.0], [69222.0, 37360.0], [69221.5, 30500.0], [69221.0, 80560.0], [69220.5, 9240.0], [69219.5, 7250.0], [69219.0, 24000.0], [69216.0, 17240.0], [69215.5, 49270.0], [69215.0, 7510.0], [69212.5, 7290.0], [69212.0, 24000.0], [69211.5, 110.0], [69210.0, 510.0], [69209.0, 10720.0], [69208.5, 37590.0], [69205.5, 14110.0], [69204.5, 24000.0]], "asks": [[69227.0, 34660.0], [69231.0, 2000.0], [69237.0, 1560.0], [69237.5, 5210.0], [69241.0, 290.0], [69241.5, 5750.0], [69242.0, 11000.0], [69244.0, 8250.0], [69244.5, 18620.0], [69245.0, 24000.0], [69245.5, 60090.0], [69246.0, 6290.0], [69248.5, 25150.0], [69250.0, 75030.0], [69250.5, 9240.0], [69251.0, 28520.0], [69251.5, 12590.0], [69253.5, 73300.0], [69254.0, 7210.0], [69257.5, 280.0]]}}}
{"jsonrpc": "2.0", "method": "subscription", "params": {"channel": "book.BTC-PERPETUAL.none.20.100ms", "data": {"timestamp": 1770531238046, "change_id": 139339506908, "instrument_name": "BTC-PERPETUAL", "bids": [[69226.5, 147290.0], [69224.0, 210.0], [69223.0, 500.0], [69222.0, 8250.0], [69221.5, 43630.0], [69221.0, 75000.0], [69220.5, 9240.0], [69220.0, 19500.0], [69219.5, 7250.0], [69219.0, 24000.0], [69216.0, 17240.0], [69215.0, 7510.0], [69213.0, 49270.0], [69212.5, 7290.0], [69212.0, 24000.0], [69211.5, 110.0], [69210.0, 510.0], [69209.0, 10720.0], [69208.5, 37590.0], [69205.5, 14110.0]], "asks": [[69227.0, 30890.0], [69231.0, 2000.0], [69237.0, 9710.0], [69237.5, 210.0], [69240.0, 290.0], [69240.5, 33330.0], [69241.0, 11000.0], [69244.0, 8250.0], [69244.5, 18620.0], [69245.0, 24000.0], [69245.5, 32090.0], [69246.0, 6290.0], [69248.5, 22400.0], [69249.0, 75030.0], [69250.5, 9240.0], [69251.0, 28520.0], [69251.5, 12590.0], [69253.0, 49300.0], [69253.5, 24000.0], [69254.0, 7210.0]]}}}
{"jsonrpc": "2.0", "method": "subscription", "params": {"channel": "book.BTC-PERPETUAL.none.20.100ms", "data": {"timestamp": 1770531238377, "change_id": 139339507652, "instrument_name": "BTC-PERPETUAL", "bids": [[69226.5, 53450.0], [69224.0, 710.0], [69223.5, 3280.0], [69223.0, 11000.0], [69222.0, 16530.0], [69221.0, 5510.0], [69220.0, 28740.0], [69219.5, 28710.0], [69219.0, 24000.0], [69216.5, 75000.0], [69216.0, 17240.0], [69215.0, 7510.0], [69213.0, 49270.0], [69212.5, 7290.0], [69212.0, 24000.0], [69211.5, 110.0], [69210.0, 510.0], [69209.0, 3950.0], [69208.5, 12590.0], [69205.5, 14110.0]], "asks": [[69227.0, 22970.0], [69232.5, 2000.0], [69233.0, 2990.0], [69233.5, 10000.0], [69237.0, 9710.0], [69237.5, 210.0], [69240.0, 290.0], [69240.5, 38890.0], [69243.5, 8250.0], [69244.0, 35000.0], [69244.5, 10740.0], [69245.0, 19500.0], [69245.5, 12590.0], [69246.0, 6290.0], [69247.5, 25150.0], [69250.5, 75030.0], [69251.0, 35360.0], [69251.5, 12590.0], [69252.0, 49300.0], [69252.5, 24000.0]]}}}
{"jsonrpc": "2.0", "method": "subscription", "params": {"channel": "book.BTC-PERPETUAL.none.20.100ms", "data": {"timestamp": 1770531238708, "change_id": 139339508727, "instrument_name": "BTC-PERPETUAL", "bids": [[69226.5, 53150.0], [69224.0, 210.0], [69223.5, 500.0], [69222.5, 11000.0], [69222.0, 42280.0], [69221.0, 5510.0], [69220.0, 75000.0], [69219.5, 35990.0], [69219.0, 24000.0], [69216.0, 16950.0], [69215.0, 7510.0], [69213.0, 49270.0], [69212.5, 7290.0], [69212.0, 24000.0], [69211.5, 110.0], [69210.0, 510.0], [69209.0, 3950.0], [69208.5, 12590.0], [69205.5, 20760.0], [69204.5, 24000.0]], "asks": [[69227.0, 33170.0], [69235.0, 8360.0], [69235.5, 28000.0], [69237.5, 210.0], [69240.0, 290.0], [69240.5, 17340.0], [69243.0, 19250.0], [69243.5, 19500.0], [69244.0, 24000.0], [69245.0, 5640.0], [69245.5, 12590.0], [69246.0, 6290.0], [69248.5, 39870.0], [69249.0, 75030.0], [69250.0, 9240.0], [69251.0, 62370.0], [69251.5, 12590.0], [69252.5, 24000.0], [69254.0, 7210.0], [69257.5, 280.0]]}}}
{"jsonrpc": "2.0", "method": "subscription", "params": {"channel": "book.BTC-PERPETUAL.none.20.100ms", "data": {"timestamp": 1770531239041, "change_id": 139339509267, "instrument_name": "BTC-PERPETUAL", "bids": [[69226.5, 53150.0], [69224.0, 210.0], [69223.5, 11000.0], [69223.0, 500.0], [69222.0, 11880.0], [69221.5, 8250.0], [69221.0, 5510.0], [69220.5, 290.0], [69219.5, 63880.0], [69219.0, 24000.0], [69217.5, 75000.0], [69217.0, 25000.0], [69216.0, 16950.0], [69215.0, 7510.0], [69213.0, 49270.0], [69212.5, 7290.0], [69212.0, 24000.0], [69211.5, 110.0], [69210.0, 510.0], [69209.0, 3950.0]], "asks": [[69227.0, 28790.0], [69235.0, 8360.0], [69235.5, 38000.0], [69237.0, 1640.0], [69237.5, 5210.0], [69240.0, 290.0], [69240.5, 10890.0], [69243.0, 19250.0], [69244.0, 24000.0], [69244.5, 19500.0], [69245.0, 27310.0], [69245.5, 12590.0], [69246.0, 6290.0], [69247.0, 75030.0], [69249.5, 2760.0], [69250.0, 9240.0], [69251.0, 26120.0], [69251.5, 12590.0], [69252.0, 49300.0], [69252.5, 24000.0]]}}}
{"jsonrpc": "2.0", "method": "subscription", "params": {"channel": "book.BTC-PERPETUAL.none.20.100ms", "data": {"timestamp": 1770531239371, "change_id": 139339509594, "instrument_name": "BTC-PERPETUAL", "bids": [[69226.5, 81150.0], [69224.5, 30060.0], [69224.0, 100200.0], [69223.5, 9240.0], [69223.0, 16560.0], [69222.5, 19250.0], [69221.5, 19500.0], [69221.0, 5510.0], [69220.5, 290.0], [69219.5, 28630.0], [69219.0, 24000.0], [69216.5, 74990.0], [69216.0, 16950.0], [69215.5, 49270.0], [69215.0, 7510.0], [69212.5, 7290.0], [69212.0, 24000.0], [69211.5, 110.0], [69210.0, 510.0], [69209.0, 10720.0]], "asks": [[69227.0, 39120.0], [69231.0, 1000.0], [69235.0, 8360.0], [69235.5, 38000.0], [69237.0, 1640.0], [69237.5, 5210.0], [69240.0, 290.0], [69240.5, 10890.0], [69243.0, 11000.0], [69244.0, 59560.0], [69245.5, 12590.0], [69246.0, 6290.0], [69247.5, 75030.0], [69248.5, 19500.0], [69251.0, 13070.0], [69251.5, 12590.0], [69252.5, 24000.0], [69253.5, 9240.0], [69254.0, 7210.0], [69256.5, 14800.0]]}}}
{"jsonrpc": "2.0", "method": "subscription", "params": {"channel": "book.BTC-PERPETUAL.none.20.100ms", "data": {"timestamp": 1770531239699, "change_id": 139339510689, "instrument_name": "BTC-PERPETUAL", "bids": [[69226.5, 81360.0], [69225.5, 5900.0], [69224.0, 19750.0], [69223.0, 30430.0], [69221.0, 5510.0], [69220.5, 290.0], [69220.0, 28740.0], [69219.5, 82160.0], [69219.0, 24000.0], [69216.0, 16950.0], [69215.5, 49270.0], [69215.0, 7510.0], [69212.5, 7290.0], [69212.0, 24000.0], [69211.5, 110.0], [69210.0, 510.0], [69209.0, 7430.0], [69208.5, 12590.0], [69208.0, 25000.0], [69205.5, 14110.0]], "asks": [[69227.0, 32400.0], [69235.0, 8360.0], [69235.5, 29000.0], [69237.0, 2920.0], [69237.5, 10210.0], [69240.0, 290.0], [69242.5, 5430.0], [69243.0, 19250.0], [69244.0, 22340.0], [69245.0, 43500.0], [69245.5, 12590.0], [69246.0, 6290.0], [69250.0, 75030.0], [69251.0, 13070.0], [69251.5, 12590.0], [69252.0, 9240.0], [69252.5, 24000.0], [69253.0, 49300.0], [69254.0, 7210.0], [69257.5, 280.0]]}}}
{"jsonrpc": "2.0", "method": "subscription", "params": {"channel": "book.BTC-PERPETUAL.none.20.100ms", "data": {"timestamp": 1770531240024, "change_id": 139339511128, "instrument_name": "BTC-PERPETUAL", "bids": [[69226.5, 181350.0], [69225.5, 5900.0], [69224.5, 6010.0], [69224.0, 19250.0], [69223.0, 30430.0], [69222.5, 19500.0], [69221.0, 9240.0], [69220.5, 290.0], [69219.5, 82160.0], [69219.0, 24000.0], [69216.0, 16950.0], [69215.5, 49270.0], [69215.0, 7510.0], [69212.5, 7290.0], [69212.0, 24000.0], [69211.5, 110.0], [69210.0, 510.0], [69209.0, 7430.0], [69208.5, 12590.0], [69208.0, 25000.0]], "asks": [[69227.0, 32400.0], [69235.0, 8360.0], [69235.5, 29000.0], [69237.0, 2920.0], [69237.5, 10210.0], [69241.0, 290.0], [69241.5, 10830.0], [69243.0, 11000.0], [69243.5, 8250.0], [69244.0, 15840.0], [69245.0, 24000.0], [69245.5, 12590.0], [69246.0, 6290.0], [69249.5, 75030.0], [69250.0, 19500.0], [69251.0, 13070.0], [69251.5, 12590.0], [69252.0, 9240.0], [69252.5, 24000.0], [69254.0, 7210.0]]}}}
{"jsonrpc": "2.0", "method": "subscription", "params": {"channel": "book.BTC-PERPETUAL.none.20.100ms", "data": {"timestamp": 1770531240333, "change_id": 139339511772, "instrument_name": "BTC-PERPETUAL", "bids": [[69226.5, 181350.0], [69225.5, 7000.0], [69224.5, 5510.0], [69224.0, 500.0], [69223.5, 19250.0], [69223.0, 30430.0], [69222.0, 9240.0], [69220.5, 290.0], [69220.0, 19500.0], [69219.5, 82160.0], [69219.0, 24000.0], [69216.0, 16950.0], [69215.5, 49270.0], [69215.0, 7510.0], [69212.5, 7290.0], [69212.0, 24000.0], [69211.5, 110.0], [69210.0, 510.0], [69209.0, 7430.0], [69208.5, 12590.0]], "asks": [[69227.0, 32400.0], [69235.0, 8360.0], [69235.5, 29000.0], [69237.0, 2920.0], [69237.5, 10210.0], [69240.5, 290.0], [69241.0, 4590.0], [69241.5, 5000.0], [69243.5, 11000.0], [69244.0, 15840.0], [69244.5, 8250.0], [69245.0, 24000.0], [69245.5, 12590.0], [69246.0, 6290.0], [69249.0, 19500.0], [69249.5, 75030.0], [69251.0, 26120.0], [69251.5, 12590.0], [69252.0, 9240.0], [69252.5, 24000.0]]}}}
{"jsonrpc": "2.0", "method": "subscription", "params": {"channel": "book.BTC-PERPETUAL.none.20.100ms", "data": {"timestamp": 1770531240693, "change_id": 139339513546, "instrument_name": "BTC-PERPETUAL", "bids": [[69226.5, 181350.0], [69225.5, 7000.0], [69224.5, 16510.0], [69224.0, 8250.0], [69223.5, 500.0], [69223.0, 30430.0], [69221.0, 19500.0], [69220.5, 9530.0], [69219.5, 82160.0], [69219.0, 24000.0], [69216.0, 16950.0], [69215.5, 49270.0], [69215.0, 7510.0], [69212.5, 7290.0], [69212.0, 24000.0], [69211.5, 110.0], [69210.0, 510.0], [69209.0, 7430.0], [69208.5, 12590.0], [69208.0, 25000.0]], "asks": [[69227.0, 32410.0], [69232.0, 1000.0], [69235.0, 8360.0], [69235.5, 28000.0], [69236.0, 10000.0], [69237.5, 210.0], [69240.5, 290.0], [69241.0, 6650.0], [69241.5, 5000.0], [69243.5, 19250.0], [69244.0, 15840.0], [69245.0, 24000.0], [69245.5, 12590.0], [69246.0, 6290.0], [69248.0, 19500.0], [69248.5, 75020.0], [69251.0, 13070.0], [69251.5, 12590.0], [69252.0, 9240.0], [69252.5, 24000.0]]}}}
{"jsonrpc": "2.0", "method": "subscription", "params": {"channel": "book.BTC-PERPETUAL.none.20.100ms", "data": {"timestamp": 1770531240995, "change_id": 139339514097, "instrument_name": "BTC-PERPETUAL", "bids": [[69226.5, 181350.0], [69225.5, 7000.0], [69224.5, 16510.0], [69224.0, 8250.0], [69223.5, 500.0], [69223.0, 30430.0], [69221.0, 19500.0], [69220.5, 9530.0], [69219.5, 82160.0], [69219.0, 24000.0], [69216.0, 16950.0], [69215.5, 49270.0], [69215.0, 7510.0], [69212.0, 24000.0], [69211.5, 110.0], [69210.0, 510.0], [69208.5, 12590.0], [69205.0, 13990.0], [69204.5, 24000.0], [69203.0, 12590.0]], "asks": [[69257.5, 280.0], [69258.5, 12590.0], [69261.0, 24000.0], [69264.0, 680.0], [69266.5, 25000.0], [69267.5, 180.0], [69270.5, 71090.0], [69271.5, 12590.0], [69272.5, 24000.0], [69277.0, 90.0], [69277.5, 10.0], [69280.0, 13570.0], [69283.5, 12630.0], [69284.0, 45000.0], [69286.5, 100.0], [69287.5, 12640.0], [69294.0, 12630.0], [69297.5, 30.0], [69300.0, 20790.0], [69300.5, 143780.0]]}}}
{"jsonrpc": "2.0", "method": "subscription", "params": {"channel": "book.BTC-PERPETUAL.none.20.100ms", "data": {"timestamp": 1770531241262, "change_id": 139339516760, "instrument_name": "BTC-PERPETUAL", "bids": [[69262.5, 150.0], [69257.0, 450.0], [69251.0, 5310.0], [69250.5, 10000.0], [69244.5, 30210.0], [69243.5, 5310.0], [69243.0, 6930.0], [69240.0, 500.0], [69235.5, 5320.0], [69235.0, 29310.0], [69228.0, 24000.0], [69227.0, 85350.0], [69226.5, 293960.0], [69225.5, 1790.0], [69223.0, 8670.0], [69220.5, 290.0], [69219.5, 7160.0], [69219.0, 24000.0], [69216.0, 16950.0], [69212.5, 7350.0]], "asks": [[69263.0, 14680.0], [69277.5, 10.0], [69278.0, 16000.0], [69279.0, 7210.0], [69280.0, 950.0], [69283.5, 12630.0], [69287.0, 11000.0], [69287.5, 12640.0], [69294.0, 12630.0], [69297.5, 30.0], [69298.0, 21310.0], [69299.5, 24000.0], [69300.0, 20790.0], [69300.5, 12630.0], [69303.0, 500.0], [69308.0, 3770.0], [69312.5, 3770.0], [69313.0, 12630.0], [69314.5, 680.0], [69318.5, 7760.0]]}}}
{"jsonrpc": "2.0", "method": "subscription", "params": {"channel": "book.BTC-PERPETUAL.none.20.100ms", "data": {"timestamp": 1770531241685, "change_id": 139339519562, "instrument_name": "BTC-PERPETUAL", "bids": [[69235.5, 34880.0], [69235.0, 5560.0], [69228.5, 120.0], [69226.5, 7550.0], [69225.0, 25300.0], [69221.5, 24970.0], [69221.0, 8250.0], [69220.0, 300.0], [69219.0, 16580.0], [69218.5, 7210.0], [69216.5, 49270.0], [69215.0, 14330.0], [69214.5, 48000.0], [69211.5, 10.0], [69209.0, 14350.0], [69207.5, 48000.0], [69205.5, 3850.0], [69203.0, 12590.0], [69199.5, 10.0], [69197.5, 13990.0]], "asks": [[69236.0, 23430.0], [69236.5, 210.0], [69239.0, 1800.0], [69244.0, 1500.0], [69244.5, 5030.0], [69245.0, 10.0], [69247.5, 19100.0], [69248.0, 48000.0], [69251.0, 16000.0], [69255.5, 3700.0], [69256.0, 23350.0], [69257.0, 101460.0], [69257.5, 5980.0], [69259.5, 3200.0], [69260.0, 7210.0], [69260.5, 6940.0], [69262.0, 23730.0], [69262.5, 10.0], [69263.0, 102420.0], [69267.0, 22680.0]]}}}
{"jsonrpc": "2.0", "method": "subscription", "params": {"channel": "book.BTC-PERPETUAL.none.20.100ms", "data": {"timestamp": 1770531242017, "change_id": 139339521152, "instrument_name": "BTC-PERPETUAL", "bids": [[69235.5, 45680.0], [69235.0, 5560.0], [69232.0, 5900.0], [69231.5, 8250.0], [69230.5, 11000.0], [69230.0, 500.0], [69229.5, 7210.0], [69229.0, 28740.0], [69228.5, 48000.0], [69228.0, 49270.0], [69225.0, 75290.0], [69222.0, 100.0], [69221.5, 48000.0], [69220.0, 300.0], [69216.5, 6270.0], [69215.5, 25000.0], [69214.5, 48000.0], [69211.5, 10.0], [69208.0, 14100.0], [69207.5, 48000.0]], "asks": [[69236.0, 8000.0], [69240.5, 3050.0], [69241.0, 2360.0], [69243.5, 1000.0], [69244.5, 10.0], [69245.0, 8920.0], [69247.0, 10000.0], [69250.0, 210.0], [69251.5, 2170.0], [69255.5, 11000.0], [69256.5, 16000.0], [69257.0, 48010.0], [69259.5, 75030.0], [69260.0, 27750.0], [69262.5, 10.0], [69263.0, 160.0], [69264.0, 10.0], [69266.5, 49300.0], [69267.5, 48000.0], [69268.5, 7210.0]]}}}
{"jsonrpc": "2.0", "method": "subscription", "params": {"channel": "book.BTC-PERPETUAL.none.20.100ms", "data": {"timestamp": 1770531242347, "change_id": 139339523153, "instrument_name": "BTC-PERPETUAL", "bids": [[69244.0, 49830.0], [69242.5, 2150.0], [69241.5, 7210.0], [69239.0, 22700.0], [69238.5, 48000.0], [69237.5, 20210.0], [69236.0, 55010.0], [69235.5, 233100.0], [69235.0, 300.0], [69230.0, 63600.0], [69228.5, 48000.0], [69226.0, 3830.0], [69225.5, 12540.0], [69225.0, 300.0], [69222.0, 14420.0], [69221.5, 48000.0], [69219.0, 200.0], [69218.0, 6100.0], [69217.5, 12540.0], [69216.5, 20260.0]], "asks": [[69244.5, 7220.0], [69245.0, 10.0], [69248.0, 5000.0], [69252.5, 1000.0], [69254.0, 2760.0], [69254.5, 12540.0], [69255.0, 210.0], [69257.0, 10.0], [69258.5, 18070.0], [69259.0, 59000.0], [69261.0, 12540.0], [69261.5, 16000.0], [69262.5, 10.0], [69265.5, 48750.0], [69266.0, 102780.0], [69267.5, 60540.0], [69273.0, 49300.0], [69274.0, 37450.0], [69276.0, 9240.0], [69277.0, 14330.0]]}}}
{"jsonrpc": "2.0", "method": "subscription", "params": {"channel": "book.BTC-PERPETUAL.none.20.100ms", "data": {"timestamp": 1770531242677, "change_id": 139339525094, "instrument_name": "BTC-PERPETUAL", "bids": [[69244.0, 25630.0], [69241.5, 7210.0], [69239.5, 8750.0], [69239.0, 33700.0], [69238.5, 48000.0], [69237.5, 20210.0], [69237.0, 65720.0], [69236.5, 75000.0], [69235.5, 134580.0], [69235.0, 300.0], [69231.5, 14710.0], [69231.0, 49270.0], [69230.0, 14330.0], [69228.5, 48000.0], [69226.0, 3830.0], [69225.5, 12540.0], [69225.0, 6570.0], [69222.5, 13990.0], [69222.0, 24120.0], [69221.5, 48000.0]], "asks": [[69244.5, 26550.0], [69245.0, 10.0], [69254.0, 2760.0], [69254.5, 12540.0], [69255.0, 210.0], [69257.0, 10.0], [69258.5, 34530.0], [69259.0, 59000.0], [69261.0, 12540.0], [69261.5, 16000.0], [69262.5, 10.0], [69265.5, 43230.0], [69266.0, 19500.0], [69267.0, 75030.0], [69267.5, 60540.0], [69271.5, 14720.0], [69272.0, 49300.0], [69273.5, 11180.0], [69274.0, 37450.0], [69276.0, 9240.0]]}}}
{"jsonrpc": "2.0", "method": "subscription", "params": {"channel": "book.BTC-PERPETUAL.none.20.100ms", "data": {"timestamp": 1770531243003, "change_id": 139339526662, "instrument_name": "BTC-PERPETUAL", "bids": [[69235.5, 64310.0], [69222.5, 11000.0], [69221.0, 500.0], [69220.0, 8550.0], [69219.5, 36160.0], [69219.0, 200.0], [69218.0, 7210.0], [69216.5, 3370.0], [69215.0, 14330.0], [69214.5, 48000.0], [69211.5, 10.0], [69208.5, 90.0], [69205.5, 90.0], [69205.0, 13990.0], [69204.5, 29320.0], [69204.0, 45000.0], [69203.0, 48000.0], [69199.5, 10.0], [69198.5, 6270.0], [69197.0, 10740.0]], "asks": [[69236.0, 107300.0], [69236.5, 150.0], [69237.5, 30650.0], [69238.0, 10.0], [69239.0, 10000.0], [69243.5, 14380.0], [69244.0, 62560.0], [69244.5, 50250.0], [69250.5, 14330.0], [69251.0, 79810.0], [69252.5, 35910.0], [69253.0, 75020.0], [69254.5, 17540.0], [69257.0, 10.0], [69258.0, 40460.0], [69259.0, 48000.0], [69260.0, 7210.0], [69260.5, 49300.0], [69261.0, 12540.0], [69262.5, 10.0]]}}}
{"jsonrpc": "2.0", "method": "subscription", "params": {"channel": "book.BTC-PERPETUAL.none.20.100ms", "data": {"timestamp": 1770531243335, "change_id": 139339528499, "instrument_name": "BTC-PERPETUAL", "bids": [[69235.5, 25540.0], [69234.5, 10000.0], [69221.5, 6050.0], [69221.0, 8250.0], [69220.5, 710.0], [69220.0, 11300.0], [69219.0, 200.0], [69218.5, 2150.0], [69218.0, 7210.0], [69216.0, 11850.0], [69213.5, 49270.0], [69212.5, 36750.0], [69212.0, 74990.0], [69211.5, 10.0], [69210.5, 48000.0], [69209.5, 110.0], [69208.5, 90.0], [69204.5, 18790.0], [69203.5, 14330.0], [69203.0, 48000.0]], "asks": [[69236.0, 127700.0], [69236.5, 48020.0], [69237.0, 58880.0], [69238.0, 10.0], [69238.5, 33510.0], [69241.0, 34040.0], [69241.5, 10980.0], [69243.0, 11000.0], [69244.0, 55500.0], [69244.5, 20000.0], [69249.0, 47960.0], [69250.0, 75030.0], [69251.0, 69150.0], [69252.5, 4340.0], [69253.5, 49300.0], [69254.5, 19750.0], [69257.0, 10.0], [69257.5, 7440.0], [69258.0, 45130.0], [69258.5, 4980.0]]}}}
{"jsonrpc": "2.0", "method": "subscription", "params": {"channel": "book.BTC-PERPETUAL.none.20.100ms", "data": {"timestamp": 1770531243671, "change_id": 139339529794, "instrument_name": "BTC-PERPETUAL", "bids": [[69234.5, 30000.0], [69230.0, 58740.0], [69222.5, 500.0], [69222.0, 3440.0], [69220.5, 210.0], [69220.0, 300.0], [69219.5, 38060.0], [69219.0, 83440.0], [69218.0, 7210.0], [69216.0, 7550.0], [69215.5, 25000.0], [69215.0, 300.0], [69212.5, 27240.0], [69212.0, 48000.0], [69211.5, 10.0], [69211.0, 49270.0], [69209.5, 110.0], [69208.5, 90.0], [69204.5, 6260.0], [69203.5, 19960.0]], "asks": [[69235.0, 53810.0], [69235.5, 68820.0], [69236.0, 56120.0], [69237.0, 10000.0], [69238.0, 8260.0], [69240.5, 16000.0], [69241.0, 14330.0], [69244.0, 48000.0], [69249.0, 47960.0], [69250.0, 80010.0], [69250.5, 49300.0], [69251.0, 60580.0], [69254.5, 44660.0], [69257.0, 10.0], [69258.0, 20220.0], [69259.0, 48000.0], [69261.0, 12540.0], [69262.5, 10.0], [69264.5, 4180.0], [69265.0, 14000.0]]}}}
{"jsonrpc": "2.0", "method": "subscription", "params": {"channel": "book.BTC-PERPETUAL.none.20.100ms", "data": {"timestamp": 1770531244000, "change_id": 139339530551, "instrument_name": "BTC-PERPETUAL", "bids": [[69234.5, 10000.0], [69234.0, 20000.0], [69230.0, 58740.0], [69220.0, 300.0], [69219.5, 11000.0], [69219.0, 700.0], [69218.0, 7210.0], [69217.0, 8250.0], [69216.5, 22380.0], [69216.0, 77540.0], [69215.5, 210.0], [69215.0, 300.0], [69212.5, 14360.0], [69212.0, 48000.0], [69211.5, 10.0], [69209.5, 110.0], [69208.5, 90.0], [69205.5, 30040.0], [69205.0, 49270.0], [69203.0, 48000.0]], "asks": [[69235.0, 113280.0], [69235.5, 90520.0], [69236.0, 14880.0], [69238.0, 10.0], [69240.0, 11000.0], [69240.5, 5000.0], [69241.0, 14330.0], [69244.0, 48000.0], [69247.0, 20510.0], [69247.5, 75030.0], [69249.0, 34020.0], [69249.5, 49300.0], [69251.0, 60580.0], [69252.0, 24910.0], [69254.5, 19750.0], [69257.0, 10.0], [69258.0, 20220.0], [69259.0, 48000.0], [69260.5, 14000.0], [69261.0, 12540.0]]}}}
{"jsonrpc": "2.0", "method": "subscription", "params": {"channel": "book.BTC-PERPETUAL.none.20.100ms", "data": {"timestamp": 1770531244331, "change_id": 139339531317, "instrument_name": "BTC-PERPETUAL", "bids": [[69220.5, 20180.0], [69218.0, 38210.0], [69217.5, 5500.0], [69215.5, 210.0], [69213.0, 500.0], [69211.5, 10.0], [69210.0, 300.0], [69209.5, 110.0], [69208.5, 90.0], [69206.5, 24530.0], [69206.0, 83240.0], [69205.5, 30040.0], [69205.0, 300.0], [69203.0, 48000.0], [69202.5, 49270.0], [69202.0, 3370.0], [69199.5, 10.0], [69195.5, 6260.0], [69193.5, 13990.0], [69193.0, 18180.0]], "asks": [[69221.0, 15110.0], [69230.0, 4780.0], [69230.5, 16000.0], [69232.0, 210.0], [69234.5, 69340.0], [69235.0, 71080.0], [69235.5, 48000.0], [69238.0, 10.0], [69239.0, 5230.0], [69239.5, 12520.0], [69240.5, 80020.0], [69241.0, 21760.0], [69244.0, 48000.0], [69245.0, 17980.0], [69245.5, 49300.0], [69246.0, 12520.0], [69249.0, 4980.0], [69250.5, 14330.0], [69251.0, 57320.0], [69254.0, 14000.0]]}}}
{"jsonrpc": "2.0", "method": "subscription", "params": {"channel": "book.BTC-PERPETUAL.none.20.100ms", "data": {"timestamp": 1770531244663, "change_id": 139339532305, "instrument_name": "BTC-PERPETUAL", "bids": [[69220.5, 15500.0], [69220.0, 20000.0], [69218.0, 7210.0], [69213.5, 11000.0], [69212.0, 24720.0], [69211.5, 10.0], [69211.0, 75000.0], [69210.0, 8550.0], [69209.5, 210.0], [69209.0, 200.0], [69205.5, 27280.0], [69205.0, 300.0], [69203.5, 49270.0], [69203.0, 48000.0], [69200.0, 90.0], [69199.5, 10.0], [69196.5, 12590.0], [69196.0, 37520.0], [69195.5, 6260.0], [69193.5, 13990.0]], "asks": [[69221.0, 51570.0], [69225.5, 210.0], [69227.5, 5050.0], [69228.0, 6910.0], [69229.0, 10000.0], [69232.0, 5750.0], [69232.5, 8250.0], [69233.5, 11000.0], [69234.0, 28520.0], [69234.5, 34380.0], [69235.0, 7290.0], [69235.5, 48000.0], [69238.0, 10.0], [69239.5, 12520.0], [69240.0, 22400.0], [69240.5, 75030.0], [69241.0, 33930.0], [69243.0, 49300.0], [69244.0, 48000.0], [69245.0, 3740.0]]}}}
{"jsonrpc": "2.0", "method": "subscription", "params": {"channel": "book.BTC-PERPETUAL.none.20.100ms", "data": {"timestamp": 1770531244988, "change_id": 139339532925, "instrument_name": "BTC-PERPETUAL", "bids": [[69220.5, 108900.0], [69218.0, 7210.0], [69215.0, 27930.0], [69214.5, 19250.0], [69212.5, 74990.0], [69212.0, 14540.0], [69211.5, 10.0], [69211.0, 48000.0], [69210.0, 300.0], [69209.5, 210.0], [69209.0, 200.0], [69206.0, 14710.0], [69205.5, 63690.0], [69205.0, 300.0], [69203.0, 48000.0], [69202.5, 12520.0], [69202.0, 1900.0], [69201.5, 6260.0], [69200.0, 90.0], [69199.5, 10.0]], "asks": [[69221.0, 17870.0], [69225.5, 210.0], [69226.0, 2390.0], [69226.5, 8000.0], [69230.5, 5450.0], [69231.0, 10000.0], [69233.5, 8250.0], [69234.0, 28520.0], [69234.5, 45380.0], [69235.0, 6660.0], [69235.5, 53000.0], [69238.0, 10.0], [69239.0, 3740.0], [69239.5, 12520.0], [69240.5, 36720.0], [69242.5, 75030.0], [69244.0, 48000.0], [69245.5, 3740.0], [69246.0, 12520.0], [69248.0, 29040.0]]}}}
{"jsonrpc": "2.0", "method": "subscription", "params": {"channel": "book.BTC-PERPETUAL.none.20.100ms", "data": {"timestamp": 1770531245323, "change_id": 139339533399, "instrument_name": "BTC-PERPETUAL", "bids": [[69220.5, 108900.0], [69218.0, 7210.0], [69216.0, 11000.0], [69215.5, 5480.0], [69215.0, 7160.0], [69213.5, 8750.0], [69213.0, 24000.0], [69211.5, 10.0], [69210.0, 300.0], [69209.5, 210.0], [69209.0, 200.0], [69207.0, 37090.0], [69206.5, 74990.0], [69205.5, 53100.0], [69205.0, 300.0], [69202.5, 12520.0], [69202.0, 15360.0], [69201.5, 30260.0], [69200.0, 90.0], [69199.5, 25010.0]], "asks": [[69221.0, 19660.0], [69224.0, 1580.0], [69225.0, 2450.0], [69225.5, 210.0], [69226.5, 8000.0], [69230.5, 5450.0], [69231.0, 10000.0], [69233.5, 22230.0], [69234.0, 24000.0], [69234.5, 11180.0], [69235.0, 6660.0], [69235.5, 5000.0], [69238.0, 10.0], [69239.0, 25660.0], [69239.5, 12520.0], [69240.0, 75030.0], [69241.5, 7160.0], [69242.0, 24000.0], [69245.0, 18450.0], [69245.5, 49300.0]]}}}
{"jsonrpc": "2.0", "method": "subscription", "params": {"channel": "book.BTC-PERPETUAL.none.20.100ms", "data": {"timestamp": 1770531245648, "change_id": 139339534158, "instrument_name": "BTC-PERPETUAL", "bids": [[69220.5, 88910.0], [69220.0, 20000.0], [69218.0, 7210.0], [69216.0, 11000.0], [69215.5, 6480.0], [69215.0, 7160.0], [69213.5, 500.0], [69213.0, 24000.0], [69211.5, 10.0], [69211.0, 2670.0], [69210.5, 8250.0], [69210.0, 300.0], [69209.5, 210.0], [69209.0, 22580.0], [69208.5, 74990.0], [69205.0, 300.0], [69203.5, 14710.0], [69203.0, 49270.0], [69202.0, 15360.0], [69201.5, 36490.0]], "asks": [[69221.0, 28160.0], [69225.5, 210.0], [69229.0, 5070.0], [69229.5, 10000.0], [69230.0, 8250.0], [69231.0, 1890.0], [69232.5, 3280.0], [69233.0, 11000.0], [69233.5, 9210.0], [69234.0, 24000.0], [69234.5, 180.0], [69235.0, 6660.0], [69238.0, 10.0], [69239.0, 25660.0], [69239.5, 12520.0], [69240.5, 75030.0], [69241.5, 7160.0], [69242.0, 24000.0], [69245.0, 18450.0], [69245.5, 49300.0]]}}}
{"jsonrpc": "2.0", "method": "subscription", "params": {"channel": "book.BTC-PERPETUAL.none.20.100ms", "data": {"timestamp": 1770531245987, "change_id": 139339534879, "instrument_name": "BTC-PERPETUAL", "bids": [[69220.5, 109910.0], [69218.5, 19250.0], [69218.0, 7210.0], [69215.0, 10560.0], [69214.5, 6190.0], [69213.0, 24000.0], [69211.5, 10.0], [69211.0, 34350.0], [69210.5, 49270.0], [69210.0, 300.0], [69209.0, 200.0], [69206.5, 74990.0], [69205.0, 300.0], [69203.0, 7430.0], [69202.5, 12510.0], [69202.0, 30980.0], [69201.5, 36490.0], [69200.0, 25090.0], [69199.5, 10.0], [69196.5, 3740.0]], "asks": [[69221.0, 19590.0], [69227.0, 5370.0], [69227.5, 8000.0], [69229.5, 10000.0], [69230.5, 210.0], [69231.0, 1890.0], [69233.5, 10700.0], [69234.5, 24180.0], [69235.0, 6660.0], [69235.5, 11000.0], [69236.0, 5000.0], [69238.0, 7030.0], [69238.5, 8250.0], [69239.5, 12520.0], [69241.0, 29560.0], [69241.5, 75030.0], [69242.0, 24000.0], [69245.5, 3740.0], [69246.0, 12520.0], [69250.0, 14720.0]]}}}
{"jsonrpc": "2.0", "method": "subscription", "params": {"channel": "book.BTC-PERPETUAL.none.20.100ms", "data": {"timestamp": 1770531246317, "change_id": 139339535650, "instrument_name": "BTC-PERPETUAL", "bids": [[69220.5, 88730.0], [69213.5, 11000.0], [69212.5, 1000.0], [69211.5, 10.0], [69210.0, 300.0], [69208.5, 210.0], [69208.0, 7210.0], [69206.0, 8750.0], [69205.0, 300.0], [69203.5, 22380.0], [69203.0, 74990.0], [69201.0, 21190.0], [69200.0, 90.0], [69199.5, 24010.0], [69198.5, 49270.0], [69193.0, 1900.0], [69192.5, 6360.0], [69191.0, 21710.0], [69190.5, 27370.0], [69190.0, 14000.0]], "asks": [[69221.0, 45940.0], [69225.0, 210.0], [69226.0, 2460.0], [69226.5, 8250.0], [69227.5, 24000.0], [69231.0, 1890.0], [69232.0, 3280.0], [69232.5, 11000.0], [69233.5, 31720.0], [69234.5, 24180.0], [69235.0, 6660.0], [69236.0, 5000.0], [69238.0, 25900.0], [69238.5, 49300.0], [69239.0, 99940.0], [69239.5, 12520.0], [69241.5, 7160.0], [69242.0, 24000.0], [69245.5, 3740.0], [69246.0, 12520.0]]}}}
{"jsonrpc": "2.0", "method": "subscription", "params": {"channel": "book.BTC-PERPETUAL.none.20.100ms", "data": {"timestamp": 1770531246642, "change_id": 139339537144, "instrument_name": "BTC-PERPETUAL", "bids": [[69214.5, 10000.0], [69213.5, 680.0], [69211.5, 10.0], [69201.5, 11210.0], [69201.0, 1000.0], [69200.5, 10700.0], [69200.0, 20300.0], [69199.5, 10.0], [69199.0, 7210.0], [69198.0, 31170.0], [69197.5, 24000.0], [69195.0, 84040.0], [69194.5, 210.0], [69193.0, 110.0], [69191.5, 23000.0], [69191.0, 49370.0], [69190.5, 24000.0], [69187.0, 3480.0], [69186.5, 12470.0], [69184.0, 10860.0]], "asks": [[69215.0, 48330.0], [69215.5, 2460.0], [69219.5, 8250.0], [69220.0, 26820.0], [69220.5, 33410.0], [69221.0, 63870.0], [69226.5, 29560.0], [69227.0, 75020.0], [69227.5, 24000.0], [69230.0, 15280.0], [69230.5, 49300.0], [69231.0, 1890.0], [69233.5, 12500.0], [69234.0, 16590.0], [69234.5, 24000.0], [69236.5, 24910.0], [69238.0, 10.0], [69238.5, 3740.0], [69239.5, 12520.0], [69241.5, 23320.0]]}}}
{"jsonrpc": "2.0", "method": "subscription", "params": {"channel": "book.BTC-PERPETUAL.none.20.100ms", "data": {"timestamp": 1770531246860, "change_id": 139339538249, "instrument_name": "BTC-PERPETUAL", "bids": [[69214.5, 10000.0], [69213.5, 680.0], [69211.5, 10.0], [69203.0, 5970.0], [69202.5, 20000.0], [69202.0, 8500.0], [69201.5, 11210.0], [69201.0, 9750.0], [69200.0, 300.0], [69199.5, 5490.0], [69199.0, 7210.0], [69198.5, 7250.0], [69197.5, 24000.0], [69195.0, 300.0], [69194.5, 210.0], [69192.5, 22410.0], [69192.0, 74990.0], [69191.5, 23000.0], [69191.0, 49370.0], [69190.5, 24000.0]], "asks": [[69233.5, 12500.0], [69234.5, 24000.0], [69236.5, 24910.0], [69238.0, 10.0], [69238.5, 3740.0], [69239.5, 12520.0], [69242.0, 24000.0], [69244.0, 3700.0], [69245.5, 14000.0], [69246.0, 12520.0], [69251.0, 3770.0], [69253.0, 100.0], [69254.5, 12540.0], [69256.0, 13440.0], [69256.5, 45000.0], [69257.0, 10.0], [69261.0, 12540.0], [69262.5, 10.0], [69264.5, 73030.0], [69267.0, 3740.0]]}}}
{"jsonrpc": "2.0", "method": "subscription", "params": {"channel": "book.BTC-PERPETUAL.none.20.100ms", "data": {"timestamp": 1770531247284, "change_id": 139339540875, "instrument_name": "BTC-PERPETUAL", "bids": [[69239.0, 30790.0], [69233.0, 19500.0], [69227.5, 7160.0], [69227.0, 24000.0], [69225.0, 300.0], [69224.5, 1000.0], [69224.0, 25970.0], [69220.0, 24300.0], [69217.0, 6260.0], [69215.5, 63610.0], [69215.0, 55500.0], [69214.5, 85460.0], [69214.0, 210.0], [69213.5, 680.0], [69212.0, 25000.0], [69210.5, 7160.0], [69210.0, 24000.0], [69203.5, 8250.0], [69203.0, 28700.0], [69200.5, 290.0]], "asks": [[69239.5, 20830.0], [69245.5, 14680.0], [69248.5, 12990.0], [69249.0, 10000.0], [69260.0, 4400.0], [69260.5, 3740.0], [69261.0, 24000.0], [69271.0, 24910.0], [69275.5, 75020.0], [69277.5, 10.0], [69280.0, 950.0], [69287.5, 10.0], [69289.0, 100.0], [69294.0, 24000.0], [69296.5, 8090.0], [69297.5, 30.0], [69299.5, 20780.0], [69301.5, 3890.0], [69302.0, 12540.0], [69303.0, 500.0]]}}}
{"jsonrpc": "2.0", "method": "subscription", "params": {"channel": "book.BTC-PERPETUAL.none.20.100ms", "data": {"timestamp": 1770531247639, "change_id": 139339542824, "instrument_name": "BTC-PERPETUAL", "bids": [[69246.0, 10000.0], [69242.5, 15180.0], [69239.0, 13370.0], [69235.0, 300.0], [69234.5, 19250.0], [69233.5, 500.0], [69233.0, 19500.0], [69231.5, 5500.0], [69230.0, 300.0], [69229.5, 210.0], [69228.5, 44890.0], [69228.0, 136760.0], [69227.5, 24000.0], [69222.0, 18360.0], [69221.5, 25000.0], [69221.0, 12500.0], [69220.0, 24000.0], [69216.0, 8110.0], [69214.5, 12500.0], [69214.0, 13990.0]], "asks": [[69246.5, 8510.0], [69248.0, 2990.0], [69249.0, 10000.0], [69252.0, 9550.0], [69253.5, 24000.0], [69256.5, 8690.0], [69257.0, 19250.0], [69258.0, 12500.0], [69260.0, 1490.0], [69260.5, 5000.0], [69261.5, 32020.0], [69262.0, 24000.0], [69264.0, 75030.0], [69264.5, 12500.0], [69270.5, 3730.0], [69271.0, 12500.0], [69272.0, 20990.0], [69272.5, 24000.0], [69273.0, 100.0], [69275.0, 49300.0]]}}}
{"jsonrpc": "2.0", "method": "subscription", "params": {"channel": "book.BTC-PERPETUAL.none.20.100ms", "data": {"timestamp": 1770531247973, "change_id": 139339544126, "instrument_name": "BTC-PERPETUAL", "bids": [[69246.0, 25610.0], [69239.5, 8750.0], [69239.0, 8510.0], [69236.0, 13150.0], [69235.5, 11000.0], [69235.0, 300.0], [69234.5, 24000.0], [69233.5, 20620.0], [69233.0, 19500.0], [69230.0, 300.0], [69229.5, 210.0], [69228.0, 12500.0], [69227.5, 24000.0], [69226.5, 290.0], [69222.0, 10900.0], [69221.0, 12500.0], [69220.0, 24000.0], [69217.5, 25000.0], [69216.5, 110.0], [69216.0, 8110.0]], "asks": [[69246.5, 34120.0], [69248.0, 2990.0], [69249.0, 10000.0], [69253.0, 20000.0], [69255.5, 11000.0], [69256.5, 3730.0], [69258.0, 12500.0], [69260.0, 6980.0], [69260.5, 5000.0], [69264.5, 12500.0], [69268.5, 75030.0], [69271.0, 12500.0], [69272.0, 7160.0], [69272.5, 24000.0], [69273.0, 100.0], [69276.5, 18450.0], [69277.0, 49300.0], [69277.5, 10.0], [69278.0, 12500.0], [69279.5, 270.0]]}}}
{"jsonrpc": "2.0", "method": "subscription", "params": {"channel": "book.BTC-PERPETUAL.none.20.100ms", "data": {"timestamp": 1770531248304, "change_id": 139339546181, "instrument_name": "BTC-PERPETUAL", "bids": [[69246.0, 163400.0], [69245.0, 25000.0], [69242.0, 74990.0], [69241.5, 24000.0], [69241.0, 210.0], [69239.5, 49270.0], [69239.0, 7210.0], [69235.5, 7250.0], [69235.0, 5820.0], [69234.5, 24000.0], [69230.0, 300.0], [69228.5, 15610.0], [69228.0, 12500.0], [69227.5, 24000.0], [69227.0, 20200.0], [69226.5, 290.0], [69223.0, 24330.0], [69222.5, 45000.0], [69221.0, 12500.0], [69220.0, 24000.0]], "asks": [[69246.5, 960.0], [69248.0, 2990.0], [69249.0, 10000.0], [69257.5, 3730.0], [69258.0, 12500.0], [69258.5, 5070.0], [69259.0, 10000.0], [69259.5, 8000.0], [69261.0, 5000.0], [69263.0, 6590.0], [69264.0, 11210.0], [69264.5, 12500.0], [69265.0, 7160.0], [69265.5, 24000.0], [69268.5, 5720.0], [69270.5, 8250.0], [69271.0, 12500.0], [69272.0, 7160.0], [69272.5, 24000.0], [69273.0, 100.0]]}}}
{"jsonrpc": "2.0", "method": "subscription", "params": {"channel": "book.BTC-PERPETUAL.none.20.100ms", "data": {"timestamp": 1770531248622, "change_id": 139339547295, "instrument_name": "BTC-PERPETUAL", "bids": [[69246.0, 163410.0], [69242.0, 74990.0], [69241.5, 24000.0], [69241.0, 210.0], [69240.5, 4850.0], [69240.0, 49270.0], [69239.0, 7210.0], [69235.5, 7250.0], [69235.0, 300.0], [69234.5, 24000.0], [69230.0, 300.0], [69229.0, 13990.0], [69228.5, 15610.0], [69228.0, 12500.0], [69227.5, 24000.0], [69227.0, 6210.0], [69223.0, 24330.0], [69222.5, 45000.0], [69221.0, 12500.0], [69220.0, 24000.0]], "asks": [[69246.5, 1520.0], [69248.0, 2990.0], [69249.0, 10000.0], [69257.5, 3730.0], [69258.0, 12500.0], [69258.5, 5070.0], [69259.0, 10000.0], [69259.5, 8000.0], [69261.0, 5000.0], [69263.0, 6590.0], [69264.0, 210.0], [69264.5, 12500.0], [69265.0, 18160.0], [69265.5, 24000.0], [69268.0, 8250.0], [69268.5, 3730.0], [69271.0, 12500.0], [69272.0, 28670.0], [69272.5, 24000.0], [69273.0, 100.0]]}}}
{"jsonrpc": "2.0", "method": "subscription", "params": {"channel": "book.BTC-PERPETUAL.none.20.100ms", "data": {"timestamp": 1770531248964, "change_id": 139339548408, "instrument_name": "BTC-PERPETUAL", "bids": [[69246.0, 291960.0], [69245.0, 5520.0], [69242.5, 25000.0], [69241.5, 24000.0], [69240.5, 4850.0], [69239.0, 7210.0], [69236.0, 13990.0], [69235.5, 7250.0], [69235.0, 300.0], [69234.5, 24000.0], [69230.0, 300.0], [69228.5, 15610.0], [69228.0, 12500.0], [69227.5, 24000.0], [69227.0, 6210.0], [69223.0, 24330.0], [69222.5, 45000.0], [69221.0, 12500.0], [69220.0, 24000.0], [69216.5, 110.0]], "asks": [[69246.5, 1520.0], [69249.0, 10000.0], [69264.0, 210.0], [69265.0, 3730.0], [69265.5, 16490.0], [69268.5, 8690.0], [69271.0, 12500.0], [69272.0, 38160.0], [69272.5, 24000.0], [69273.0, 100.0], [69275.0, 8250.0], [69276.5, 3730.0], [69277.5, 10.0], [69278.0, 12500.0], [69280.0, 950.0], [69280.5, 28650.0], [69282.5, 102760.0], [69283.0, 12500.0], [69287.5, 14810.0], [69288.0, 49300.0]]}}}
{"jsonrpc": "2.0", "method": "subscription", "params": {"channel": "book.BTC-PERPETUAL.none.20.100ms", "data": {"timestamp": 1770531249286, "change_id": 139339549577, "instrument_name": "BTC-PERPETUAL", "bids": [[69246.0, 214920.0], [69244.0, 31000.0], [69242.0, 124260.0], [69241.5, 24000.0], [69240.5, 4850.0], [69239.5, 2150.0], [69239.0, 7210.0], [69236.5, 7250.0], [69235.0, 300.0], [69234.5, 24000.0], [69231.0, 4270.0], [69230.5, 13990.0], [69230.0, 300.0], [69228.5, 15610.0], [69228.0, 12500.0], [69227.5, 24000.0], [69227.0, 6210.0], [69223.0, 24330.0], [69222.5, 45000.0], [69221.0, 12500.0]], "asks": [[69246.5, 1520.0], [69249.0, 10000.0], [69259.5, 1190.0], [69260.0, 4000.0], [69262.0, 6840.0], [69264.0, 210.0], [69265.0, 29940.0], [69265.5, 12490.0], [69267.0, 5000.0], [69268.0, 11000.0], [69268.5, 14340.0], [69270.0, 20000.0], [69271.0, 12500.0], [69271.5, 8250.0], [69272.0, 7160.0], [69272.5, 24000.0], [69273.0, 100.0], [69275.5, 27800.0], [69277.5, 75040.0], [69278.0, 12500.0]]}}}
{"jsonrpc": "2.0", "method": "subscription", "params": {"channel": "book.BTC-PERPETUAL.none.20.100ms", "data": {"timestamp": 1770531249622, "change_id": 139339550478, "instrument_name": "BTC-PERPETUAL", "bids": [[69246.0, 195440.0], [69244.5, 31000.0], [69243.0, 74990.0], [69242.5, 49270.0], [69241.5, 24000.0], [69240.5, 4850.0], [69239.5, 2150.0], [69239.0, 7210.0], [69236.5, 7250.0], [69235.0, 300.0], [69234.5, 24000.0], [69232.0, 4270.0], [69231.5, 13990.0], [69230.0, 300.0], [69228.5, 15610.0], [69228.0, 12500.0], [69227.5, 24000.0], [69227.0, 6210.0], [69225.0, 7460.0], [69224.5, 25000.0]], "asks": [[69246.5, 11670.0], [69249.0, 10000.0], [69259.5, 1190.0], [69260.0, 4000.0], [69262.0, 6840.0], [69264.0, 210.0], [69265.0, 34520.0], [69265.5, 12490.0], [69266.5, 20000.0], [69268.5, 11000.0], [69269.0, 6190.0], [69271.0, 12500.0], [69271.5, 8250.0], [69272.0, 7160.0], [69272.5, 24000.0], [69273.0, 100.0], [69275.5, 27800.0], [69277.5, 75040.0], [69278.0, 12500.0], [69280.0, 950.0]]}}}
{"jsonrpc": "2.0", "method": "subscription", "params": {"channel": "book.BTC-PERPETUAL.none.20.100ms", "data": {"timestamp": 1770531249958, "change_id": 139339551713, "instrument_name": "BTC-PERPETUAL", "bids": [[69246.0, 195440.0], [69244.5, 49200.0], [69244.0, 74990.0], [69242.5, 49270.0], [69241.5, 24000.0], [69240.5, 4850.0], [69239.5, 9340.0], [69239.0, 32210.0], [69236.5, 7250.0], [69235.0, 14290.0], [69234.5, 24000.0], [69230.0, 300.0], [69228.5, 15610.0], [69228.0, 12500.0], [69227.5, 24000.0], [69227.0, 6210.0], [69223.0, 24330.0], [69222.5, 45000.0], [69221.0, 12500.0], [69220.0, 24000.0]], "asks": [[69246.5, 11670.0], [69249.0, 10000.0], [69259.5, 4030.0], [69260.0, 4000.0], [69260.5, 10000.0], [69262.0, 6840.0], [69264.0, 210.0], [69265.0, 34520.0], [69265.5, 12490.0], [69266.5, 20000.0], [69268.0, 5000.0], [69269.0, 8690.0], [69270.5, 11000.0], [69271.0, 12500.0], [69271.5, 8250.0], [69272.0, 7160.0], [69272.5, 24000.0], [69273.0, 100.0], [69275.5, 27800.0], [69277.5, 75040.0]]}}}
{"jsonrpc": "2.0", "method": "subscription", "params": {"channel": "book.BTC-PERPETUAL.none.20.100ms", "data": {"timestamp": 1770531250288, "change_id": 139339553182, "instrument_name": "BTC-PERPETUAL", "bids": [[69246.0, 161340.0], [69245.0, 74990.0], [69244.5, 31000.0], [69242.5, 49270.0], [69241.5, 24000.0], [69240.5, 4850.0], [69240.0, 9610.0], [69239.5, 25000.0], [69239.0, 7210.0], [69236.5, 7250.0], [69235.0, 300.0], [69234.5, 24000.0], [69233.0, 4270.0], [69230.5, 13990.0], [69230.0, 300.0], [69228.5, 15610.0], [69228.0, 12500.0], [69227.5, 24000.0], [69227.0, 6210.0], [69223.0, 24330.0]], "asks": [[69246.5, 11670.0], [69249.0, 10000.0], [69259.5, 4030.0], [69260.0, 4000.0], [69260.5, 10000.0], [69264.0, 210.0], [69265.0, 5220.0], [69265.5, 12490.0], [69266.0, 20000.0], [69268.0, 5000.0], [69269.0, 6190.0], [69270.5, 11000.0], [69271.0, 12500.0], [69271.5, 8250.0], [69272.0, 7160.0], [69272.5, 24000.0], [69273.0, 100.0], [69277.5, 10.0], [69278.0, 12500.0], [69280.0, 950.0]]}}}
{"jsonrpc": "2.0", "method": "subscription", "params": {"channel": "book.BTC-PERPETUAL.none.20.100ms", "data": {"timestamp": 1770531250606, "change_id": 139339554008, "instrument_name": "BTC-PERPETUAL", "bids": [[69246.0, 161350.0], [69245.0, 49270.0], [69244.5, 31000.0], [69242.0, 74990.0], [69241.5, 24000.0], [69240.5, 4850.0], [69240.0, 9610.0], [69239.0, 7210.0], [69238.5, 25000.0], [69236.5, 10500.0], [69235.0, 300.0], [69234.5, 24000.0], [69233.5, 13990.0], [69230.0, 300.0], [69228.5, 15610.0], [69228.0, 12500.0], [69227.5, 24000.0], [69227.0, 6210.0], [69223.0, 24330.0], [69222.5, 45000.0]], "asks": [[69246.5, 11670.0], [69249.0, 10000.0], [69259.5, 4030.0], [69260.0, 4000.0], [69260.5, 10000.0], [69264.0, 210.0], [69265.0, 5220.0], [69265.5, 12490.0], [69268.0, 5000.0], [69269.0, 6190.0], [69270.5, 11000.0], [69271.0, 12500.0], [69272.0, 15410.0], [69272.5, 24000.0], [69273.0, 100.0], [69277.5, 75040.0], [69278.0, 12500.0], [69280.0, 950.0], [69281.5, 7160.0], [69282.5, 27730.0]]}}}
{"jsonrpc": "2.0", "method": "subscription", "params": {"channel": "book.BTC-PERPETUAL.none.20.100ms", "data": {"timestamp": 1770531250935, "change_id": 139339554449, "instrument_name": "BTC-PERPETUAL", "bids": [[69246.0, 160350.0], [69245.5, 45700.0], [69242.5, 49270.0], [69242.0, 74990.0], [69241.5, 24000.0], [69240.5, 4850.0], [69240.0, 2150.0], [69239.0, 7210.0], [69237.0, 14720.0], [69236.5, 25000.0], [69235.0, 300.0], [69234.5, 24000.0], [69231.0, 4270.0], [69230.5, 13990.0], [69230.0, 300.0], [69228.5, 15610.0], [69228.0, 12500.0], [69227.5, 24000.0], [69227.0, 6210.0], [69223.0, 24330.0]], "asks": [[69246.5, 26150.0], [69248.5, 2990.0], [69249.0, 10000.0], [69259.0, 4180.0], [69259.5, 10000.0], [69260.0, 4000.0], [69264.0, 210.0], [69264.5, 7160.0], [69265.0, 27730.0], [69265.5, 12490.0], [69268.5, 11000.0], [69269.0, 6190.0], [69270.0, 8250.0], [69271.0, 12500.0], [69272.0, 7160.0], [69272.5, 24000.0], [69273.0, 100.0], [69277.5, 75040.0], [69278.0, 12500.0], [69280.0, 950.0]]}}}
{"jsonrpc": "2.0", "method": "subscription", "params": {"channel": "book.BTC-PERPETUAL.none.20.100ms", "data": {"timestamp": 1770531251272, "change_id": 139339555155, "instrument_name": "BTC-PERPETUAL", "bids": [[69246.0, 160350.0], [69245.5, 45700.0], [69242.0, 74990.0], [69241.5, 24000.0], [69241.0, 49270.0], [69240.5, 4850.0], [69240.0, 2150.0], [69239.0, 7210.0], [69237.0, 14720.0], [69235.5, 25000.0], [69235.0, 300.0], [69234.5, 24000.0], [69231.0, 4270.0], [69230.5, 13990.0], [69230.0, 300.0], [69228.5, 15610.0], [69228.0, 12500.0], [69227.5, 24000.0], [69227.0, 6210.0], [69223.0, 24330.0]], "asks": [[69246.5, 26150.0], [69248.5, 2990.0], [69249.0, 10000.0], [69259.0, 4180.0], [69259.5, 10000.0], [69260.0, 4000.0], [69264.0, 13340.0], [69264.5, 20000.0], [69265.0, 27730.0], [69265.5, 12490.0], [69266.5, 11000.0], [69267.0, 5000.0], [69268.5, 8250.0], [69271.0, 12500.0], [69272.0, 7160.0], [69272.5, 24000.0], [69273.0, 100.0], [69277.5, 75040.0], [69278.0, 12500.0], [69280.0, 950.0]]}}}
{"jsonrpc": "2.0", "method": "subscription", "params": {"channel": "book.BTC-PERPETUAL.none.20.100ms", "data": {"timestamp": 1770531251587, "change_id": 139339555740, "instrument_name": "BTC-PERPETUAL", "bids": [[69246.0, 160350.0], [69245.5, 45700.0], [69242.0, 74990.0], [69241.5, 24000.0], [69241.0, 49270.0], [69240.5, 4850.0], [69240.0, 2150.0], [69239.0, 7210.0], [69237.0, 14720.0], [69236.0, 25000.0], [69235.0, 300.0], [69234.5, 24000.0], [69231.0, 4270.0], [69230.5, 13990.0], [69230.0, 300.0], [69228.5, 15610.0], [69228.0, 12500.0], [69227.5, 24000.0], [69227.0, 12430.0], [69223.0, 24330.0]], "asks": [[69246.5, 16000.0], [69248.5, 2990.0], [69249.0, 10000.0], [69259.0, 4180.0], [69259.5, 10000.0], [69260.0, 4000.0], [69264.0, 13340.0], [69264.5, 20000.0], [69265.0, 27730.0], [69265.5, 12490.0], [69267.0, 5000.0], [69270.0, 11000.0], [69270.5, 8250.0], [69271.0, 12500.0], [69272.0, 7160.0], [69272.5, 24000.0], [69273.0, 100.0], [69276.5, 75030.0], [69277.5, 10.0], [69278.0, 12500.0]]}}}
{"jsonrpc": "2.0", "method": "subscription", "params": {"channel": "book.BTC-PERPETUAL.none.20.100ms", "data": {"timestamp": 1770531251921, "change_id": 139339556195, "instrument_name": "BTC-PERPETUAL", "bids": [[69246.0, 160350.0], [69245.5, 31000.0], [69243.0, 74990.0], [69242.5, 49270.0], [69241.5, 24000.0], [69240.5, 4850.0], [69240.0, 2150.0], [69239.0, 7210.0], [69237.0, 14720.0], [69235.0, 25300.0], [69234.5, 24000.0], [69233.5, 210.0], [69232.0, 4270.0], [69231.5, 13990.0], [69230.0, 300.0], [69228.5, 15610.0], [69228.0, 12500.0], [69227.5, 24000.0], [69227.0, 12430.0], [69223.0, 24330.0]], "asks": [[69246.5, 16000.0], [69248.5, 2990.0], [69249.0, 10000.0], [69259.0, 4180.0], [69259.5, 10000.0], [69260.0, 4000.0], [69264.0, 13340.0], [69264.5, 20000.0], [69265.0, 27730.0], [69265.5, 12490.0], [69267.0, 5000.0], [69270.5, 19250.0], [69271.0, 12500.0], [69272.0, 7160.0], [69272.5, 24000.0], [69273.0, 100.0], [69277.5, 75040.0], [69278.0, 12500.0], [69280.0, 950.0], [69281.5, 7160.0]]}}}
{"jsonrpc": "2.0", "method": "subscription", "params": {"channel": "book.BTC-PERPETUAL.none.20.100ms", "data": {"timestamp": 1770531252272, "change_id": 139339556658, "instrument_name": "BTC-PERPETUAL", "bids": [[69246.0, 160350.0], [69245.5, 31000.0], [69243.0, 74990.0], [69242.5, 49270.0], [69241.5, 24000.0], [69240.5, 4850.0], [69240.0, 2150.0], [69239.0, 7210.0], [69237.0, 14720.0], [69235.0, 300.0], [69234.5, 24000.0], [69234.0, 25000.0], [69233.5, 210.0], [69232.0, 4270.0], [69231.5, 13990.0], [69230.0, 300.0], [69228.5, 15610.0], [69228.0, 12500.0], [69227.5, 24000.0], [69227.0, 12430.0]], "asks": [[69246.5, 16000.0], [69249.0, 10000.0], [69259.0, 4180.0], [69259.5, 10000.0], [69260.0, 4000.0], [69264.0, 13340.0], [69264.5, 20000.0], [69265.0, 27730.0], [69265.5, 12490.0], [69267.0, 5000.0], [69270.5, 11000.0], [69271.0, 12500.0], [69271.5, 8250.0], [69272.0, 7160.0], [69272.5, 24000.0], [69273.0, 100.0], [69277.5, 75040.0], [69278.0, 12500.0], [69280.0, 950.0], [69281.5, 7160.0]]}}}
{"jsonrpc": "2.0", "method": "subscription", "params": {"channel": "book.BTC-PERPETUAL.none.20.100ms", "data": {"timestamp": 1770531252600, "change_id": 139339557374, "instrument_name": "BTC-PERPETUAL", "bids": [[69246.0, 160350.0], [69245.5, 31000.0], [69243.0, 74990.0], [69242.5, 49270.0], [69241.5, 24000.0], [69240.5, 14460.0], [69239.0, 32210.0], [69235.5, 11490.0], [69235.0, 14290.0], [69234.5, 24000.0], [69233.5, 210.0], [69230.0, 300.0], [69228.5, 15610.0], [69228.0, 12500.0], [69227.5, 24000.0], [69227.0, 12430.0], [69223.0, 24330.0], [69222.5, 45000.0], [69221.0, 12500.0], [69220.0, 24000.0]], "asks": [[69246.5, 16000.0], [69249.0, 10000.0], [69259.0, 4180.0], [69259.5, 10000.0], [69260.0, 4000.0], [69264.0, 13340.0], [69264.5, 20000.0], [69265.0, 27730.0], [69265.5, 12490.0], [69267.0, 5000.0], [69270.5, 11000.0], [69271.0, 12500.0], [69271.5, 8250.0], [69272.0, 7160.0], [69272.5, 24000.0], [69273.0, 100.0], [69277.5, 75040.0], [69278.0, 12500.0], [69280.0, 950.0], [69282.5, 27730.0]]}}}
{"jsonrpc": "2.0", "method": "subscription", "params": {"channel": "book.BTC-PERPETUAL.none.20.100ms", "data": {"timestamp": 1770531252934, "change_id": 139339557836, "instrument_name": "BTC-PERPETUAL", "bids": [[69246.0, 233830.0], [69245.5, 31000.0], [69243.5, 74990.0], [69241.5, 24000.0], [69240.5, 14460.0], [69239.0, 7210.0], [69238.0, 25000.0], [69235.5, 11490.0], [69235.0, 14290.0], [69234.5, 24000.0], [69233.5, 210.0], [69230.0, 300.0], [69228.5, 15610.0], [69228.0, 12500.0], [69227.5, 24000.0], [69227.0, 12430.0], [69223.0, 24330.0], [69222.5, 45000.0], [69221.0, 12500.0], [69220.0, 24000.0]], "asks": [[69246.5, 16000.0], [69249.0, 10000.0], [69259.0, 4180.0], [69259.5, 10000.0], [69260.0, 4000.0], [69264.0, 13340.0], [69264.5, 20000.0], [69265.0, 27730.0], [69265.5, 12490.0], [69267.0, 5000.0], [69270.5, 11000.0], [69271.0, 12500.0], [69272.0, 15410.0], [69272.5, 24000.0], [69273.0, 100.0], [69277.0, 19500.0], [69277.5, 75040.0], [69278.0, 12500.0], [69280.0, 950.0], [69282.5, 27730.0]]}}}
{"jsonrpc": "2.0", "method": "subscription", "params": {"channel": "book.BTC-PERPETUAL.none.20.100ms", "data": {"timestamp": 1770531253263, "change_id": 139339558639, "instrument_name": "BTC-PERPETUAL", "bids": [[69246.0, 252030.0], [69245.5, 31000.0], [69242.5, 49270.0], [69241.5, 24000.0], [69240.5, 7000.0], [69239.0, 7210.0], [69236.0, 14780.0], [69235.5, 25000.0], [69235.0, 300.0], [69234.5, 24000.0], [69234.0, 13990.0], [69233.5, 210.0], [69230.0, 300.0], [69228.5, 15610.0], [69228.0, 12500.0], [69227.5, 24000.0], [69227.0, 12430.0], [69223.0, 24330.0], [69222.5, 45000.0], [69221.0, 12500.0]], "asks": [[69246.5, 16000.0], [69248.5, 2990.0], [69249.0, 10000.0], [69259.0, 4180.0], [69259.5, 10000.0], [69260.0, 4000.0], [69264.0, 13340.0], [69264.5, 20000.0], [69265.0, 27730.0], [69265.5, 12490.0], [69267.0, 5000.0], [69270.0, 8250.0], [69270.5, 11000.0], [69271.0, 12500.0], [69272.0, 7160.0], [69272.5, 24000.0], [69273.0, 100.0], [69277.0, 19500.0], [69277.5, 10.0], [69278.0, 12500.0]]}}}
{"jsonrpc": "2.0", "method": "subscription", "params": {"channel": "book.BTC-PERPETUAL.none.20.100ms", "data": {"timestamp": 1770531253592, "change_id": 139339559413, "instrument_name": "BTC-PERPETUAL", "bids": [[69246.0, 265050.0], [69245.5, 31000.0], [69242.5, 49270.0], [69241.5, 24000.0], [69240.5, 7000.0], [69239.0, 7210.0], [69236.0, 14780.0], [69235.0, 25300.0], [69234.5, 24000.0], [69233.5, 210.0], [69232.0, 4270.0], [69231.5, 13990.0], [69230.0, 300.0], [69228.5, 15610.0], [69228.0, 12500.0], [69227.5, 24000.0], [69227.0, 12430.0], [69223.0, 24330.0], [69222.5, 45000.0], [69221.0, 12500.0]], "asks": [[69246.5, 16000.0], [69248.5, 2990.0], [69249.0, 10000.0], [69258.0, 4180.0], [69258.5, 10000.0], [69260.0, 4000.0], [69264.0, 13340.0], [69264.5, 20000.0], [69265.0, 27730.0], [69265.5, 12490.0], [69267.0, 5000.0], [69270.5, 19250.0], [69271.0, 12500.0], [69272.0, 7160.0], [69272.5, 24000.0], [69273.0, 100.0], [69277.0, 19500.0], [69277.5, 10.0], [69278.0, 12500.0], [69280.0, 950.0]]}}}
{"jsonrpc": "2.0", "method": "subscription", "params": {"channel": "book.BTC-PERPETUAL.none.20.100ms", "data": {"timestamp": 1770531253924, "change_id": 139339559831, "instrument_name": "BTC-PERPETUAL", "bids": [[69246.0, 265050.0], [69245.5, 31000.0], [69242.5, 49270.0], [69241.5, 24000.0], [69240.5, 7000.0], [69239.0, 7210.0], [69236.0, 14780.0], [69235.0, 300.0], [69234.5, 49000.0], [69233.5, 210.0], [69231.0, 4270.0], [69230.5, 13990.0], [69230.0, 300.0], [69228.5, 15610.0], [69228.0, 12500.0], [69227.5, 24000.0], [69227.0, 12430.0], [69223.0, 24330.0], [69222.5, 45000.0], [69221.0, 12500.0]], "asks": [[69246.5, 16000.0], [69249.0, 10000.0], [69258.0, 4180.0], [69258.5, 10000.0], [69260.0, 4000.0], [69264.0, 13340.0], [69264.5, 20000.0], [69265.0, 27730.0], [69265.5, 12490.0], [69267.0, 5000.0], [69270.0, 8250.0], [69270.5, 11000.0], [69271.0, 12500.0], [69272.0, 7160.0], [69272.5, 24000.0], [69273.0, 100.0], [69277.0, 19500.0], [69277.5, 10.0], [69278.0, 12500.0], [69280.0, 950.0]]}}}
{"jsonrpc": "2.0", "method": "subscription", "params": {"channel": "book.BTC-PERPETUAL.none.20.100ms", "data": {"timestamp": 1770531254257, "change_id": 139339561581, "instrument_name": "BTC-PERPETUAL", "bids": [[69246.0, 290.0], [69244.5, 10000.0], [69240.5, 4850.0], [69238.5, 7210.0], [69234.0, 500.0], [69232.0, 210.0], [69231.5, 3670.0], [69231.0, 11000.0], [69230.5, 1000.0], [69230.0, 31170.0], [69229.5, 16380.0], [69228.5, 74990.0], [69228.0, 12500.0], [69227.5, 8250.0], [69224.0, 19490.0], [69223.5, 9240.0], [69223.0, 10.0], [69221.0, 12500.0], [69216.5, 49380.0], [69216.0, 24000.0]], "asks": [[69246.5, 83250.0], [69248.0, 24000.0], [69248.5, 8070.0], [69249.0, 44030.0], [69254.5, 7160.0], [69255.0, 24000.0], [69259.0, 25090.0], [69260.5, 20000.0], [69261.0, 9240.0], [69261.5, 78720.0], [69262.0, 24000.0], [69264.5, 11000.0], [69267.0, 75030.0], [69267.5, 12420.0], [69269.5, 24000.0], [69271.0, 12500.0], [69273.0, 100.0], [69274.5, 45000.0], [69276.0, 14000.0], [69276.5, 7210.0]]}}}
{"jsonrpc": "2.0", "method": "subscription", "params": {"channel": "book.BTC-PERPETUAL.none.20.100ms", "data": {"timestamp": 1770531254585, "change_id": 139339562812, "instrument_name": "BTC-PERPETUAL", "bids": [[69240.5, 40870.0], [69239.0, 20000.0], [69238.5, 40470.0], [69231.0, 2150.0], [69226.0, 6130.0], [69225.5, 500.0], [69225.0, 1300.0], [69222.0, 54840.0], [69221.5, 21620.0], [69221.0, 12710.0], [69220.5, 24000.0], [69216.5, 49380.0], [69214.5, 12500.0], [69213.5, 24680.0], [69213.0, 25000.0], [69211.5, 90.0], [69211.0, 12420.0], [69209.0, 45000.0], [69208.0, 80.0], [69207.0, 12500.0]], "asks": [[69241.0, 35480.0], [69243.5, 7700.0], [69246.5, 23600.0], [69247.5, 19500.0], [69248.0, 8250.0], [69248.5, 11000.0], [69249.0, 9950.0], [69252.5, 5000.0], [69254.5, 75020.0], [69258.0, 21180.0], [69258.5, 58540.0], [69261.5, 7160.0], [69262.0, 24000.0], [69267.0, 5860.0], [69267.5, 12420.0], [69269.0, 22510.0], [69269.5, 24000.0], [69270.0, 24910.0], [69270.5, 14000.0], [69271.0, 12500.0]]}}}
{"jsonrpc": "2.0", "method": "subscription", "params": {"channel": "book.BTC-PERPETUAL.none.20.100ms", "data": {"timestamp": 1770531254917, "change_id": 139339565532, "instrument_name": "BTC-PERPETUAL", "bids": [[69253.5, 78560.0], [69252.0, 24000.0], [69250.0, 11000.0], [69246.5, 17490.0], [69246.0, 1000.0], [69245.5, 4000.0], [69245.0, 300.0], [69244.5, 19700.0], [69243.5, 75490.0], [69241.0, 19850.0], [69240.5, 49670.0], [69240.0, 25060.0], [69239.5, 24000.0], [69238.5, 40470.0], [69235.0, 300.0], [69234.5, 12380.0], [69232.0, 12420.0], [69231.0, 13990.0], [69230.5, 25000.0], [69228.0, 36420.0]], "asks": [[69254.0, 40250.0], [69262.5, 3050.0], [69263.0, 10000.0], [69263.5, 210.0], [69268.0, 3710.0], [69268.5, 12420.0], [69272.5, 12420.0], [69273.0, 6200.0], [69274.0, 24000.0], [69277.0, 38750.0], [69277.5, 3740.0], [69278.0, 12500.0], [69280.0, 950.0], [69281.0, 24000.0], [69282.0, 58640.0], [69282.5, 78760.0], [69283.0, 12500.0], [69287.0, 12420.0], [69287.5, 10.0], [69289.0, 24000.0]]}}}
{"jsonrpc": "2.0", "method": "subscription", "params": {"channel": "book.BTC-PERPETUAL.none.20.100ms", "data": {"timestamp": 1770531255246, "change_id": 139339566130, "instrument_name": "BTC-PERPETUAL", "bids": [[69253.5, 78260.0], [69252.0, 24000.0], [69250.0, 11000.0], [69249.5, 6520.0], [69247.5, 500.0], [69246.5, 8250.0], [69245.5, 4000.0], [69245.0, 300.0], [69244.5, 34450.0], [69242.5, 43030.0], [69242.0, 94480.0], [69240.5, 49670.0], [69240.0, 7160.0], [69239.5, 24000.0], [69235.0, 300.0], [69234.5, 12380.0], [69232.0, 12420.0], [69228.5, 13990.0], [69228.0, 36420.0], [69222.0, 55210.0]], "asks": [[69254.0, 47390.0], [69263.5, 210.0], [69266.5, 16620.0], [69267.0, 24000.0], [69268.0, 19250.0], [69268.5, 12420.0], [69270.5, 11790.0], [69271.0, 20000.0], [69272.0, 19500.0], [69272.5, 12420.0], [69273.0, 6200.0], [69274.0, 24000.0], [69277.5, 3740.0], [69278.0, 12500.0], [69280.0, 950.0], [69280.5, 133570.0], [69281.0, 24000.0], [69282.5, 3730.0], [69283.0, 12500.0], [69287.0, 12420.0]]}}}
{"jsonrpc": "2.0", "method": "subscription", "params": {"channel": "book.BTC-PERPETUAL.none.20.100ms", "data": {"timestamp": 1770531255578, "change_id": 139339567009, "instrument_name": "BTC-PERPETUAL", "bids": [[69253.5, 110160.0], [69245.5, 11000.0], [69245.0, 1300.0], [69244.5, 7420.0], [69244.0, 300.0], [69243.0, 2670.0], [69241.5, 8250.0], [69241.0, 500.0], [69240.5, 190.0], [69240.0, 13710.0], [69239.5, 53000.0], [69239.0, 9240.0], [69235.5, 30470.0], [69235.0, 94780.0], [69234.5, 12380.0], [69233.5, 250.0], [69232.5, 49270.0], [69232.0, 12420.0], [69228.0, 36420.0], [69222.5, 38430.0]], "asks": [[69254.0, 52260.0], [69259.0, 210.0], [69266.0, 31800.0], [69266.5, 28250.0], [69267.0, 48500.0], [69268.5, 12420.0], [69269.0, 22390.0], [69269.5, 75020.0], [69272.5, 12420.0], [69273.0, 6200.0], [69274.0, 24000.0], [69276.5, 58540.0], [69277.5, 10.0], [69278.0, 12500.0], [69280.0, 950.0], [69281.0, 24000.0], [69282.5, 3730.0], [69283.0, 12500.0], [69286.5, 7210.0], [69287.0, 12420.0]]}}}
{"jsonrpc": "2.0", "method": "subscription", "params": {"channel": "book.BTC-PERPETUAL.none.20.100ms", "data": {"timestamp": 1770531255903, "change_id": 139339568685, "instrument_name": "BTC-PERPETUAL", "bids": [[69253.5, 10150.0], [69245.0, 300.0], [69244.5, 7210.0], [69244.0, 1300.0], [69242.5, 11000.0], [69241.5, 2670.0], [69241.0, 8250.0], [69240.5, 8450.0], [69239.5, 4000.0], [69238.5, 210.0], [69237.0, 33740.0], [69236.5, 43450.0], [69236.0, 19490.0], [69235.0, 124560.0], [69234.5, 12380.0], [69233.5, 250.0], [69232.0, 12420.0], [69228.0, 36420.0], [69227.0, 25000.0], [69223.0, 110.0]], "asks": [[69254.0, 55970.0], [69259.0, 210.0], [69265.5, 39500.0], [69266.0, 57350.0], [69266.5, 8250.0], [69267.0, 29000.0], [69268.0, 75030.0], [69268.5, 12420.0], [69272.5, 12420.0], [69273.0, 6200.0], [69273.5, 58540.0], [69274.0, 24000.0], [69277.5, 10.0], [69278.0, 12500.0], [69280.0, 950.0], [69281.0, 24000.0], [69282.5, 3730.0], [69283.0, 12500.0], [69285.0, 24910.0], [69286.5, 7210.0]]}}}
{"jsonrpc": "2.0", "method": "subscription", "params": {"channel": "book.BTC-PERPETUAL.none.20.100ms", "data": {"timestamp": 1770531256227, "change_id": 139339569210, "instrument_name": "BTC-PERPETUAL", "bids": [[69253.5, 10150.0], [69251.5, 100010.0], [69245.0, 300.0], [69244.5, 18210.0], [69244.0, 6820.0], [69241.5, 2670.0], [69241.0, 8250.0], [69240.5, 8450.0], [69239.5, 4000.0], [69238.5, 210.0], [69238.0, 9240.0], [69237.5, 500.0], [69237.0, 24000.0], [69236.5, 43450.0], [69236.0, 19490.0], [69235.0, 75290.0], [69234.5, 12380.0], [69234.0, 49270.0], [69233.5, 250.0], [69232.0, 12420.0]], "asks": [[69254.0, 55970.0], [69258.0, 9200.0], [69258.5, 30600.0], [69259.0, 210.0], [69263.5, 5750.0], [69264.0, 11000.0], [69265.0, 8250.0], [69265.5, 39500.0], [69266.0, 46350.0], [69267.0, 29000.0], [69268.0, 75030.0], [69268.5, 12420.0], [69272.5, 12420.0], [69273.0, 6200.0], [69273.5, 58540.0], [69274.0, 24000.0], [69277.5, 10.0], [69278.0, 12500.0], [69280.0, 950.0], [69281.0, 24000.0]]}}}
{"jsonrpc": "2.0", "method": "subscription", "params": {"channel": "book.BTC-PERPETUAL.none.20.100ms", "data": {"timestamp": 1770531256572, "change_id": 139339569724, "instrument_name": "BTC-PERPETUAL", "bids": [[69253.5, 10150.0], [69251.5, 100010.0], [69245.0, 300.0], [69244.5, 7210.0], [69244.0, 1300.0], [69242.5, 5380.0], [69242.0, 11000.0], [69241.0, 8250.0], [69240.5, 16280.0], [69240.0, 9240.0], [69239.5, 4000.0], [69239.0, 500.0], [69238.5, 19700.0], [69237.0, 24000.0], [69236.5, 43450.0], [69235.0, 75290.0], [69234.5, 12380.0], [69234.0, 49270.0], [69233.5, 250.0], [69232.5, 11170.0]], "asks": [[69254.0, 59970.0], [69259.0, 210.0], [69261.0, 2460.0], [69261.5, 11530.0], [69262.5, 11000.0], [69265.5, 39500.0], [69266.0, 30610.0], [69267.0, 24000.0], [69268.0, 75030.0], [69268.5, 12420.0], [69272.5, 12420.0], [69273.0, 6200.0], [69273.5, 49300.0], [69274.0, 24000.0], [69277.5, 9250.0], [69278.0, 12500.0], [69280.0, 950.0], [69281.0, 24000.0], [69282.5, 3730.0], [69283.0, 12500.0]]}}}
{"jsonrpc": "2.0", "method": "subscription", "params": {"channel": "book.BTC-PERPETUAL.none.20.100ms", "data": {"timestamp": 1770531256900, "change_id": 139339571078, "instrument_name": "BTC-PERPETUAL", "bids": [[69253.5, 45290.0], [69251.5, 100010.0], [69245.0, 300.0], [69244.5, 18210.0], [69244.0, 15070.0], [69240.5, 29990.0], [69240.0, 28730.0], [69239.5, 4000.0], [69238.5, 210.0], [69238.0, 500.0], [69237.5, 49270.0], [69237.0, 24000.0], [69236.5, 24920.0], [69235.0, 75290.0], [69234.5, 12380.0], [69233.5, 250.0], [69232.5, 11170.0], [69232.0, 12420.0], [69231.5, 25000.0], [69228.0, 36420.0]], "asks": [[69254.0, 54800.0], [69259.0, 210.0], [69260.0, 1490.0], [69260.5, 5000.0], [69261.5, 5750.0], [69265.0, 19250.0], [69265.5, 20000.0], [69266.0, 30610.0], [69266.5, 19500.0], [69267.0, 24000.0], [69268.0, 75030.0], [69268.5, 12420.0], [69272.5, 12420.0], [69273.0, 6200.0], [69274.0, 24000.0], [69277.5, 58550.0], [69278.0, 12500.0], [69280.0, 950.0], [69281.0, 24000.0], [69282.5, 3730.0]]}}}
{"jsonrpc": "2.0", "method": "subscription", "params": {"channel": "book.BTC-PERPETUAL.none.20.100ms", "data": {"timestamp": 1770531257213, "change_id": 139339571981, "instrument_name": "BTC-PERPETUAL", "bids": [[69253.5, 45290.0], [69251.5, 100010.0], [69245.0, 300.0], [69244.5, 18210.0], [69244.0, 1300.0], [69243.0, 8250.0], [69242.5, 2810.0], [69241.0, 9240.0], [69240.5, 29990.0], [69240.0, 19980.0], [69239.5, 4000.0], [69238.5, 210.0], [69237.5, 49270.0], [69237.0, 24000.0], [69236.5, 24920.0], [69235.0, 75290.0], [69234.5, 12380.0], [69233.5, 250.0], [69232.5, 11170.0], [69232.0, 12420.0]], "asks": [[69254.0, 54800.0], [69258.0, 1560.0], [69259.0, 210.0], [69260.5, 5000.0], [69261.5, 5750.0], [69265.0, 19250.0], [69265.5, 20000.0], [69266.0, 16690.0], [69267.0, 24000.0], [69267.5, 19500.0], [69268.5, 12420.0], [69270.5, 22400.0], [69271.0, 75030.0], [69272.5, 12420.0], [69273.0, 6200.0], [69274.0, 24000.0], [69277.5, 58550.0], [69278.0, 12500.0], [69280.0, 950.0], [69281.0, 24000.0]]}}}
{"jsonrpc": "2.0", "method": "subscription", "params": {"channel": "book.BTC-PERPETUAL.none.20.100ms", "data": {"timestamp": 1770531257523, "change_id": 139339572415, "instrument_name": "BTC-PERPETUAL", "bids": [[69253.5, 45290.0], [69251.5, 100010.0], [69245.5, 5520.0], [69245.0, 300.0], [69244.5, 18210.0], [69244.0, 1300.0], [69243.0, 8250.0], [69242.5, 2810.0], [69241.0, 9240.0], [69240.5, 29990.0], [69240.0, 19980.0], [69239.5, 4000.0], [69238.5, 210.0], [69237.5, 49270.0], [69237.0, 24000.0], [69236.5, 24920.0], [69235.0, 75290.0], [69234.5, 12380.0], [69233.5, 250.0], [69232.5, 11170.0]], "asks": [[69254.0, 54800.0], [69254.5, 2990.0], [69255.0, 10000.0], [69258.0, 1560.0], [69259.0, 210.0], [69260.5, 5000.0], [69261.5, 5750.0], [69265.0, 41910.0], [69265.5, 20000.0], [69266.5, 19500.0], [69267.0, 24000.0], [69268.5, 34820.0], [69269.0, 75030.0], [69272.5, 12420.0], [69273.0, 6200.0], [69274.0, 24000.0], [69277.5, 58550.0], [69278.0, 12500.0], [69280.0, 950.0], [69281.0, 24000.0]]}}}
{"jsonrpc": "2.0", "method": "subscription", "params": {"channel": "book.BTC-PERPETUAL.none.20.100ms", "data": {"timestamp": 1770531257892, "change_id": 139339572846, "instrument_name": "BTC-PERPETUAL", "bids": [[69253.5, 45290.0], [69251.5, 100010.0], [69245.5, 5520.0], [69245.0, 300.0], [69244.5, 18210.0], [69244.0, 1300.0], [69243.0, 8250.0], [69242.5, 2810.0], [69241.5, 500.0], [69241.0, 10240.0], [69240.5, 34760.0], [69239.5, 4000.0], [69238.5, 210.0], [69238.0, 94480.0], [69237.0, 24000.0], [69236.0, 18570.0], [69235.5, 49270.0], [69235.0, 300.0], [69234.5, 12380.0], [69233.5, 250.0]], "asks": [[69254.0, 54800.0], [69254.5, 2990.0], [69255.0, 10000.0], [69258.0, 1560.0], [69259.0, 210.0], [69260.5, 5000.0], [69261.5, 10980.0], [69264.5, 20000.0], [69265.0, 19250.0], [69266.0, 16690.0], [69266.5, 19500.0], [69267.0, 24000.0], [69268.5, 34820.0], [69272.0, 75030.0], [69272.5, 12420.0], [69273.0, 6200.0], [69274.0, 24000.0], [69277.0, 21210.0], [69277.5, 58550.0], [69278.0, 12500.0]]}}}
{"jsonrpc": "2.0", "method": "subscription", "params": {"channel": "book.BTC-PERPETUAL.none.20.100ms", "data": {"timestamp": 1770531258220, "change_id": 139339573305, "instrument_name": "BTC-PERPETUAL", "bids": [[69253.5, 45290.0], [69251.5, 100010.0], [69245.0, 11300.0], [69244.5, 7210.0], [69244.0, 1300.0], [69242.5, 2670.0], [69242.0, 8750.0], [69240.5, 49860.0], [69240.0, 9240.0], [69239.5, 4000.0], [69239.0, 94480.0], [69238.5, 210.0], [69237.0, 42570.0], [69236.5, 49270.0], [69235.0, 300.0], [69234.5, 12380.0], [69233.5, 250.0], [69232.0, 12420.0], [69228.5, 10870.0], [69228.0, 36420.0]], "asks": [[69254.0, 54800.0], [69254.5, 2990.0], [69255.0, 10000.0], [69258.0, 11180.0], [69259.0, 210.0], [69260.0, 24000.0], [69260.5, 5000.0], [69261.5, 11720.0], [69263.5, 19250.0], [69264.5, 20000.0], [69265.0, 16690.0], [69266.5, 19500.0], [69267.0, 24000.0], [69268.5, 34820.0], [69272.0, 75030.0], [69272.5, 12420.0], [69273.0, 6200.0], [69274.0, 24000.0], [69277.5, 58550.0], [69278.0, 12500.0]]}}}
{"jsonrpc": "2.0", "method": "subscription", "params": {"channel": "book.BTC-PERPETUAL.none.20.100ms", "data": {"timestamp": 1770531258556, "change_id": 139339573973, "instrument_name": "BTC-PERPETUAL", "bids": [[69253.5, 50650.0], [69251.5, 100010.0], [69246.0, 12860.0], [69245.0, 300.0], [69244.5, 50710.0], [69244.0, 1000.0], [69243.5, 31800.0], [69241.5, 28730.0], [69241.0, 75990.0], [69240.5, 27770.0], [69238.0, 49270.0], [69237.5, 25000.0], [69237.0, 24000.0], [69235.0, 300.0], [69234.5, 12380.0], [69233.5, 250.0], [69232.0, 12420.0], [69228.5, 10870.0], [69228.0, 36420.0], [69223.0, 14100.0]], "asks": [[69254.0, 64350.0], [69254.5, 2990.0], [69255.0, 10000.0], [69258.0, 6030.0], [69259.0, 210.0], [69260.0, 20000.0], [69262.5, 5750.0], [69264.5, 19250.0], [69265.0, 16690.0], [69267.0, 24000.0], [69268.0, 19500.0], [69268.5, 12420.0], [69272.5, 12420.0], [69273.0, 6200.0], [69273.5, 75020.0], [69274.0, 24000.0], [69277.0, 58540.0], [69277.5, 10.0], [69278.0, 12500.0], [69280.0, 950.0]]}}}
{"jsonrpc": "2.0", "method": "subscription", "params": {"channel": "book.BTC-PERPETUAL.none.20.100ms", "data": {"timestamp": 1770531258816, "change_id": 139339576021, "instrument_name": "BTC-PERPETUAL", "bids": [[69270.0, 150.0], [69264.5, 46220.0], [69260.0, 40860.0], [69259.5, 36910.0], [69258.0, 22680.0], [69255.0, 20820.0], [69254.0, 74490.0], [69253.5, 112500.0], [69252.5, 4850.0], [69252.0, 24000.0], [69251.5, 100010.0], [69250.0, 300.0], [69246.5, 13990.0], [69246.0, 13070.0], [69245.0, 300.0], [69244.5, 24000.0], [69244.0, 300.0], [69243.5, 3110.0], [69240.5, 17910.0], [69237.5, 25000.0]], "asks": [[69277.5, 10.0], [69278.5, 12380.0], [69280.0, 950.0], [69280.5, 11000.0], [69282.5, 19950.0], [69284.0, 6180.0], [69285.0, 12380.0], [69287.5, 10.0], [69288.0, 13430.0], [69290.0, 3730.0], [69294.0, 2180.0], [69295.5, 27750.0], [69296.5, 100.0], [69297.0, 12500.0], [69297.5, 30.0], [69298.0, 23200.0], [69302.5, 9290.0], [69303.0, 79260.0], [69303.5, 12500.0], [69305.5, 7160.0]]}}}
{"jsonrpc": "2.0", "method": "subscription", "params": {"channel": "book.BTC-PERPETUAL.none.20.100ms", "data": {"timestamp": 1770531259216, "change_id": 139339577703, "instrument_name": "BTC-PERPETUAL", "bids": [[69270.0, 10000.0], [69263.0, 25000.0], [69260.0, 11000.0], [69259.5, 170.0], [69255.0, 300.0], [69254.5, 1210.0], [69254.0, 8250.0], [69253.0, 500.0], [69252.5, 17380.0], [69252.0, 29620.0], [69251.5, 10.0], [69251.0, 12340.0], [69250.0, 300.0], [69249.0, 7970.0], [69248.5, 19490.0], [69248.0, 7210.0], [69247.0, 50920.0], [69246.5, 136640.0], [69246.0, 5520.0], [69244.5, 24000.0]], "asks": [[69270.5, 136020.0], [69271.0, 15640.0], [69273.5, 2120.0], [69274.0, 7090.0], [69275.0, 8250.0], [69275.5, 1500.0], [69276.0, 5000.0], [69277.5, 10.0], [69279.0, 19160.0], [69279.5, 30500.0], [69280.0, 950.0], [69282.0, 24000.0], [69285.0, 75030.0], [69286.5, 17880.0], [69287.5, 10.0], [69288.0, 9240.0], [69289.0, 49300.0], [69289.5, 33680.0], [69290.0, 7210.0], [69291.5, 12380.0]]}}}
