{"jsonrpc": "2.0", "id": 1, "result": ["book.BTC-PERPETUAL.none.20.100ms"], "usIn": 1755548334302706, "usOut": 1755548334302900, "usDiff": 194, "testnet": false}
{"jsonrpc": "2.0", "method": "subscription", "params": {"channel": "book.BTC-PERPETUAL.none.20.100ms", "data": {"timestamp": 1755548333992, "change_id": 114001907867, "instrument_name": "BTC-PERPETUAL", "bids": [[116428.5, 192920.0], [116428.0, 13700.0], [116427.5, 30320.0], [116427.0, 20100.0], [116426.5, 11000.0], [116426.0, 44140.0], [116424.5, 33500.0], [116424.0, 13510.0], [116423.0, 25000.0], [116420.5, 20000.0], [116420.0, 30.0], [116417.5, 61840.0], [116416.5, 211510.0], [116415.5, 50000.0], [116414.5, 20.0], [116414.0, 20.0], [116413.5, 20.0], [116413.0, 20.0], [116412.5, 20.0], [116411.5, 490.0]], "asks": [[116429.0, 529400.0], [116429.5, 125940.0], [116430.5, 30590.0], [116431.0, 20.0], [116431.5, 20.0], [116432.0, 20.0], [116432.5, 20.0], [116433.0, 20.0], [116433.5, 20.0], [116434.0, 20.0], [116434.5, 20.0], [116435.0, 104820.0], [116435.5, 104820.0], [116436.0, 124790.0], [116436.5, 190980.0], [116437.0, 104790.0], [116439.0, 155520.0], [116440.5, 6600.0], [116441.0, 7000.0], [116442.5, 24570.0]]}}}
{"jsonrpc": "2.0", "method": "subscription", "params": {"channel": "book.BTC-PERPETUAL.none.20.100ms", "data": {"timestamp": 1755548334356, "change_id": 114001908134, "instrument_name": "BTC-PERPETUAL", "bids": [[116428.5, 192920.0], [116428.0, 13700.0], [116427.5, 30320.0], [116427.0, 20100.0], [116426.5, 11000.0], [116426.0, 44140.0], [116424.5, 33500.0], [116424.0, 13510.0], [116423.0, 25000.0], [116420.5, 20000.0], [116420.0, 30.0], [116417.5, 61840.0], [116416.5, 211510.0], [116415.5, 50000.0], [116414.0, 20.0], [116413.5, 20.0], [116413.0, 20.0], [116412.5, 20.0], [116411.5, 490.0], [116411.0, 61590.0]], "asks": [[116429.0, 529400.0], [116429.5, 125940.0], [116430.5, 30590.0], [116431.0, 20.0], [116431.5, 20.0], [116432.0, 20.0], [116432.5, 20.0], [116433.0, 20.0], [116433.5, 20.0], [116434.0, 20.0], [116434.5, 20.0], [116435.0, 104820.0], [116435.5, 104820.0], [116436.0, 124790.0], [116436.5, 190980.0], [116437.0, 104790.0], [116439.0, 155520.0], [116440.5, 6600.0], [116441.0, 7000.0], [116442.5, 24570.0]]}}}
{"jsonrpc": "2.0", "method": "subscription", "params": {"channel": "book.BTC-PERPETUAL.none.20.100ms", "data": {"timestamp": 1755548334723, "change_id": 114001908581, "instrument_name": "BTC-PERPETUAL", "bids": [[116428.5, 146920.0], [116428.0, 13700.0], [116427.5, 31340.0], [116427.0, 20100.0], [116426.5, 11000.0], [116426.0, 44140.0], [116424.0, 22320.0], [116422.5, 25000.0], [116420.5, 20000.0], [116420.0, 30.0], [116419.5, 35000.0], [116417.5, 62510.0], [116415.5, 214630.0], [116411.5, 490.0], [116411.0, 61610.0], [116410.5, 160160.0], [116410.0, 128070.0], [116409.5, 20.0], [116407.0, 343670.0], [116406.0, 14910.0]], "asks": [[116429.0, 547120.0], [116429.5, 125960.0], [116430.0, 20.0], [116430.5, 30610.0], [116431.0, 20.0], [116431.5, 20.0], [116432.0, 20.0], [116432.5, 20.0], [116435.0, 104820.0], [116435.5, 104820.0], [116436.0, 124790.0], [116436.5, 190980.0], [116437.0, 104790.0], [116438.5, 6600.0], [116439.0, 155520.0], [116441.0, 7000.0], [116442.5, 24570.0], [116447.5, 46690.0], [116448.0, 46020.0], [116449.0, 128090.0]]}}}
{"jsonrpc": "2.0", "method": "subscription", "params": {"channel": "book.BTC-PERPETUAL.none.20.100ms", "data": {"timestamp": 1755548335082, "change_id": 114001909011, "instrument_name": "BTC-PERPETUAL", "bids": [[116428.5, 181920.0], [116427.5, 31340.0], [116427.0, 20100.0], [116426.5, 11000.0], [116426.0, 44140.0], [116424.0, 20820.0], [116423.0, 29990.0], [116422.5, 25000.0], [116420.5, 20000.0], [116420.0, 30.0], [116417.5, 62510.0], [116416.5, 47120.0], [116415.5, 214630.0], [116411.5, 510.0], [116411.0, 61590.0], [116410.5, 160140.0], [116410.0, 128050.0], [116407.0, 343670.0], [116406.0, 14910.0], [116405.0, 330.0]], "asks": [[116429.0, 529400.0], [116429.5, 125940.0], [116430.0, 20.0], [116430.5, 30610.0], [116431.0, 20.0], [116431.5, 20.0], [116432.0, 20.0], [116432.5, 20.0], [116435.0, 104820.0], [116435.5, 104820.0], [116436.0, 124790.0], [116436.5, 190980.0], [116437.0, 104790.0], [116438.5, 6600.0], [116439.0, 155520.0], [116441.0, 7000.0], [116442.5, 24570.0], [116447.5, 46690.0], [116448.0, 46020.0], [116449.0, 128090.0]]}}}
{"jsonrpc": "2.0", "method": "subscription", "params": {"channel": "book.BTC-PERPETUAL.none.20.100ms", "data": {"timestamp": 1755548335418, "change_id": 114001909218, "instrument_name": "BTC-PERPETUAL", "bids": [[116428.5, 131920.0], [116427.5, 31340.0], [116427.0, 20100.0], [116426.5, 11000.0], [116426.0, 44140.0], [116424.0, 13510.0], [116422.5, 25000.0], [116420.5, 20000.0], [116420.0, 30.0], [116417.5, 112510.0], [116416.5, 47120.0], [116415.5, 214630.0], [116411.5, 510.0], [116411.0, 61590.0], [116410.5, 160140.0], [116410.0, 128050.0], [116407.0, 343670.0], [116406.0, 14910.0], [116405.0, 330.0], [116403.5, 32770.0]], "asks": [[116429.0, 529400.0], [116429.5, 125940.0], [116430.5, 30610.0], [116431.0, 20.0], [116431.5, 20.0], [116432.0, 20.0], [116432.5, 20.0], [116433.5, 104790.0], [116434.0, 104790.0], [116435.0, 104820.0], [116435.5, 104820.0], [116436.0, 102170.0], [116436.5, 104790.0], [116438.5, 6600.0], [116439.0, 155520.0], [116441.0, 7000.0], [116442.5, 24570.0], [116447.5, 46690.0], [116448.0, 46020.0], [116449.0, 128090.0]]}}}
{"jsonrpc": "2.0", "method": "subscription", "params": {"channel": "book.BTC-PERPETUAL.none.20.100ms", "data": {"timestamp": 1755548335739, "change_id": 114001909677, "instrument_name": "BTC-PERPETUAL", "bids": [[116428.5, 131920.0], [116427.5, 41290.0], [116427.0, 20100.0], [116426.5, 11000.0], [116426.0, 36000.0], [116424.5, 41540.0], [116424.0, 20820.0], [116423.0, 29990.0], [116422.5, 25000.0], [116420.5, 20000.0], [116420.0, 30.0], [116417.5, 112510.0], [116415.5, 214630.0], [116413.5, 20.0], [116413.0, 20.0], [116412.5, 20.0], [116412.0, 20.0], [116411.5, 510.0], [116411.0, 61590.0], [116410.5, 160140.0]], "asks": [[116429.0, 529400.0], [116429.5, 179170.0], [116430.0, 20.0], [116430.5, 30610.0], [116431.0, 20.0], [116431.5, 20.0], [116432.0, 20.0], [116432.5, 20.0], [116433.0, 20.0], [116433.5, 104790.0], [116434.0, 104790.0], [116434.5, 104790.0], [116435.0, 104820.0], [116435.5, 104820.0], [116436.0, 70740.0], [116438.5, 6600.0], [116439.0, 155520.0], [116441.0, 7000.0], [116442.5, 24570.0], [116447.5, 46690.0]]}}}
{"jsonrpc": "2.0", "method": "subscription", "params": {"channel": "book.BTC-PERPETUAL.none.20.100ms", "data": {"timestamp": 1755548336030, "change_id": 114001910039, "instrument_name": "BTC-PERPETUAL", "bids": [[116428.5, 142920.0], [116427.5, 30290.0], [116427.0, 20100.0], [116426.5, 11000.0], [116426.0, 36000.0], [116424.5, 41540.0], [116424.0, 20820.0], [116422.5, 25000.0], [116421.0, 29990.0], [116420.5, 20000.0], [116420.0, 30.0], [116417.5, 112510.0], [116415.5, 214630.0], [116413.5, 20.0], [116413.0, 20.0], [116412.5, 20.0], [116412.0, 20.0], [116411.5, 20.0], [116411.0, 62080.0], [116410.5, 160140.0]], "asks": [[116429.0, 529400.0], [116429.5, 179170.0], [116430.0, 20.0], [116430.5, 30610.0], [116431.0, 20.0], [116431.5, 20.0], [116432.0, 20.0], [116432.5, 20.0], [116433.0, 20.0], [116433.5, 104790.0], [116434.0, 104790.0], [116434.5, 104790.0], [116435.0, 104820.0], [116435.5, 104820.0], [116436.0, 70740.0], [116438.5, 6600.0], [116439.0, 155520.0], [116441.0, 7000.0], [116442.5, 24570.0], [116447.5, 46690.0]]}}}
{"jsonrpc": "2.0", "method": "subscription", "params": {"channel": "book.BTC-PERPETUAL.none.20.100ms", "data": {"timestamp": 1755548336394, "change_id": 114001910279, "instrument_name": "BTC-PERPETUAL", "bids": [[116428.5, 131920.0], [116427.5, 30290.0], [116427.0, 31100.0], [116426.5, 11000.0], [116426.0, 36000.0], [116424.5, 41540.0], [116424.0, 20820.0], [116422.5, 25000.0], [116421.0, 29990.0], [116420.5, 20000.0], [116420.0, 30.0], [116418.0, 75660.0], [116417.5, 50000.0], [116415.5, 50000.0], [116415.0, 164620.0], [116413.5, 20.0], [116413.0, 20.0], [116412.5, 20.0], [116412.0, 20.0], [116411.5, 20.0]], "asks": [[116429.0, 529400.0], [116429.5, 179170.0], [116430.0, 20.0], [116430.5, 30610.0], [116431.0, 20.0], [116431.5, 20.0], [116432.0, 20.0], [116432.5, 20.0], [116433.0, 20.0], [116433.5, 104790.0], [116434.0, 104790.0], [116434.5, 104790.0], [116435.0, 104820.0], [116435.5, 104820.0], [116436.0, 70740.0], [116438.5, 6600.0], [116439.0, 155520.0], [116441.0, 7000.0], [116442.5, 24570.0], [116447.5, 46690.0]]}}}
{"jsonrpc": "2.0", "method": "subscription", "params": {"channel": "book.BTC-PERPETUAL.none.20.100ms", "data": {"timestamp": 1755548336741, "change_id": 114001910773, "instrument_name": "BTC-PERPETUAL", "bids": [[116428.5, 96920.0], [116427.5, 30290.0], [116427.0, 20100.0], [116426.5, 11000.0], [116426.0, 36000.0], [116425.0, 11000.0], [116424.0, 30400.0], [116422.0, 25000.0], [116420.5, 20000.0], [116420.0, 30.0], [116418.5, 64990.0], [116418.0, 75660.0], [116417.5, 50000.0], [116415.5, 50000.0], [116415.0, 164620.0], [116410.5, 160140.0], [116410.0, 128050.0], [116409.5, 20.0], [116409.0, 20.0], [116408.5, 20.0]], "asks": [[116429.0, 547320.0], [116429.5, 179190.0], [116430.0, 20.0], [116430.5, 30610.0], [116431.0, 20.0], [116431.5, 20.0], [116432.0, 104810.0], [116432.5, 104810.0], [116433.0, 104790.0], [116433.5, 104790.0], [116434.0, 104790.0], [116435.5, 6600.0], [116436.0, 70740.0], [116439.0, 155520.0], [116441.0, 7000.0], [116442.5, 24570.0], [116447.5, 46690.0], [116448.0, 46020.0], [116449.0, 139090.0], [116449.5, 21710.0]]}}}
{"jsonrpc": "2.0", "method": "subscription", "params": {"channel": "book.BTC-PERPETUAL.none.20.100ms", "data": {"timestamp": 1755548336976, "change_id": 114001911163, "instrument_name": "BTC-PERPETUAL", "bids": [[116428.5, 30910.0], [116427.5, 210.0], [116427.0, 20100.0], [116426.0, 36000.0], [116424.5, 11000.0], [116424.0, 30400.0], [116422.5, 8140.0], [116421.5, 11000.0], [116420.5, 20000.0], [116420.0, 30.0], [116418.5, 64990.0], [116418.0, 75660.0], [116417.5, 50000.0], [116415.5, 75300.0], [116415.0, 164620.0], [116410.5, 160140.0], [116410.0, 128050.0], [116407.0, 343690.0], [116406.5, 510.0], [116406.0, 31550.0]], "asks": [[116429.0, 547320.0], [116429.5, 179190.0], [116430.0, 20.0], [116430.5, 30610.0], [116431.0, 20.0], [116431.5, 20.0], [116432.0, 111410.0], [116432.5, 104810.0], [116433.0, 104790.0], [116433.5, 104790.0], [116434.0, 104790.0], [116436.0, 70740.0], [116439.0, 155520.0], [116441.0, 7000.0], [116442.5, 24570.0], [116447.0, 11000.0], [116447.5, 46690.0], [116448.0, 46020.0], [116449.0, 139090.0], [116449.5, 21710.0]]}}}
{"jsonrpc": "2.0", "method": "subscription", "params": {"channel": "book.BTC-PERPETUAL.none.20.100ms", "data": {"timestamp": 1755548337401, "change_id": 114001911505, "instrument_name": "BTC-PERPETUAL", "bids": [[116428.5, 30910.0], [116427.5, 210.0], [116427.0, 20100.0], [116426.0, 36000.0], [116424.5, 11000.0], [116422.0, 19810.0], [116421.5, 11000.0], [116420.5, 20000.0], [116420.0, 30.0], [116418.5, 35000.0], [116418.0, 75660.0], [116416.5, 79990.0], [116416.0, 25000.0], [116415.5, 50300.0], [116415.0, 164620.0], [116410.5, 160140.0], [116410.0, 128050.0], [116407.0, 343670.0], [116406.0, 31550.0], [116405.5, 20.0]], "asks": [[116429.0, 547320.0], [116429.5, 179190.0], [116430.0, 20.0], [116430.5, 135400.0], [116431.0, 104810.0], [116431.5, 104810.0], [116432.0, 111410.0], [116432.5, 104810.0], [116436.0, 70740.0], [116439.0, 155520.0], [116441.0, 7000.0], [116442.5, 24570.0], [116447.0, 11000.0], [116447.5, 46690.0], [116448.0, 46020.0], [116449.0, 139090.0], [116449.5, 21710.0], [116455.5, 16430.0], [116456.0, 80260.0], [116456.5, 188270.0]]}}}
{"jsonrpc": "2.0", "method": "subscription", "params": {"channel": "book.BTC-PERPETUAL.none.20.100ms", "data": {"timestamp": 1755548337737, "change_id": 114001911968, "instrument_name": "BTC-PERPETUAL", "bids": [[116428.5, 30910.0], [116427.5, 210.0], [116427.0, 20100.0], [116426.0, 36000.0], [116422.5, 11000.0], [116422.0, 19810.0], [116421.5, 11000.0], [116420.5, 20000.0], [116420.0, 30.0], [116418.5, 35000.0], [116418.0, 90620.0], [116417.0, 29990.0], [116416.5, 50000.0], [116415.5, 50300.0], [116415.0, 25000.0], [116413.5, 164610.0], [116410.5, 160140.0], [116410.0, 128050.0], [116407.0, 343670.0], [116406.0, 31550.0]], "asks": [[116429.0, 652110.0], [116429.5, 230750.0], [116430.0, 104810.0], [116430.5, 135400.0], [116431.0, 104810.0], [116431.5, 20.0], [116432.0, 20.0], [116432.5, 20.0], [116435.5, 6600.0], [116436.0, 70740.0], [116439.0, 155520.0], [116441.0, 7000.0], [116442.5, 24570.0], [116447.0, 11000.0], [116447.5, 46690.0], [116448.0, 46020.0], [116449.0, 139090.0], [116449.5, 21710.0], [116455.5, 16430.0], [116456.0, 80260.0]]}}}
{"jsonrpc": "2.0", "method": "subscription", "params": {"channel": "book.BTC-PERPETUAL.none.20.100ms", "data": {"timestamp": 1755548338062, "change_id": 114001912405, "instrument_name": "BTC-PERPETUAL", "bids": [[116428.5, 30910.0], [116427.5, 210.0], [116427.0, 20100.0], [116426.0, 36000.0], [116422.5, 11000.0], [116422.0, 27950.0], [116421.5, 11000.0], [116420.5, 20000.0], [116420.0, 30.0], [116418.5, 35000.0], [116418.0, 90620.0], [116416.5, 50000.0], [116416.0, 29990.0], [116415.5, 50300.0], [116414.5, 25000.0], [116413.5, 164610.0], [116410.5, 160140.0], [116410.0, 128050.0], [116409.0, 20.0], [116408.5, 20.0]], "asks": [[116429.0, 652110.0], [116429.5, 230750.0], [116430.0, 104810.0], [116430.5, 142000.0], [116431.0, 104810.0], [116431.5, 20.0], [116432.0, 20.0], [116432.5, 20.0], [116436.0, 70740.0], [116439.0, 155520.0], [116441.0, 7000.0], [116442.5, 24570.0], [116447.0, 11000.0], [116447.5, 46690.0], [116448.0, 46020.0], [116449.0, 139090.0], [116449.5, 21710.0], [116455.5, 16430.0], [116456.0, 80260.0], [116456.5, 188270.0]]}}}
{"jsonrpc": "2.0", "method": "subscription", "params": {"channel": "book.BTC-PERPETUAL.none.20.100ms", "data": {"timestamp": 1755548338258, "change_id": 114001912595, "instrument_name": "BTC-PERPETUAL", "bids": [[116428.5, 30910.0], [116427.5, 210.0], [116427.0, 20100.0], [116426.0, 36000.0], [116422.5, 11000.0], [116422.0, 27950.0], [116421.5, 11000.0], [116420.5, 20000.0], [116420.0, 30.0], [116418.5, 35000.0], [116418.0, 90620.0], [116416.5, 50000.0], [116416.0, 29990.0], [116415.5, 50300.0], [116414.5, 25000.0], [116413.5, 164610.0], [116410.5, 85100.0], [116410.0, 128050.0], [116409.0, 20.0], [116408.5, 20.0]], "asks": [[116429.0, 652110.0], [116429.5, 230750.0], [116430.0, 104810.0], [116430.5, 142000.0], [116431.0, 104810.0], [116431.5, 20.0], [116432.0, 20.0], [116432.5, 20.0], [116436.0, 70740.0], [116439.0, 155520.0], [116441.0, 7000.0], [116442.5, 24570.0], [116447.0, 11000.0], [116447.5, 46690.0], [116448.0, 46020.0], [116449.0, 139090.0], [116449.5, 21710.0], [116455.5, 16430.0], [116456.0, 27170.0], [116459.0, 32890.0]]}}}
{"jsonrpc": "2.0", "method": "subscription", "params": {"channel": "book.BTC-PERPETUAL.none.20.100ms", "data": {"timestamp": 1755548338673, "change_id": 114001913043, "instrument_name": "BTC-PERPETUAL", "bids": [[116428.5, 30910.0], [116427.5, 210.0], [116427.0, 20100.0], [116426.0, 36000.0], [116422.5, 11000.0], [116422.0, 27950.0], [116421.5, 11000.0], [116420.5, 20000.0], [116420.0, 30.0], [116418.5, 35000.0], [116418.0, 90620.0], [116416.0, 29990.0], [116415.5, 50300.0], [116414.5, 25000.0], [116414.0, 50000.0], [116413.5, 164610.0], [116410.5, 85100.0], [116410.0, 128050.0], [116407.0, 155520.0], [116406.0, 86970.0]], "asks": [[116429.0, 652110.0], [116429.5, 230750.0], [116430.0, 104810.0], [116430.5, 142000.0], [116431.0, 104810.0], [116431.5, 20.0], [116432.0, 20.0], [116432.5, 20.0], [116436.0, 70740.0], [116439.0, 155520.0], [116441.0, 7000.0], [116442.5, 24570.0], [116447.0, 11000.0], [116447.5, 46690.0], [116448.0, 46020.0], [116449.0, 139090.0], [116449.5, 21710.0], [116455.0, 95300.0], [116455.5, 213080.0], [116459.0, 32890.0]]}}}
{"jsonrpc": "2.0", "method": "subscription", "params": {"channel": "book.BTC-PERPETUAL.none.20.100ms", "data": {"timestamp": 1755548338940, "change_id": 114001913360, "instrument_name": "BTC-PERPETUAL", "bids": [[116428.5, 30910.0], [116427.5, 210.0], [116427.0, 20100.0], [116426.0, 36000.0], [116422.5, 11000.0], [116422.0, 27950.0], [116421.5, 11000.0], [116420.5, 20000.0], [116420.0, 30.0], [116418.5, 35000.0], [116418.0, 90620.0], [116416.0, 29990.0], [116415.5, 50300.0], [116414.5, 25000.0], [116414.0, 50000.0], [116413.0, 164610.0], [116410.5, 85100.0], [116410.0, 128050.0], [116408.0, 20.0], [116407.5, 20.0]], "asks": [[116429.0, 652110.0], [116429.5, 230750.0], [116430.0, 104810.0], [116430.5, 142000.0], [116431.0, 104810.0], [116431.5, 20.0], [116432.0, 20.0], [116432.5, 20.0], [116436.0, 70740.0], [116439.0, 155520.0], [116441.0, 7000.0], [116442.5, 24570.0], [116447.0, 11000.0], [116447.5, 46690.0], [116448.0, 46020.0], [116449.0, 139090.0], [116449.5, 21710.0], [116455.0, 95300.0], [116455.5, 213080.0], [116459.0, 35210.0]]}}}
{"jsonrpc": "2.0", "method": "subscription", "params": {"channel": "book.BTC-PERPETUAL.none.20.100ms", "data": {"timestamp": 1755548339364, "change_id": 114001913684, "instrument_name": "BTC-PERPETUAL", "bids": [[116428.5, 30910.0], [116427.5, 210.0], [116427.0, 20100.0], [116426.0, 36000.0], [116422.5, 11000.0], [116422.0, 27950.0], [116421.5, 11000.0], [116420.5, 20000.0], [116420.0, 30.0], [116418.5, 35000.0], [116418.0, 90620.0], [116416.0, 29990.0], [116415.5, 50300.0], [116414.5, 25000.0], [116414.0, 50000.0], [116413.0, 164610.0], [116410.5, 85100.0], [116410.0, 128050.0], [116408.5, 20.0], [116408.0, 20.0]], "asks": [[116429.0, 652110.0], [116429.5, 230750.0], [116430.0, 104810.0], [116430.5, 142000.0], [116431.0, 104810.0], [116431.5, 20.0], [116432.0, 20.0], [116432.5, 20.0], [116436.0, 70740.0], [116439.0, 155520.0], [116441.0, 7000.0], [116442.5, 24570.0], [116447.0, 11000.0], [116447.5, 46690.0], [116448.0, 46020.0], [116449.0, 139090.0], [116449.5, 21710.0], [116455.0, 95300.0], [116455.5, 213080.0], [116459.0, 35210.0]]}}}
{"jsonrpc": "2.0", "method": "subscription", "params": {"channel": "book.BTC-PERPETUAL.none.20.100ms", "data": {"timestamp": 1755548339706, "change_id": 114001914079, "instrument_name": "BTC-PERPETUAL", "bids": [[116428.5, 30910.0], [116427.5, 210.0], [116427.0, 20100.0], [116426.0, 36000.0], [116422.5, 11000.0], [116422.0, 27950.0], [116421.5, 11000.0], [116420.5, 20000.0], [116420.0, 30.0], [116418.5, 35000.0], [116418.0, 90620.0], [116416.0, 29990.0], [116415.5, 50300.0], [116414.5, 25000.0], [116413.5, 50000.0], [116413.0, 164610.0], [116410.5, 85100.0], [116410.0, 128050.0], [116408.5, 20.0], [116408.0, 20.0]], "asks": [[116429.0, 652110.0], [116429.5, 230750.0], [116430.0, 104810.0], [116430.5, 142000.0], [116431.0, 104810.0], [116431.5, 20.0], [116432.0, 20.0], [116432.5, 20.0], [116436.0, 70740.0], [116439.0, 155520.0], [116441.0, 7000.0], [116442.5, 24570.0], [116447.0, 11000.0], [116447.5, 46690.0], [116448.0, 46020.0], [116449.0, 139090.0], [116449.5, 21710.0], [116455.0, 95300.0], [116455.5, 213080.0], [116459.0, 35210.0]]}}}
{"jsonrpc": "2.0", "method": "subscription", "params": {"channel": "book.BTC-PERPETUAL.none.20.100ms", "data": {"timestamp": 1755548340029, "change_id": 114001914454, "instrument_name": "BTC-PERPETUAL", "bids": [[116428.5, 30910.0], [116427.5, 210.0], [116427.0, 20100.0], [116426.0, 36000.0], [116422.5, 11000.0], [116422.0, 27950.0], [116421.5, 11000.0], [116420.5, 20000.0], [116420.0, 30.0], [116418.5, 35000.0], [116418.0, 90620.0], [116416.0, 29990.0], [116415.5, 50300.0], [116414.5, 25000.0], [116413.5, 50000.0], [116413.0, 164610.0], [116410.5, 85100.0], [116410.0, 128050.0], [116407.0, 155540.0], [116406.0, 86970.0]], "asks": [[116429.0, 652110.0], [116429.5, 230750.0], [116430.0, 111410.0], [116430.5, 135400.0], [116431.0, 104810.0], [116431.5, 20.0], [116432.0, 20.0], [116432.5, 20.0], [116436.0, 70740.0], [116439.0, 155520.0], [116441.0, 7000.0], [116442.5, 24570.0], [116447.0, 11000.0], [116447.5, 46690.0], [116448.0, 46020.0], [116449.0, 139090.0], [116449.5, 21710.0], [116455.0, 95300.0], [116455.5, 213080.0], [116459.0, 35210.0]]}}}
{"jsonrpc": "2.0", "method": "subscription", "params": {"channel": "book.BTC-PERPETUAL.none.20.100ms", "data": {"timestamp": 1755548340383, "change_id": 114001914841, "instrument_name": "BTC-PERPETUAL", "bids": [[116428.5, 31210.0], [116427.5, 17040.0], [116427.0, 20100.0], [116426.5, 11000.0], [116426.0, 36000.0], [116422.5, 11000.0], [116422.0, 27950.0], [116421.0, 29990.0], [116420.5, 20000.0], [116420.0, 30.0], [116418.5, 35000.0], [116418.0, 90620.0], [116416.5, 47120.0], [116415.5, 75000.0], [116414.0, 50000.0], [116413.0, 164610.0], [116412.0, 20.0], [116411.5, 20.0], [116411.0, 20.0], [116410.5, 85120.0]], "asks": [[116429.0, 634210.0], [116429.5, 230750.0], [116430.0, 104810.0], [116430.5, 135400.0], [116431.0, 104810.0], [116431.5, 20.0], [116432.0, 20.0], [116432.5, 20.0], [116435.5, 6600.0], [116436.0, 70740.0], [116439.0, 155520.0], [116441.0, 7000.0], [116442.5, 24570.0], [116447.5, 46690.0], [116448.0, 46020.0], [116449.0, 139090.0], [116449.5, 21710.0], [116454.5, 11000.0], [116455.0, 95300.0], [116455.5, 213080.0]]}}}
{"jsonrpc": "2.0", "method": "subscription", "params": {"channel": "book.BTC-PERPETUAL.none.20.100ms", "data": {"timestamp": 1755548340692, "change_id": 114001915299, "instrument_name": "BTC-PERPETUAL", "bids": [[116428.5, 42210.0], [116427.5, 17040.0], [116427.0, 20100.0], [116426.5, 26500.0], [116426.0, 36000.0], [116422.0, 27950.0], [116421.0, 29990.0], [116420.5, 20000.0], [116420.0, 30.0], [116418.5, 35000.0], [116418.0, 90620.0], [116415.5, 75000.0], [116414.0, 50000.0], [116413.0, 164610.0], [116411.5, 20.0], [116411.0, 61610.0], [116410.5, 85100.0], [116410.0, 128050.0], [116408.0, 490.0], [116407.0, 155520.0]], "asks": [[116429.0, 634190.0], [116429.5, 230730.0], [116430.0, 104810.0], [116430.5, 135400.0], [116431.0, 104810.0], [116431.5, 20.0], [116432.0, 20.0], [116432.5, 20.0], [116435.5, 6600.0], [116436.0, 50740.0], [116439.0, 155520.0], [116440.0, 20000.0], [116441.0, 7000.0], [116442.5, 24570.0], [116447.5, 46690.0], [116448.0, 46020.0], [116449.0, 139090.0], [116449.5, 21710.0], [116454.5, 11000.0], [116455.0, 95300.0]]}}}
{"jsonrpc": "2.0", "method": "subscription", "params": {"channel": "book.BTC-PERPETUAL.none.20.100ms", "data": {"timestamp": 1755548341020, "change_id": 114001915704, "instrument_name": "BTC-PERPETUAL", "bids": [[116428.5, 31210.0], [116427.5, 17040.0], [116427.0, 20100.0], [116426.5, 26500.0], [116426.0, 36000.0], [116422.5, 11000.0], [116422.0, 27950.0], [116421.0, 29990.0], [116420.5, 20000.0], [116420.0, 30.0], [116418.5, 35000.0], [116418.0, 90620.0], [116416.0, 25000.0], [116415.5, 50000.0], [116414.0, 50000.0], [116413.0, 164610.0], [116411.5, 20.0], [116411.0, 20.0], [116410.5, 85100.0], [116410.0, 128050.0]], "asks": [[116429.0, 634190.0], [116429.5, 230730.0], [116430.0, 104810.0], [116430.5, 135400.0], [116431.0, 104810.0], [116431.5, 20.0], [116432.0, 20.0], [116432.5, 20.0], [116435.5, 6600.0], [116436.0, 50740.0], [116439.0, 155520.0], [116440.0, 20000.0], [116441.0, 7000.0], [116442.5, 24570.0], [116447.5, 46690.0], [116448.0, 46020.0], [116449.0, 150090.0], [116449.5, 21710.0], [116455.0, 29500.0], [116455.5, 16430.0]]}}}
{"jsonrpc": "2.0", "method": "subscription", "params": {"channel": "book.BTC-PERPETUAL.none.20.100ms", "data": {"timestamp": 1755548341358, "change_id": 114001915915, "instrument_name": "BTC-PERPETUAL", "bids": [[116428.5, 31210.0], [116427.5, 17040.0], [116427.0, 20100.0], [116426.5, 26500.0], [116426.0, 36000.0], [116422.5, 11000.0], [116422.0, 27950.0], [116421.0, 29990.0], [116420.5, 20000.0], [116420.0, 30.0], [116418.5, 35000.0], [116418.0, 90620.0], [116416.5, 25000.0], [116415.5, 50000.0], [116414.0, 50000.0], [116413.0, 164610.0], [116411.5, 20.0], [116411.0, 20.0], [116410.5, 150600.0], [116410.0, 128050.0]], "asks": [[116429.0, 634190.0], [116429.5, 230730.0], [116430.0, 104810.0], [116430.5, 135400.0], [116431.0, 104810.0], [116431.5, 20.0], [116432.0, 20.0], [116432.5, 20.0], [116435.5, 6600.0], [116436.0, 50740.0], [116439.0, 155520.0], [116440.0, 20000.0], [116441.0, 7000.0], [116442.5, 24570.0], [116447.5, 46690.0], [116448.0, 46020.0], [116449.0, 150090.0], [116449.5, 21710.0], [116455.0, 83080.0], [116455.5, 16430.0]]}}}
{"jsonrpc": "2.0", "method": "subscription", "params": {"channel": "book.BTC-PERPETUAL.none.20.100ms", "data": {"timestamp": 1755548341692, "change_id": 114001916334, "instrument_name": "BTC-PERPETUAL", "bids": [[116428.5, 31210.0], [116427.5, 17040.0], [116427.0, 20100.0], [116426.5, 15500.0], [116426.0, 36000.0], [116423.0, 11000.0], [116422.5, 11000.0], [116422.0, 27950.0], [116421.0, 29990.0], [116420.5, 20000.0], [116420.0, 30.0], [116418.5, 35000.0], [116418.0, 90620.0], [116416.5, 25000.0], [116415.5, 50000.0], [116414.5, 50000.0], [116413.0, 164610.0], [116411.5, 20.0], [116411.0, 20.0], [116410.5, 150620.0]], "asks": [[116429.0, 634210.0], [116429.5, 230750.0], [116430.0, 104810.0], [116430.5, 135400.0], [116431.0, 104810.0], [116431.5, 20.0], [116432.0, 20.0], [116432.5, 20.0], [116435.5, 6600.0], [116436.0, 50740.0], [116437.0, 20000.0], [116439.0, 155520.0], [116441.0, 7000.0], [116442.5, 24570.0], [116447.5, 46690.0], [116448.0, 46020.0], [116449.0, 150090.0], [116449.5, 21710.0], [116455.0, 83080.0], [116455.5, 16430.0]]}}}
{"jsonrpc": "2.0", "method": "subscription", "params": {"channel": "book.BTC-PERPETUAL.none.20.100ms", "data": {"timestamp": 1755548342020, "change_id": 114001916677, "instrument_name": "BTC-PERPETUAL", "bids": [[116428.5, 31210.0], [116427.5, 17040.0], [116427.0, 20100.0], [116426.5, 15500.0], [116426.0, 36000.0], [116423.0, 11000.0], [116422.5, 11000.0], [116422.0, 27950.0], [116420.5, 20000.0], [116420.0, 30.0], [116419.0, 29990.0], [116418.5, 35000.0], [116418.0, 90620.0], [116416.5, 25000.0], [116415.5, 50000.0], [116414.5, 50000.0], [116413.0, 164610.0], [116411.5, 20.0], [116411.0, 20.0], [116410.5, 150620.0]], "asks": [[116429.0, 634210.0], [116429.5, 230750.0], [116430.0, 104810.0], [116430.5, 135400.0], [116431.0, 104810.0], [116431.5, 20.0], [116432.0, 20.0], [116432.5, 20.0], [116435.5, 6600.0], [116436.0, 50740.0], [116437.0, 20000.0], [116439.0, 155520.0], [116441.0, 7000.0], [116442.5, 24570.0], [116447.5, 46690.0], [116448.0, 46020.0], [116449.0, 150090.0], [116449.5, 21710.0], [116455.0, 83080.0], [116455.5, 16430.0]]}}}
{"jsonrpc": "2.0", "method": "subscription", "params": {"channel": "book.BTC-PERPETUAL.none.20.100ms", "data": {"timestamp": 1755548342363, "change_id": 114001916901, "instrument_name": "BTC-PERPETUAL", "bids": [[116428.5, 31210.0], [116427.5, 17040.0], [116427.0, 20100.0], [116426.5, 26500.0], [116426.0, 36000.0], [116422.5, 11000.0], [116422.0, 19810.0], [116421.0, 29990.0], [116420.5, 20000.0], [116420.0, 30.0], [116418.5, 35000.0], [116418.0, 90620.0], [116416.5, 72120.0], [116415.5, 50000.0], [116414.5, 50000.0], [116413.0, 164610.0], [116411.5, 20.0], [116411.0, 20.0], [116410.5, 151110.0], [116410.0, 128050.0]], "asks": [[116429.0, 634210.0], [116429.5, 230750.0], [116430.0, 104810.0], [116430.5, 135400.0], [116431.0, 104810.0], [116431.5, 20.0], [116432.0, 20.0], [116432.5, 20.0], [116435.5, 6600.0], [116436.0, 50740.0], [116437.0, 20000.0], [116439.0, 155520.0], [116441.0, 7000.0], [116442.5, 24570.0], [116447.5, 46690.0], [116448.0, 46020.0], [116449.0, 150090.0], [116449.5, 21710.0], [116455.0, 83080.0], [116455.5, 16430.0]]}}}
{"jsonrpc": "2.0", "method": "subscription", "params": {"channel": "book.BTC-PERPETUAL.none.20.100ms", "data": {"timestamp": 1755548342698, "change_id": 114001917470, "instrument_name": "BTC-PERPETUAL", "bids": [[116428.5, 168410.0], [116428.0, 13700.0], [116427.5, 17040.0], [116427.0, 28240.0], [116426.0, 6000.0], [116425.5, 30000.0], [116422.0, 12760.0], [116420.5, 20000.0], [116420.0, 30.0], [116419.5, 25000.0], [116418.0, 90620.0], [116416.5, 47120.0], [116415.5, 100000.0], [116414.5, 20.0], [116414.0, 510.0], [116413.5, 61610.0], [116413.0, 164630.0], [116410.5, 150600.0], [116410.0, 128050.0], [116407.0, 347320.0]], "asks": [[116429.0, 555410.0], [116429.5, 210730.0], [116430.0, 104790.0], [116430.5, 135380.0], [116431.0, 124790.0], [116431.5, 20.0], [116432.0, 20.0], [116432.5, 20.0], [116433.0, 20.0], [116433.5, 20.0], [116434.0, 20.0], [116434.5, 20.0], [116436.0, 50740.0], [116439.0, 155520.0], [116440.5, 6600.0], [116441.0, 7000.0], [116442.5, 24570.0], [116447.5, 46690.0], [116448.0, 46020.0], [116449.0, 128090.0]]}}}
{"jsonrpc": "2.0", "method": "subscription", "params": {"channel": "book.BTC-PERPETUAL.none.20.100ms", "data": {"timestamp": 1755548343017, "change_id": 114001917892, "instrument_name": "BTC-PERPETUAL", "bids": [[116428.5, 162080.0], [116428.0, 13700.0], [116427.5, 17040.0], [116427.0, 28240.0], [116426.0, 6000.0], [116425.5, 30000.0], [116422.0, 12760.0], [116420.5, 20000.0], [116420.0, 30.0], [116419.5, 25000.0], [116418.0, 90620.0], [116416.5, 47120.0], [116415.5, 50000.0], [116414.0, 50000.0], [116413.0, 164610.0], [116411.5, 61590.0], [116411.0, 490.0], [116410.5, 150600.0], [116410.0, 128050.0], [116407.0, 347320.0]], "asks": [[116429.0, 555490.0], [116429.5, 210730.0], [116430.0, 104790.0], [116430.5, 135380.0], [116431.0, 104790.0], [116432.0, 20.0], [116432.5, 20.0], [116433.0, 20.0], [116433.5, 20.0], [116434.0, 20.0], [116434.5, 20.0], [116436.0, 50740.0], [116439.0, 155520.0], [116440.5, 6600.0], [116441.0, 7000.0], [116442.5, 24570.0], [116447.5, 46690.0], [116448.0, 46020.0], [116449.0, 128090.0], [116449.5, 21710.0]]}}}
{"jsonrpc": "2.0", "method": "subscription", "params": {"channel": "book.BTC-PERPETUAL.none.20.100ms", "data": {"timestamp": 1755548343227, "change_id": 114001918090, "instrument_name": "BTC-PERPETUAL", "bids": [[116428.5, 116080.0], [116427.5, 28040.0], [116427.0, 28240.0], [116426.0, 6000.0], [116425.5, 30000.0], [116422.0, 22410.0], [116420.5, 20000.0], [116420.0, 30.0], [116419.5, 60000.0], [116418.0, 90620.0], [116416.5, 47120.0], [116415.5, 50000.0], [116414.0, 50000.0], [116413.0, 164610.0], [116412.0, 490.0], [116411.5, 61590.0], [116410.5, 150600.0], [116410.0, 128050.0], [116407.0, 347320.0], [116406.0, 14910.0]], "asks": [[116429.0, 555490.0], [116429.5, 210730.0], [116430.0, 104790.0], [116430.5, 135380.0], [116431.0, 104790.0], [116432.0, 20.0], [116432.5, 20.0], [116433.0, 20.0], [116433.5, 20.0], [116434.0, 20.0], [116434.5, 20.0], [116435.5, 6600.0], [116436.0, 50740.0], [116439.0, 155520.0], [116441.0, 7000.0], [116442.5, 24570.0], [116447.5, 46690.0], [116448.0, 46020.0], [116449.0, 128090.0], [116449.5, 21710.0]]}}}
{"jsonrpc": "2.0", "method": "subscription", "params": {"channel": "book.BTC-PERPETUAL.none.20.100ms", "data": {"timestamp": 1755548343621, "change_id": 114001918427, "instrument_name": "BTC-PERPETUAL", "bids": [[116428.5, 151080.0], [116427.5, 37950.0], [116427.0, 28240.0], [116426.0, 37900.0], [116425.5, 30000.0], [116422.0, 13510.0], [116420.5, 20000.0], [116420.0, 30.0], [116419.5, 25000.0], [116418.0, 90620.0], [116416.5, 47120.0], [116416.0, 50000.0], [116414.0, 50000.0], [116413.0, 164610.0], [116412.5, 20.0], [116412.0, 510.0], [116411.5, 61610.0], [116411.0, 20.0], [116410.5, 150620.0], [116410.0, 128050.0]], "asks": [[116429.0, 550880.0], [116429.5, 210750.0], [116430.0, 104810.0], [116430.5, 135400.0], [116431.0, 104810.0], [116431.5, 20.0], [116432.0, 20.0], [116432.5, 20.0], [116434.5, 155520.0], [116435.5, 6600.0], [116436.0, 2100.0], [116441.0, 7000.0], [116442.5, 24570.0], [116447.5, 46690.0], [116448.0, 46020.0], [116449.0, 128090.0], [116449.5, 21710.0], [116454.0, 11000.0], [116454.5, 11000.0], [116455.0, 83080.0]]}}}
{"jsonrpc": "2.0", "method": "subscription", "params": {"channel": "book.BTC-PERPETUAL.none.20.100ms", "data": {"timestamp": 1755548344016, "change_id": 114001918890, "instrument_name": "BTC-PERPETUAL", "bids": [[116428.5, 151080.0], [116427.5, 37950.0], [116427.0, 28240.0], [116426.0, 37900.0], [116425.5, 30000.0], [116422.0, 13510.0], [116420.5, 20000.0], [116420.0, 30.0], [116419.5, 25000.0], [116418.0, 42830.0], [116416.5, 47120.0], [116416.0, 50000.0], [116414.0, 50000.0], [116412.5, 20.0], [116412.0, 510.0], [116411.5, 61610.0], [116411.0, 20.0], [116410.5, 150620.0], [116410.0, 128050.0], [116407.0, 347320.0]], "asks": [[116429.0, 550880.0], [116429.5, 230750.0], [116430.0, 104810.0], [116430.5, 135400.0], [116431.0, 104810.0], [116431.5, 20.0], [116432.0, 20.0], [116432.5, 20.0], [116434.5, 155520.0], [116435.5, 6600.0], [116436.0, 7840.0], [116438.0, 20000.0], [116441.0, 7000.0], [116442.5, 24570.0], [116447.5, 46690.0], [116448.0, 46020.0], [116449.0, 128090.0], [116449.5, 21710.0], [116454.0, 11000.0], [116454.5, 11000.0]]}}}
{"jsonrpc": "2.0", "method": "subscription", "params": {"channel": "book.BTC-PERPETUAL.none.20.100ms", "data": {"timestamp": 1755548344323, "change_id": 114001919132, "instrument_name": "BTC-PERPETUAL", "bids": [[116428.5, 151080.0], [116427.5, 37950.0], [116427.0, 28240.0], [116426.0, 37900.0], [116425.5, 30000.0], [116422.0, 13510.0], [116420.5, 20000.0], [116420.0, 30.0], [116419.5, 25000.0], [116418.0, 88300.0], [116416.5, 47120.0], [116416.0, 50000.0], [116415.0, 490.0], [116414.5, 164600.0], [116414.0, 50020.0], [116413.5, 20.0], [116413.0, 20.0], [116412.5, 20.0], [116411.5, 61590.0], [116410.5, 150600.0]], "asks": [[116429.0, 555410.0], [116429.5, 230730.0], [116430.0, 104790.0], [116430.5, 135380.0], [116431.0, 104790.0], [116431.5, 20.0], [116432.0, 20.0], [116432.5, 20.0], [116433.0, 20.0], [116433.5, 20.0], [116434.5, 155520.0], [116436.0, 7840.0], [116437.5, 6600.0], [116438.0, 20000.0], [116441.0, 7000.0], [116442.5, 24570.0], [116447.5, 46690.0], [116448.0, 46020.0], [116449.0, 128090.0], [116454.0, 11000.0]]}}}
{"jsonrpc": "2.0", "method": "subscription", "params": {"channel": "book.BTC-PERPETUAL.none.20.100ms", "data": {"timestamp": 1755548344675, "change_id": 114001919579, "instrument_name": "BTC-PERPETUAL", "bids": [[116428.5, 199960.0], [116427.5, 49640.0], [116427.0, 20100.0], [116426.0, 37900.0], [116425.5, 30000.0], [116425.0, 8140.0], [116424.0, 46010.0], [116423.5, 50000.0], [116420.5, 20000.0], [116420.0, 30.0], [116418.0, 88300.0], [116416.5, 97120.0], [116415.0, 490.0], [116414.5, 164580.0], [116413.5, 20.0], [116413.0, 20.0], [116412.5, 20.0], [116411.5, 61590.0], [116410.5, 150600.0], [116410.0, 128050.0]], "asks": [[116429.0, 608720.0], [116429.5, 230730.0], [116430.0, 104790.0], [116430.5, 135380.0], [116431.0, 104810.0], [116431.5, 20.0], [116432.0, 20.0], [116432.5, 20.0], [116433.0, 20.0], [116433.5, 20.0], [116434.0, 20.0], [116434.5, 155520.0], [116435.5, 6600.0], [116436.0, 7840.0], [116438.0, 20000.0], [116441.0, 7000.0], [116442.5, 24570.0], [116447.5, 46690.0], [116448.0, 46020.0], [116449.0, 128090.0]]}}}
{"jsonrpc": "2.0", "method": "subscription", "params": {"channel": "book.BTC-PERPETUAL.none.20.100ms", "data": {"timestamp": 1755548345008, "change_id": 114001919852, "instrument_name": "BTC-PERPETUAL", "bids": [[116428.5, 199960.0], [116427.5, 49640.0], [116427.0, 20100.0], [116426.0, 37900.0], [116425.5, 30000.0], [116425.0, 8140.0], [116424.0, 46010.0], [116423.5, 50000.0], [116420.5, 20000.0], [116420.0, 30.0], [116418.0, 88300.0], [116416.5, 97120.0], [116415.0, 490.0], [116414.5, 164580.0], [116412.5, 20.0], [116411.5, 61590.0], [116410.5, 150600.0], [116410.0, 128050.0], [116407.0, 347320.0], [116406.0, 14910.0]], "asks": [[116429.0, 608720.0], [116429.5, 230730.0], [116430.0, 104790.0], [116430.5, 135380.0], [116431.0, 104810.0], [116431.5, 20.0], [116432.0, 20.0], [116432.5, 20.0], [116433.0, 20.0], [116433.5, 20.0], [116434.0, 20.0], [116434.5, 155520.0], [116436.0, 7840.0], [116437.5, 6600.0], [116438.0, 20000.0], [116441.0, 7000.0], [116442.5, 24570.0], [116447.5, 46690.0], [116448.0, 46020.0], [116449.0, 128090.0]]}}}
{"jsonrpc": "2.0", "method": "subscription", "params": {"channel": "book.BTC-PERPETUAL.none.20.100ms", "data": {"timestamp": 1755548345346, "change_id": 114001920235, "instrument_name": "BTC-PERPETUAL", "bids": [[116428.5, 53440.0], [116427.5, 26980.0], [116427.0, 20100.0], [116426.5, 8140.0], [116426.0, 6000.0], [116425.5, 30000.0], [116424.0, 76000.0], [116423.5, 50000.0], [116420.5, 20000.0], [116420.0, 30.0], [116419.5, 35000.0], [116418.0, 88300.0], [116417.0, 50000.0], [116415.5, 61590.0], [116414.5, 164580.0], [116413.5, 50000.0], [116412.0, 490.0], [116411.0, 20.0], [116410.5, 150620.0], [116410.0, 128070.0]], "asks": [[116429.0, 600600.0], [116429.5, 230750.0], [116430.0, 104810.0], [116430.5, 135400.0], [116431.0, 104810.0], [116431.5, 20.0], [116432.0, 20.0], [116432.5, 20.0], [116434.5, 155520.0], [116436.0, 7840.0], [116437.5, 6600.0], [116438.0, 20000.0], [116441.0, 7000.0], [116442.5, 16430.0], [116447.5, 46690.0], [116448.0, 46020.0], [116449.0, 128090.0], [116454.0, 11000.0], [116454.5, 11000.0], [116455.0, 83080.0]]}}}
{"jsonrpc": "2.0", "method": "subscription", "params": {"channel": "book.BTC-PERPETUAL.none.20.100ms", "data": {"timestamp": 1755548345674, "change_id": 114001920732, "instrument_name": "BTC-PERPETUAL", "bids": [[116428.5, 88440.0], [116427.5, 26980.0], [116427.0, 20100.0], [116426.5, 8140.0], [116426.0, 6000.0], [116425.5, 30000.0], [116424.0, 46010.0], [116423.5, 50000.0], [116421.0, 29990.0], [116420.5, 20000.0], [116420.0, 30.0], [116418.0, 88300.0], [116417.0, 50000.0], [116416.5, 46860.0], [116414.5, 226170.0], [116414.0, 20.0], [116413.5, 50020.0], [116413.0, 20.0], [116412.5, 20.0], [116411.5, 490.0]], "asks": [[116429.0, 603330.0], [116429.5, 230730.0], [116430.0, 104790.0], [116430.5, 135380.0], [116431.0, 104790.0], [116431.5, 20.0], [116432.0, 20.0], [116432.5, 20.0], [116433.0, 20.0], [116433.5, 20.0], [116434.5, 155520.0], [116436.0, 7840.0], [116438.0, 20000.0], [116440.5, 6600.0], [116441.0, 7000.0], [116442.5, 24570.0], [116447.5, 46690.0], [116448.0, 46020.0], [116449.0, 128090.0], [116454.5, 11000.0]]}}}
{"jsonrpc": "2.0", "method": "subscription", "params": {"channel": "book.BTC-PERPETUAL.none.20.100ms", "data": {"timestamp": 1755548346003, "change_id": 114001921102, "instrument_name": "BTC-PERPETUAL", "bids": [[116428.5, 138520.0], [116427.5, 26980.0], [116427.0, 20100.0], [116426.5, 8140.0], [116426.0, 6000.0], [116425.5, 30000.0], [116424.0, 46010.0], [116423.5, 50000.0], [116420.5, 20000.0], [116420.0, 30.0], [116418.0, 88300.0], [116417.0, 50000.0], [116416.5, 46860.0], [116415.0, 490.0], [116414.5, 226190.0], [116414.0, 20.0], [116413.5, 20.0], [116413.0, 20.0], [116412.5, 20.0], [116410.5, 130250.0]], "asks": [[116429.0, 558090.0], [116429.5, 210730.0], [116430.0, 104790.0], [116430.5, 135380.0], [116431.0, 104790.0], [116431.5, 20000.0], [116433.5, 20.0], [116434.0, 20.0], [116434.5, 155520.0], [116436.0, 9600.0], [116441.0, 7000.0], [116441.5, 20000.0], [116442.5, 24570.0], [116447.0, 6600.0], [116447.5, 46690.0], [116448.0, 46020.0], [116449.0, 128090.0], [116454.5, 11000.0], [116455.0, 87120.0], [116455.5, 16430.0]]}}}
{"jsonrpc": "2.0", "method": "subscription", "params": {"channel": "book.BTC-PERPETUAL.none.20.100ms", "data": {"timestamp": 1755548346334, "change_id": 114001921403, "instrument_name": "BTC-PERPETUAL", "bids": [[116428.5, 138520.0], [116427.5, 26980.0], [116427.0, 20100.0], [116426.5, 8140.0], [116426.0, 6000.0], [116425.5, 30000.0], [116424.0, 61860.0], [116423.5, 50000.0], [116420.5, 20000.0], [116420.0, 30.0], [116418.5, 61590.0], [116418.0, 88300.0], [116417.0, 50000.0], [116416.5, 46860.0], [116416.0, 20.0], [116415.5, 20.0], [116415.0, 510.0], [116414.5, 164600.0], [116414.0, 20.0], [116410.5, 130250.0]], "asks": [[116429.0, 558090.0], [116429.5, 210730.0], [116430.0, 104790.0], [116430.5, 135380.0], [116431.0, 104790.0], [116431.5, 20000.0], [116432.5, 20.0], [116433.0, 20.0], [116433.5, 20.0], [116434.0, 20.0], [116434.5, 155540.0], [116435.0, 20.0], [116435.5, 20.0], [116436.0, 9620.0], [116441.0, 7000.0], [116441.5, 20000.0], [116442.0, 6600.0], [116442.5, 24570.0], [116447.5, 46690.0], [116448.0, 46020.0]]}}}
{"jsonrpc": "2.0", "method": "subscription", "params": {"channel": "book.BTC-PERPETUAL.none.20.100ms", "data": {"timestamp": 1755548346609, "change_id": 114001921783, "instrument_name": "BTC-PERPETUAL", "bids": [[116428.5, 182760.0], [116427.5, 26980.0], [116427.0, 20100.0], [116426.0, 6000.0], [116425.5, 30000.0], [116424.0, 61860.0], [116423.5, 50000.0], [116420.5, 20000.0], [116420.0, 30.0], [116418.5, 111590.0], [116418.0, 42830.0], [116416.5, 46860.0], [116415.0, 490.0], [116414.5, 164600.0], [116414.0, 20.0], [116413.5, 20.0], [116413.0, 20.0], [116410.5, 130250.0], [116410.0, 128050.0], [116407.0, 341590.0]], "asks": [[116429.0, 592790.0], [116429.5, 210730.0], [116430.0, 124790.0], [116430.5, 135380.0], [116431.0, 104790.0], [116431.5, 20.0], [116432.0, 20.0], [116432.5, 20.0], [116433.0, 20.0], [116433.5, 20.0], [116434.0, 20.0], [116434.5, 155540.0], [116435.0, 20.0], [116436.0, 9600.0], [116441.0, 7000.0], [116441.5, 20000.0], [116442.0, 6600.0], [116442.5, 24570.0], [116447.5, 46690.0], [116448.0, 46020.0]]}}}
{"jsonrpc": "2.0", "method": "subscription", "params": {"channel": "book.BTC-PERPETUAL.none.20.100ms", "data": {"timestamp": 1755548346956, "change_id": 114001922176, "instrument_name": "BTC-PERPETUAL", "bids": [[116428.5, 182760.0], [116428.0, 8140.0], [116427.5, 26980.0], [116427.0, 20100.0], [116426.0, 6000.0], [116425.5, 30000.0], [116424.0, 61860.0], [116423.5, 50000.0], [116420.5, 20000.0], [116420.0, 30.0], [116418.5, 111590.0], [116418.0, 42830.0], [116416.5, 46860.0], [116415.5, 20.0], [116415.0, 510.0], [116414.5, 164600.0], [116414.0, 20.0], [116410.5, 130250.0], [116410.0, 128050.0], [116407.0, 341590.0]], "asks": [[116429.0, 558090.0], [116429.5, 210730.0], [116430.0, 124790.0], [116430.5, 135380.0], [116431.0, 104790.0], [116433.0, 20.0], [116433.5, 20.0], [116434.0, 20.0], [116434.5, 155540.0], [116435.0, 20.0], [116436.0, 9600.0], [116441.0, 7000.0], [116441.5, 20000.0], [116442.0, 6600.0], [116442.5, 24570.0], [116447.5, 46690.0], [116454.5, 11000.0], [116455.0, 29500.0], [116455.5, 16430.0], [116459.0, 32890.0]]}}}
{"jsonrpc": "2.0", "method": "subscription", "params": {"channel": "book.BTC-PERPETUAL.none.20.100ms", "data": {"timestamp": 1755548347321, "change_id": 114001922446, "instrument_name": "BTC-PERPETUAL", "bids": [[116428.5, 182760.0], [116428.0, 8140.0], [116427.5, 26980.0], [116427.0, 20100.0], [116426.0, 6000.0], [116425.5, 30000.0], [116424.0, 61860.0], [116423.5, 50000.0], [116420.5, 20000.0], [116420.0, 30.0], [116418.5, 111590.0], [116418.0, 42830.0], [116416.5, 46860.0], [116415.0, 510.0], [116414.5, 164600.0], [116414.0, 20.0], [116410.5, 130250.0], [116410.0, 128050.0], [116407.0, 341590.0], [116406.0, 14910.0]], "asks": [[116429.0, 560440.0], [116429.5, 210730.0], [116430.0, 124790.0], [116430.5, 135380.0], [116431.0, 104790.0], [116433.0, 20.0], [116433.5, 20.0], [116434.0, 20.0], [116434.5, 155540.0], [116435.0, 20.0], [116436.0, 9600.0], [116441.0, 7000.0], [116441.5, 20000.0], [116442.0, 6600.0], [116442.5, 24570.0], [116447.5, 46690.0], [116449.5, 32720.0], [116450.0, 109050.0], [116454.5, 11000.0], [116455.0, 29500.0]]}}}
{"jsonrpc": "2.0", "method": "subscription", "params": {"channel": "book.BTC-PERPETUAL.none.20.100ms", "data": {"timestamp": 1755548347653, "change_id": 114001922748, "instrument_name": "BTC-PERPETUAL", "bids": [[116428.5, 216160.0], [116428.0, 8140.0], [116427.5, 26980.0], [116427.0, 20100.0], [116426.0, 6000.0], [116425.5, 30000.0], [116424.0, 61860.0], [116423.5, 50000.0], [116420.5, 20000.0], [116420.0, 30.0], [116418.5, 50000.0], [116418.0, 76720.0], [116417.0, 61590.0], [116416.5, 46860.0], [116415.5, 20.0], [116415.0, 490.0], [116414.5, 164600.0], [116414.0, 20.0], [116413.5, 20.0], [116410.5, 130250.0]], "asks": [[116429.0, 591040.0], [116429.5, 210730.0], [116430.0, 124790.0], [116430.5, 135380.0], [116431.0, 104790.0], [116431.5, 20.0], [116432.0, 20.0], [116432.5, 20.0], [116433.0, 20.0], [116433.5, 20.0], [116434.0, 20.0], [116434.5, 155540.0], [116436.0, 9600.0], [116441.0, 7000.0], [116441.5, 20000.0], [116442.0, 6600.0], [116442.5, 24570.0], [116447.5, 46690.0], [116449.5, 32720.0], [116450.0, 109050.0]]}}}
{"jsonrpc": "2.0", "method": "subscription", "params": {"channel": "book.BTC-PERPETUAL.none.20.100ms", "data": {"timestamp": 1755548347908, "change_id": 114001922975, "instrument_name": "BTC-PERPETUAL", "bids": [[116428.5, 182760.0], [116428.0, 8140.0], [116427.5, 26980.0], [116427.0, 20100.0], [116426.0, 6000.0], [116425.5, 30000.0], [116424.0, 61860.0], [116423.5, 50000.0], [116420.5, 20000.0], [116420.0, 30.0], [116418.5, 50000.0], [116418.0, 76720.0], [116417.0, 61590.0], [116416.5, 46860.0], [116415.0, 490.0], [116414.5, 164600.0], [116414.0, 20.0], [116413.5, 20.0], [116413.0, 20.0], [116412.5, 20.0]], "asks": [[116429.0, 591040.0], [116429.5, 210730.0], [116430.0, 124790.0], [116430.5, 135380.0], [116431.0, 104810.0], [116431.5, 20.0], [116432.0, 20.0], [116432.5, 20.0], [116433.0, 20.0], [116433.5, 20.0], [116434.0, 20.0], [116434.5, 155540.0], [116436.0, 9600.0], [116441.0, 7000.0], [116441.5, 20000.0], [116442.0, 6600.0], [116442.5, 24570.0], [116447.5, 46690.0], [116449.5, 32720.0], [116450.0, 109050.0]]}}}
{"jsonrpc": "2.0", "method": "subscription", "params": {"channel": "book.BTC-PERPETUAL.none.20.100ms", "data": {"timestamp": 1755548348291, "change_id": 114001923368, "instrument_name": "BTC-PERPETUAL", "bids": [[116428.5, 182760.0], [116428.0, 8140.0], [116427.5, 26980.0], [116427.0, 20100.0], [116426.0, 6000.0], [116425.5, 30000.0], [116424.0, 61860.0], [116423.5, 50000.0], [116420.5, 20000.0], [116420.0, 30.0], [116418.5, 50000.0], [116418.0, 76730.0], [116417.0, 61590.0], [116416.5, 46860.0], [116415.0, 490.0], [116414.5, 164600.0], [116414.0, 20.0], [116413.5, 20.0], [116413.0, 20.0], [116412.5, 20.0]], "asks": [[116429.0, 560440.0], [116429.5, 210730.0], [116430.0, 124790.0], [116430.5, 135380.0], [116431.0, 104810.0], [116431.5, 20.0], [116432.0, 20.0], [116432.5, 20.0], [116433.0, 20.0], [116433.5, 20.0], [116434.0, 20.0], [116434.5, 155540.0], [116436.0, 9600.0], [116441.0, 7000.0], [116441.5, 20000.0], [116442.0, 6600.0], [116442.5, 24570.0], [116447.5, 46690.0], [116449.5, 32720.0], [116450.0, 109050.0]]}}}
{"jsonrpc": "2.0", "method": "subscription", "params": {"channel": "book.BTC-PERPETUAL.none.20.100ms", "data": {"timestamp": 1755548348635, "change_id": 114001923700, "instrument_name": "BTC-PERPETUAL", "bids": [[116428.5, 210060.0], [116427.5, 51990.0], [116427.0, 20100.0], [116426.5, 29990.0], [116426.0, 23500.0], [116425.5, 30000.0], [116424.0, 61860.0], [116423.5, 50000.0], [116420.5, 20000.0], [116420.0, 30.0], [116418.5, 50000.0], [116418.0, 76720.0], [116417.0, 61590.0], [116416.5, 46860.0], [116416.0, 164570.0], [116415.5, 20.0], [116415.0, 20.0], [116414.5, 20.0], [116414.0, 20.0], [116411.0, 490.0]], "asks": [[116429.0, 560440.0], [116429.5, 210730.0], [116430.0, 124790.0], [116430.5, 135380.0], [116431.0, 104790.0], [116433.0, 20.0], [116433.5, 20.0], [116434.0, 20.0], [116434.5, 155540.0], [116435.0, 20.0], [116435.5, 20.0], [116436.0, 9600.0], [116441.0, 7000.0], [116441.5, 20000.0], [116442.0, 6600.0], [116442.5, 24570.0], [116447.5, 46690.0], [116449.5, 32720.0], [116450.0, 109050.0], [116454.5, 11000.0]]}}}
{"jsonrpc": "2.0", "method": "subscription", "params": {"channel": "book.BTC-PERPETUAL.none.20.100ms", "data": {"timestamp": 1755548348747, "change_id": 114001923813, "instrument_name": "BTC-PERPETUAL", "bids": [[116428.5, 210060.0], [116428.0, 8140.0], [116427.5, 51990.0], [116427.0, 20100.0], [116426.5, 29990.0], [116426.0, 23500.0], [116425.5, 30000.0], [116424.0, 61860.0], [116423.5, 50000.0], [116420.5, 20000.0], [116420.0, 30.0], [116418.5, 50000.0], [116418.0, 76720.0], [116417.0, 61590.0], [116416.5, 46860.0], [116416.0, 164570.0], [116415.5, 20.0], [116415.0, 20.0], [116414.5, 20.0], [116414.0, 20.0]], "asks": [[116429.0, 560440.0], [116429.5, 210730.0], [116430.0, 124790.0], [116430.5, 135380.0], [116431.0, 104790.0], [116433.0, 20.0], [116433.5, 20.0], [116434.0, 20.0], [116434.5, 155540.0], [116435.0, 20.0], [116435.5, 20.0], [116436.0, 9600.0], [116441.0, 7000.0], [116441.5, 20000.0], [116442.0, 6600.0], [116442.5, 24570.0], [116447.5, 46690.0], [116449.5, 32720.0], [116450.0, 109050.0], [116454.5, 11000.0]]}}}
{"jsonrpc": "2.0", "method": "subscription", "params": {"channel": "book.BTC-PERPETUAL.none.20.100ms", "data": {"timestamp": 1755548349316, "change_id": 114001924684, "instrument_name": "BTC-PERPETUAL", "bids": [[116428.5, 369330.0], [116428.0, 100730.0], [116427.5, 210.0], [116427.0, 20100.0], [116426.0, 23500.0], [116425.5, 90000.0], [116424.0, 67750.0], [116422.0, 61590.0], [116420.5, 184550.0], [116420.0, 30.0], [116419.0, 50000.0], [116418.0, 14090.0], [116417.5, 20.0], [116417.0, 20.0], [116416.5, 47370.0], [116416.0, 20.0], [116415.5, 20.0], [116410.5, 130250.0], [116410.0, 128050.0], [116407.0, 341590.0]], "asks": [[116429.0, 287040.0], [116429.5, 104790.0], [116430.0, 104790.0], [116430.5, 104790.0], [116431.0, 104790.0], [116434.5, 155520.0], [116436.0, 17100.0], [116439.0, 50000.0], [116441.0, 7000.0], [116442.5, 24570.0], [116444.0, 300.0], [116447.0, 6600.0], [116447.5, 46690.0], [116455.0, 29500.0], [116455.5, 16430.0], [116458.0, 11000.0], [116459.0, 32890.0], [116460.0, 53600.0], [116460.5, 5630.0], [116465.5, 11000.0]]}}}
{"jsonrpc": "2.0", "method": "subscription", "params": {"channel": "book.BTC-PERPETUAL.none.20.100ms", "data": {"timestamp": 1755548349645, "change_id": 114001925479, "instrument_name": "BTC-PERPETUAL", "bids": [[116428.5, 400640.0], [116428.0, 93280.0], [116427.5, 210.0], [116427.0, 20100.0], [116426.0, 67590.0], [116425.5, 30000.0], [116424.5, 6590.0], [116424.0, 67750.0], [116420.5, 184550.0], [116420.0, 50030.0], [116419.5, 510.0], [116419.0, 8160.0], [116418.5, 20.0], [116418.0, 14110.0], [116417.5, 20.0], [116416.5, 46860.0], [116411.0, 40000.0], [116410.5, 130250.0], [116410.0, 128050.0], [116407.0, 341590.0]], "asks": [[116429.0, 451490.0], [116429.5, 104790.0], [116430.0, 104790.0], [116430.5, 104790.0], [116431.0, 104790.0], [116434.5, 155520.0], [116436.0, 2100.0], [116441.0, 7000.0], [116442.5, 41090.0], [116444.0, 300.0], [116444.5, 50000.0], [116446.0, 20000.0], [116447.5, 46690.0], [116455.0, 29500.0], [116455.5, 16430.0], [116459.0, 32890.0], [116460.0, 50820.0], [116460.5, 5630.0], [116465.5, 22000.0], [116466.0, 8140.0]]}}}
{"jsonrpc": "2.0", "method": "subscription", "params": {"channel": "book.BTC-PERPETUAL.none.20.100ms", "data": {"timestamp": 1755548349979, "change_id": 114001925937, "instrument_name": "BTC-PERPETUAL", "bids": [[116428.5, 400590.0], [116428.0, 37200.0], [116427.5, 60160.0], [116427.0, 20100.0], [116426.5, 61590.0], [116426.0, 12590.0], [116425.5, 30000.0], [116424.0, 67750.0], [116420.5, 184550.0], [116420.0, 50030.0], [116419.0, 8140.0], [116418.5, 20.0], [116418.0, 14110.0], [116417.5, 20.0], [116417.0, 490.0], [116416.5, 46860.0], [116411.0, 40000.0], [116410.5, 130250.0], [116410.0, 128050.0], [116407.0, 341590.0]], "asks": [[116429.0, 459630.0], [116429.5, 104790.0], [116430.0, 104790.0], [116430.5, 104790.0], [116431.0, 104790.0], [116434.5, 155520.0], [116435.5, 20000.0], [116436.0, 2100.0], [116441.0, 7000.0], [116442.5, 41090.0], [116444.0, 300.0], [116444.5, 50000.0], [116446.0, 20000.0], [116447.5, 46690.0], [116455.0, 29500.0], [116455.5, 16430.0], [116459.0, 32890.0], [116460.0, 50820.0], [116460.5, 5630.0], [116465.5, 11000.0]]}}}
{"jsonrpc": "2.0", "method": "subscription", "params": {"channel": "book.BTC-PERPETUAL.none.20.100ms", "data": {"timestamp": 1755548350265, "change_id": 114001926354, "instrument_name": "BTC-PERPETUAL", "bids": [[116428.5, 505680.0], [116428.0, 45160.0], [116427.5, 160.0], [116427.0, 81690.0], [116426.5, 6590.0], [116426.0, 6000.0], [116425.5, 30000.0], [116424.0, 67750.0], [116420.5, 184550.0], [116420.0, 50110.0], [116419.5, 510.0], [116419.0, 8140.0], [116418.0, 14090.0], [116416.5, 46860.0], [116411.0, 40000.0], [116410.5, 130250.0], [116410.0, 128050.0], [116407.5, 50.0], [116407.0, 341590.0], [116406.0, 14910.0]], "asks": [[116429.0, 459630.0], [116429.5, 104790.0], [116430.0, 104790.0], [116430.5, 104790.0], [116431.0, 104790.0], [116434.5, 155520.0], [116436.0, 2100.0], [116437.5, 20.0], [116438.0, 20.0], [116438.5, 20.0], [116441.0, 7000.0], [116442.5, 41090.0], [116443.0, 300.0], [116444.5, 50000.0], [116447.5, 46690.0], [116449.5, 6000.0], [116450.0, 20000.0], [116455.0, 29520.0], [116455.5, 16430.0], [116459.0, 32890.0]]}}}
{"jsonrpc": "2.0", "method": "subscription", "params": {"channel": "book.BTC-PERPETUAL.none.20.100ms", "data": {"timestamp": 1755548350611, "change_id": 114001926722, "instrument_name": "BTC-PERPETUAL", "bids": [[116428.5, 505630.0], [116428.0, 45160.0], [116427.5, 160.0], [116427.0, 81690.0], [116426.5, 6590.0], [116426.0, 6000.0], [116425.5, 30000.0], [116424.0, 67750.0], [116421.5, 50000.0], [116420.5, 184550.0], [116420.0, 80.0], [116419.5, 510.0], [116419.0, 8160.0], [116418.5, 20.0], [116418.0, 14110.0], [116416.5, 46860.0], [116411.0, 40000.0], [116410.5, 130250.0], [116410.0, 128050.0], [116407.5, 50.0]], "asks": [[116429.0, 459280.0], [116429.5, 104790.0], [116430.0, 104790.0], [116430.5, 104790.0], [116431.0, 104790.0], [116434.5, 155520.0], [116436.0, 2100.0], [116437.5, 20.0], [116438.0, 20.0], [116438.5, 20.0], [116439.0, 20.0], [116441.0, 7000.0], [116442.5, 41390.0], [116444.5, 50000.0], [116447.5, 46690.0], [116449.5, 6000.0], [116450.0, 20000.0], [116455.0, 29520.0], [116455.5, 16430.0], [116459.0, 32890.0]]}}}
{"jsonrpc": "2.0", "method": "subscription", "params": {"channel": "book.BTC-PERPETUAL.none.20.100ms", "data": {"timestamp": 1755548350839, "change_id": 114001926957, "instrument_name": "BTC-PERPETUAL", "bids": [[116428.5, 505680.0], [116428.0, 45160.0], [116427.5, 160.0], [116427.0, 81690.0], [116426.5, 6590.0], [116426.0, 6000.0], [116425.5, 30000.0], [116424.0, 67750.0], [116421.5, 50000.0], [116420.5, 184550.0], [116420.0, 110.0], [116419.5, 510.0], [116419.0, 8160.0], [116418.5, 20.0], [116418.0, 14110.0], [116416.5, 46860.0], [116411.0, 40000.0], [116410.5, 130250.0], [116410.0, 128050.0], [116407.5, 80.0]], "asks": [[116429.0, 459580.0], [116429.5, 104790.0], [116430.0, 104790.0], [116430.5, 104790.0], [116431.0, 104790.0], [116434.5, 155520.0], [116436.0, 2100.0], [116437.0, 20.0], [116437.5, 20.0], [116438.0, 20.0], [116438.5, 20.0], [116439.0, 20.0], [116439.5, 20.0], [116440.0, 20.0], [116441.0, 7000.0], [116442.5, 41090.0], [116444.5, 50000.0], [116447.5, 46690.0], [116449.5, 6000.0], [116450.0, 20000.0]]}}}
{"jsonrpc": "2.0", "method": "subscription", "params": {"channel": "book.BTC-PERPETUAL.none.20.100ms", "data": {"timestamp": 1755548351296, "change_id": 114001927510, "instrument_name": "BTC-PERPETUAL", "bids": [[116428.5, 360720.0], [116428.0, 95160.0], [116427.5, 160.0], [116427.0, 81690.0], [116426.5, 6590.0], [116426.0, 6000.0], [116425.5, 30000.0], [116424.0, 67750.0], [116421.5, 50000.0], [116420.5, 184550.0], [116420.0, 90.0], [116419.5, 20.0], [116419.0, 8160.0], [116418.5, 510.0], [116418.0, 14110.0], [116417.5, 20.0], [116416.5, 46860.0], [116411.0, 40000.0], [116410.5, 130250.0], [116410.0, 128050.0]], "asks": [[116429.0, 509580.0], [116429.5, 104790.0], [116430.0, 104790.0], [116430.5, 104790.0], [116431.0, 104790.0], [116434.5, 155520.0], [116435.5, 20.0], [116436.0, 2120.0], [116436.5, 20.0], [116437.0, 20.0], [116437.5, 20.0], [116438.0, 20.0], [116438.5, 20.0], [116439.0, 20.0], [116441.0, 7000.0], [116442.5, 24570.0], [116447.5, 46690.0], [116449.5, 6000.0], [116450.0, 20000.0], [116455.0, 29520.0]]}}}
{"jsonrpc": "2.0", "method": "subscription", "params": {"channel": "book.BTC-PERPETUAL.none.20.100ms", "data": {"timestamp": 1755548351627, "change_id": 114001927943, "instrument_name": "BTC-PERPETUAL", "bids": [[116428.5, 457380.0], [116428.0, 95160.0], [116427.5, 160.0], [116427.0, 81690.0], [116426.0, 6000.0], [116425.5, 30000.0], [116424.5, 6590.0], [116424.0, 67750.0], [116423.0, 50000.0], [116420.5, 184550.0], [116420.0, 90.0], [116419.5, 490.0], [116419.0, 8140.0], [116418.0, 14090.0], [116416.5, 46860.0], [116411.0, 40000.0], [116410.5, 85100.0], [116410.0, 128050.0], [116407.5, 80.0], [116407.0, 155520.0]], "asks": [[116429.0, 458280.0], [116429.5, 104790.0], [116430.0, 104790.0], [116430.5, 104790.0], [116431.0, 104790.0], [116434.5, 155520.0], [116436.0, 16870.0], [116438.0, 50000.0], [116438.5, 20.0], [116439.0, 20.0], [116439.5, 20.0], [116441.0, 7000.0], [116442.5, 24870.0], [116447.5, 46690.0], [116449.5, 6000.0], [116450.0, 20000.0], [116455.0, 53300.0], [116455.5, 16430.0], [116458.5, 93880.0], [116459.0, 32890.0]]}}}
{"jsonrpc": "2.0", "method": "subscription", "params": {"channel": "book.BTC-PERPETUAL.none.20.100ms", "data": {"timestamp": 1755548351940, "change_id": 114001928352, "instrument_name": "BTC-PERPETUAL", "bids": [[116428.5, 518970.0], [116428.0, 78860.0], [116427.5, 160.0], [116427.0, 20100.0], [116426.5, 6590.0], [116426.0, 6000.0], [116425.5, 30000.0], [116424.0, 67750.0], [116423.0, 50000.0], [116420.5, 184550.0], [116420.0, 90.0], [116419.0, 8140.0], [116418.5, 490.0], [116418.0, 14090.0], [116416.5, 46860.0], [116411.0, 40000.0], [116410.5, 85100.0], [116410.0, 128050.0], [116407.5, 80.0], [116407.0, 155520.0]], "asks": [[116429.0, 459280.0], [116429.5, 104790.0], [116430.0, 104790.0], [116430.5, 104790.0], [116431.0, 104790.0], [116434.5, 155520.0], [116436.0, 16870.0], [116438.0, 70000.0], [116439.5, 20.0], [116441.0, 7000.0], [116442.5, 24870.0], [116447.5, 46690.0], [116449.5, 6000.0], [116450.0, 20000.0], [116455.0, 53300.0], [116455.5, 16430.0], [116458.5, 93880.0], [116459.0, 32890.0], [116460.0, 56560.0], [116460.5, 5630.0]]}}}
{"jsonrpc": "2.0", "method": "subscription", "params": {"channel": "book.BTC-PERPETUAL.none.20.100ms", "data": {"timestamp": 1755548352277, "change_id": 114001928638, "instrument_name": "BTC-PERPETUAL", "bids": [[116428.5, 457380.0], [116428.0, 94970.0], [116427.5, 160.0], [116427.0, 20100.0], [116426.5, 61590.0], [116426.0, 6000.0], [116425.5, 30000.0], [116424.5, 6590.0], [116424.0, 67750.0], [116423.0, 50000.0], [116420.5, 184550.0], [116420.0, 90.0], [116419.5, 490.0], [116419.0, 8140.0], [116418.0, 69800.0], [116416.5, 46860.0], [116412.5, 191680.0], [116411.0, 40000.0], [116410.5, 85100.0], [116410.0, 128050.0]], "asks": [[116429.0, 509580.0], [116429.5, 104790.0], [116430.0, 104790.0], [116430.5, 104790.0], [116431.0, 104790.0], [116434.5, 155520.0], [116436.0, 7840.0], [116438.0, 20000.0], [116439.5, 20.0], [116441.0, 7000.0], [116442.5, 24570.0], [116447.5, 46690.0], [116449.5, 6000.0], [116450.0, 20000.0], [116455.0, 53300.0], [116455.5, 16430.0], [116458.5, 93880.0], [116459.0, 32890.0], [116460.0, 113760.0], [116460.5, 5630.0]]}}}
{"jsonrpc": "2.0", "method": "subscription", "params": {"channel": "book.BTC-PERPETUAL.none.20.100ms", "data": {"timestamp": 1755548352621, "change_id": 114001928973, "instrument_name": "BTC-PERPETUAL", "bids": [[116428.5, 457380.0], [116428.0, 94970.0], [116427.5, 6750.0], [116427.0, 20100.0], [116426.5, 61590.0], [116426.0, 6000.0], [116425.5, 30000.0], [116424.0, 117750.0], [116420.5, 184550.0], [116420.0, 90.0], [116419.0, 8140.0], [116418.5, 490.0], [116418.0, 69800.0], [116416.5, 46860.0], [116412.5, 191680.0], [116411.0, 40000.0], [116410.5, 85100.0], [116410.0, 128050.0], [116407.5, 80.0], [116407.0, 155520.0]], "asks": [[116429.0, 509580.0], [116429.5, 104790.0], [116430.0, 104790.0], [116430.5, 104790.0], [116431.0, 104790.0], [116434.5, 155520.0], [116436.0, 7840.0], [116438.0, 20000.0], [116439.5, 20.0], [116441.0, 7000.0], [116442.5, 24570.0], [116447.5, 46690.0], [116449.5, 6000.0], [116450.0, 20000.0], [116455.0, 53300.0], [116455.5, 16430.0], [116458.5, 93880.0], [116459.0, 32890.0], [116460.0, 113760.0], [116460.5, 5630.0]]}}}
{"jsonrpc": "2.0", "method": "subscription", "params": {"channel": "book.BTC-PERPETUAL.none.20.100ms", "data": {"timestamp": 1755548352913, "change_id": 114001929216, "instrument_name": "BTC-PERPETUAL", "bids": [[116428.5, 457380.0], [116428.0, 94970.0], [116427.5, 160.0], [116427.0, 20100.0], [116426.5, 61590.0], [116426.0, 12590.0], [116425.5, 30000.0], [116424.0, 117750.0], [116420.5, 184550.0], [116420.0, 90.0], [116419.0, 8140.0], [116418.5, 490.0], [116418.0, 69800.0], [116416.5, 46860.0], [116412.5, 191680.0], [116411.0, 40000.0], [116410.5, 85100.0], [116410.0, 128050.0], [116407.5, 80.0], [116407.0, 155520.0]], "asks": [[116429.0, 509580.0], [116429.5, 104790.0], [116430.0, 104790.0], [116430.5, 104790.0], [116431.0, 104790.0], [116434.5, 155520.0], [116436.0, 7840.0], [116436.5, 20000.0], [116439.5, 20.0], [116441.0, 7000.0], [116442.5, 24570.0], [116447.0, 20000.0], [116447.5, 46690.0], [116455.0, 53300.0], [116455.5, 16430.0], [116458.5, 93880.0], [116459.0, 32890.0], [116460.0, 113760.0], [116460.5, 5630.0], [116463.5, 11000.0]]}}}
{"jsonrpc": "2.0", "method": "subscription", "params": {"channel": "book.BTC-PERPETUAL.none.20.100ms", "data": {"timestamp": 1755548353283, "change_id": 114001929945, "instrument_name": "BTC-PERPETUAL", "bids": [[116428.5, 585560.0], [116428.0, 34970.0], [116427.5, 160.0], [116427.0, 20100.0], [116426.0, 6000.0], [116425.5, 30000.0], [116424.0, 117750.0], [116422.5, 20.0], [116422.0, 20.0], [116421.5, 20.0], [116421.0, 20.0], [116420.5, 184550.0], [116420.0, 90.0], [116419.5, 490.0], [116419.0, 8140.0], [116418.0, 69800.0], [116416.5, 46860.0], [116412.5, 191680.0], [116411.0, 40000.0], [116410.5, 85100.0]], "asks": [[116429.0, 286590.0], [116429.5, 104790.0], [116430.0, 104790.0], [116430.5, 104790.0], [116431.0, 104790.0], [116434.5, 155520.0], [116438.0, 17110.0], [116438.5, 50000.0], [116441.0, 7000.0], [116446.5, 300.0], [116455.0, 53300.0], [116455.5, 16430.0], [116458.5, 93880.0], [116459.0, 32890.0], [116460.0, 113760.0], [116460.5, 5630.0], [116464.0, 191900.0], [116466.0, 8140.0], [116468.0, 11000.0], [116468.5, 35870.0]]}}}
{"jsonrpc": "2.0", "method": "subscription", "params": {"channel": "book.BTC-PERPETUAL.none.20.100ms", "data": {"timestamp": 1755548353614, "change_id": 114001930367, "instrument_name": "BTC-PERPETUAL", "bids": [[116428.5, 585560.0], [116428.0, 29520.0], [116427.5, 160.0], [116427.0, 20100.0], [116426.5, 50000.0], [116426.0, 6000.0], [116425.5, 30000.0], [116424.0, 46740.0], [116422.5, 20.0], [116422.0, 20.0], [116421.5, 20.0], [116421.0, 510.0], [116420.5, 184550.0], [116420.0, 90.0], [116419.0, 8140.0], [116418.0, 69800.0], [116416.5, 46860.0], [116412.5, 191680.0], [116411.0, 40000.0], [116410.5, 85100.0]], "asks": [[116429.0, 450120.0], [116429.5, 104790.0], [116430.0, 104790.0], [116430.5, 104790.0], [116431.0, 104790.0], [116431.5, 8140.0], [116434.5, 155520.0], [116438.0, 17110.0], [116438.5, 50000.0], [116441.0, 7000.0], [116446.5, 300.0], [116450.0, 6000.0], [116450.5, 20000.0], [116455.0, 53300.0], [116455.5, 16430.0], [116458.5, 93880.0], [116459.0, 32890.0], [116460.0, 113760.0], [116460.5, 5630.0], [116464.0, 191900.0]]}}}
{"jsonrpc": "2.0", "method": "subscription", "params": {"channel": "book.BTC-PERPETUAL.none.20.100ms", "data": {"timestamp": 1755548353930, "change_id": 114001930690, "instrument_name": "BTC-PERPETUAL", "bids": [[116428.5, 585560.0], [116428.0, 29520.0], [116427.5, 160.0], [116427.0, 20100.0], [116426.5, 50000.0], [116426.0, 6000.0], [116425.5, 30000.0], [116424.0, 46740.0], [116422.5, 20.0], [116422.0, 20.0], [116421.5, 20.0], [116421.0, 510.0], [116420.5, 184550.0], [116420.0, 90.0], [116419.0, 8140.0], [116418.0, 69800.0], [116416.5, 46860.0], [116412.5, 191680.0], [116411.0, 40000.0], [116410.5, 85100.0]], "asks": [[116429.0, 450120.0], [116429.5, 104790.0], [116430.0, 104790.0], [116430.5, 104790.0], [116431.0, 104790.0], [116431.5, 8140.0], [116434.5, 155520.0], [116438.0, 17110.0], [116438.5, 50000.0], [116441.0, 7000.0], [116446.5, 300.0], [116450.0, 6000.0], [116450.5, 20000.0], [116455.0, 53300.0], [116455.5, 16430.0], [116458.5, 93880.0], [116459.0, 32890.0], [116460.0, 113760.0], [116460.5, 5630.0], [116464.0, 191900.0]]}}}
{"jsonrpc": "2.0", "method": "subscription", "params": {"channel": "book.BTC-PERPETUAL.none.20.100ms", "data": {"timestamp": 1755548354271, "change_id": 114001931077, "instrument_name": "BTC-PERPETUAL", "bids": [[116428.5, 585560.0], [116428.0, 29520.0], [116427.5, 160.0], [116427.0, 20100.0], [116426.5, 50000.0], [116426.0, 6000.0], [116425.5, 30000.0], [116424.0, 56920.0], [116423.0, 164530.0], [116422.0, 20.0], [116421.5, 20.0], [116421.0, 510.0], [116420.5, 20020.0], [116420.0, 90.0], [116419.0, 8140.0], [116418.0, 69800.0], [116416.5, 46860.0], [116412.5, 191680.0], [116411.0, 40000.0], [116410.5, 100100.0]], "asks": [[116429.0, 450120.0], [116429.5, 104790.0], [116430.0, 104790.0], [116430.5, 104790.0], [116431.0, 104790.0], [116431.5, 8140.0], [116434.5, 155520.0], [116438.0, 17110.0], [116438.5, 50020.0], [116439.0, 20.0], [116439.5, 20.0], [116440.0, 20.0], [116440.5, 20.0], [116441.0, 7020.0], [116441.5, 20.0], [116446.5, 300.0], [116450.0, 6000.0], [116450.5, 20000.0], [116455.0, 53300.0], [116455.5, 16430.0]]}}}
{"jsonrpc": "2.0", "method": "subscription", "params": {"channel": "book.BTC-PERPETUAL.none.20.100ms", "data": {"timestamp": 1755548354603, "change_id": 114001931516, "instrument_name": "BTC-PERPETUAL", "bids": [[116428.5, 360720.0], [116428.0, 48640.0], [116427.5, 160.0], [116427.0, 70100.0], [116426.5, 61590.0], [116426.0, 6000.0], [116425.5, 30000.0], [116424.5, 6590.0], [116424.0, 56920.0], [116423.0, 164530.0], [116420.5, 20000.0], [116420.0, 90.0], [116419.5, 490.0], [116419.0, 8140.0], [116418.0, 69820.0], [116417.5, 20.0], [116417.0, 20.0], [116416.5, 46860.0], [116412.5, 191680.0], [116411.0, 40000.0]], "asks": [[116429.0, 471020.0], [116429.5, 104790.0], [116430.0, 104790.0], [116430.5, 104790.0], [116431.0, 104790.0], [116431.5, 8140.0], [116434.5, 155520.0], [116436.0, 20.0], [116436.5, 20.0], [116437.0, 20.0], [116437.5, 20.0], [116438.0, 29090.0], [116438.5, 50020.0], [116439.0, 20.0], [116441.0, 53860.0], [116446.5, 300.0], [116447.0, 6000.0], [116447.5, 20000.0], [116455.0, 53300.0], [116455.5, 16430.0]]}}}
{"jsonrpc": "2.0", "method": "subscription", "params": {"channel": "book.BTC-PERPETUAL.none.20.100ms", "data": {"timestamp": 1755548354917, "change_id": 114001931786, "instrument_name": "BTC-PERPETUAL", "bids": [[116428.5, 422310.0], [116428.0, 47620.0], [116427.5, 6750.0], [116427.0, 130100.0], [116426.0, 6000.0], [116425.0, 30000.0], [116424.0, 56920.0], [116423.0, 164530.0], [116421.0, 490.0], [116420.5, 20000.0], [116420.0, 90.0], [116419.0, 8140.0], [116418.0, 69820.0], [116417.5, 20.0], [116417.0, 20.0], [116416.5, 46860.0], [116412.5, 191680.0], [116411.0, 40000.0], [116410.5, 100100.0], [116410.0, 128050.0]], "asks": [[116429.0, 471020.0], [116429.5, 104790.0], [116430.0, 104790.0], [116430.5, 104790.0], [116431.0, 104790.0], [116431.5, 8140.0], [116434.5, 155520.0], [116437.0, 20000.0], [116437.5, 20.0], [116438.0, 29090.0], [116438.5, 50020.0], [116439.0, 20.0], [116441.0, 53860.0], [116446.5, 300.0], [116447.0, 6000.0], [116447.5, 20000.0], [116455.0, 53300.0], [116455.5, 16430.0], [116458.5, 93880.0], [116459.0, 32890.0]]}}}
{"jsonrpc": "2.0", "method": "subscription", "params": {"channel": "book.BTC-PERPETUAL.none.20.100ms", "data": {"timestamp": 1755548355219, "change_id": 114001932177, "instrument_name": "BTC-PERPETUAL", "bids": [[116428.5, 422310.0], [116428.0, 47620.0], [116427.5, 6750.0], [116427.0, 130100.0], [116426.0, 6000.0], [116425.0, 30000.0], [116424.0, 56920.0], [116423.0, 164530.0], [116421.0, 490.0], [116420.5, 20000.0], [116420.0, 90.0], [116419.0, 8140.0], [116418.0, 69820.0], [116417.5, 20.0], [116417.0, 20.0], [116416.5, 46860.0], [116412.5, 191680.0], [116411.0, 40000.0], [116410.5, 100100.0], [116410.0, 128050.0]], "asks": [[116429.0, 471320.0], [116429.5, 104790.0], [116430.0, 104790.0], [116430.5, 104790.0], [116431.0, 104790.0], [116431.5, 8140.0], [116434.5, 155520.0], [116437.0, 20000.0], [116437.5, 20.0], [116438.0, 29090.0], [116438.5, 50020.0], [116439.0, 20.0], [116441.0, 53860.0], [116447.0, 6000.0], [116447.5, 20000.0], [116455.0, 29520.0], [116455.5, 16430.0], [116459.0, 32890.0], [116460.0, 113760.0], [116460.5, 5630.0]]}}}
{"jsonrpc": "2.0", "method": "subscription", "params": {"channel": "book.BTC-PERPETUAL.none.20.100ms", "data": {"timestamp": 1755548355588, "change_id": 114001932506, "instrument_name": "BTC-PERPETUAL", "bids": [[116428.5, 456030.0], [116428.0, 47620.0], [116427.5, 56590.0], [116427.0, 80100.0], [116426.0, 6000.0], [116425.0, 30000.0], [116424.0, 56920.0], [116423.0, 164530.0], [116421.5, 490.0], [116421.0, 20.0], [116420.5, 20020.0], [116420.0, 110.0], [116419.5, 20.0], [116419.0, 8140.0], [116418.0, 69800.0], [116416.5, 46860.0], [116412.5, 191680.0], [116411.0, 40000.0], [116410.5, 100100.0], [116410.0, 128050.0]], "asks": [[116429.0, 471370.0], [116429.5, 104790.0], [116430.0, 104790.0], [116430.5, 104790.0], [116431.0, 104790.0], [116431.5, 8140.0], [116434.5, 155520.0], [116437.0, 20000.0], [116437.5, 20.0], [116438.0, 29090.0], [116438.5, 50020.0], [116439.0, 20.0], [116439.5, 20.0], [116440.0, 20.0], [116440.5, 20.0], [116441.0, 53880.0], [116442.0, 300.0], [116447.0, 6000.0], [116447.5, 20000.0], [116455.0, 29520.0]]}}}
{"jsonrpc": "2.0", "method": "subscription", "params": {"channel": "book.BTC-PERPETUAL.none.20.100ms", "data": {"timestamp": 1755548355904, "change_id": 114001932809, "instrument_name": "BTC-PERPETUAL", "bids": [[116428.5, 462620.0], [116428.0, 47620.0], [116427.5, 50000.0], [116427.0, 80100.0], [116426.0, 6000.0], [116425.0, 30000.0], [116424.0, 56920.0], [116423.0, 164530.0], [116421.0, 490.0], [116420.5, 20000.0], [116420.0, 110.0], [116419.5, 20.0], [116419.0, 8160.0], [116418.5, 20.0], [116418.0, 69820.0], [116416.5, 46860.0], [116412.5, 191680.0], [116411.0, 40000.0], [116410.5, 100100.0], [116410.0, 128050.0]], "asks": [[116429.0, 471020.0], [116429.5, 104790.0], [116430.0, 104790.0], [116430.5, 104790.0], [116431.0, 104790.0], [116431.5, 8140.0], [116434.5, 155520.0], [116436.0, 20.0], [116436.5, 20.0], [116437.0, 20020.0], [116437.5, 20.0], [116438.0, 29090.0], [116438.5, 50020.0], [116439.0, 20.0], [116441.0, 53860.0], [116442.0, 300.0], [116447.0, 6000.0], [116447.5, 20000.0], [116455.0, 29520.0], [116455.5, 16430.0]]}}}
{"jsonrpc": "2.0", "method": "subscription", "params": {"channel": "book.BTC-PERPETUAL.none.20.100ms", "data": {"timestamp": 1755548356225, "change_id": 114001933211, "instrument_name": "BTC-PERPETUAL", "bids": [[116428.5, 462620.0], [116428.0, 47620.0], [116427.5, 50000.0], [116427.0, 80100.0], [116426.0, 6000.0], [116425.0, 30000.0], [116424.0, 56920.0], [116423.0, 164530.0], [116421.0, 490.0], [116420.5, 20000.0], [116420.0, 90.0], [116419.5, 20.0], [116419.0, 8160.0], [116418.5, 20.0], [116418.0, 69820.0], [116416.5, 46860.0], [116412.5, 191680.0], [116411.0, 40000.0], [116410.5, 100100.0], [116410.0, 128050.0]], "asks": [[116429.0, 479460.0], [116429.5, 104790.0], [116430.0, 104790.0], [116430.5, 104790.0], [116431.0, 104790.0], [116434.5, 155520.0], [116436.5, 20.0], [116437.0, 20020.0], [116437.5, 20.0], [116438.0, 29090.0], [116438.5, 50020.0], [116439.0, 20.0], [116441.0, 53860.0], [116442.5, 8140.0], [116447.0, 6000.0], [116447.5, 20000.0], [116455.0, 29520.0], [116455.5, 16430.0], [116459.0, 32890.0], [116459.5, 36860.0]]}}}
{"jsonrpc": "2.0", "method": "subscription", "params": {"channel": "book.BTC-PERPETUAL.none.20.100ms", "data": {"timestamp": 1755548356587, "change_id": 114001933518, "instrument_name": "BTC-PERPETUAL", "bids": [[116428.5, 479920.0], [116428.0, 47620.0], [116427.0, 130100.0], [116426.0, 6000.0], [116425.0, 30000.0], [116424.0, 56910.0], [116421.5, 164530.0], [116421.0, 20.0], [116420.5, 20020.0], [116420.0, 110.0], [116419.5, 490.0], [116419.0, 8140.0], [116418.0, 69800.0], [116416.5, 46860.0], [116412.5, 191680.0], [116411.0, 40000.0], [116410.5, 100100.0], [116410.0, 128050.0], [116407.5, 80.0], [116407.0, 155520.0]], "asks": [[116429.0, 479160.0], [116429.5, 104790.0], [116430.0, 104790.0], [116430.5, 104790.0], [116431.0, 104790.0], [116434.5, 155520.0], [116437.0, 20000.0], [116438.0, 29090.0], [116438.5, 50020.0], [116439.0, 20.0], [116441.0, 53860.0], [116442.0, 300.0], [116442.5, 8140.0], [116447.0, 6000.0], [116447.5, 20000.0], [116455.0, 29520.0], [116455.5, 16430.0], [116459.0, 32890.0], [116459.5, 36860.0], [116460.0, 113760.0]]}}}
{"jsonrpc": "2.0", "method": "subscription", "params": {"channel": "book.BTC-PERPETUAL.none.20.100ms", "data": {"timestamp": 1755548356913, "change_id": 114001933836, "instrument_name": "BTC-PERPETUAL", "bids": [[116428.5, 462620.0], [116428.0, 47620.0], [116427.0, 130100.0], [116426.0, 6000.0], [116425.0, 30000.0], [116424.0, 56910.0], [116422.5, 20.0], [116422.0, 20.0], [116421.5, 164530.0], [116421.0, 20.0], [116420.5, 20020.0], [116420.0, 90.0], [116419.5, 490.0], [116419.0, 8140.0], [116418.0, 69800.0], [116416.5, 46860.0], [116412.5, 191850.0], [116411.0, 40000.0], [116410.5, 100100.0], [116410.0, 128050.0]], "asks": [[116429.0, 478160.0], [116429.5, 104790.0], [116430.0, 104790.0], [116430.5, 104790.0], [116431.0, 104790.0], [116434.5, 155520.0], [116437.0, 20000.0], [116438.0, 29070.0], [116438.5, 50000.0], [116439.0, 20.0], [116439.5, 20.0], [116440.0, 20.0], [116440.5, 20.0], [116441.0, 53880.0], [116441.5, 20.0], [116442.0, 300.0], [116442.5, 8140.0], [116447.0, 6000.0], [116447.5, 20000.0], [116455.0, 29520.0]]}}}
{"jsonrpc": "2.0", "method": "subscription", "params": {"channel": "book.BTC-PERPETUAL.none.20.100ms", "data": {"timestamp": 1755548357244, "change_id": 114001934255, "instrument_name": "BTC-PERPETUAL", "bids": [[116428.5, 462620.0], [116428.0, 47620.0], [116427.0, 70100.0], [116426.5, 60000.0], [116426.0, 6000.0], [116425.0, 30000.0], [116424.0, 56910.0], [116421.5, 164510.0], [116420.5, 20020.0], [116420.0, 90.0], [116419.5, 490.0], [116419.0, 8140.0], [116418.0, 69800.0], [116416.5, 46860.0], [116412.5, 191850.0], [116411.0, 40000.0], [116410.5, 100100.0], [116410.0, 128050.0], [116407.5, 80.0], [116407.0, 155520.0]], "asks": [[116429.0, 479460.0], [116429.5, 104790.0], [116430.0, 104790.0], [116430.5, 104790.0], [116431.0, 104790.0], [116434.5, 155520.0], [116437.0, 20000.0], [116438.0, 29070.0], [116438.5, 50000.0], [116439.0, 20.0], [116439.5, 20.0], [116440.0, 20.0], [116440.5, 20.0], [116441.0, 53880.0], [116441.5, 20.0], [116442.5, 8140.0], [116447.0, 6000.0], [116447.5, 20000.0], [116455.0, 29520.0], [116455.5, 16430.0]]}}}
{"jsonrpc": "2.0", "method": "subscription", "params": {"channel": "book.BTC-PERPETUAL.none.20.100ms", "data": {"timestamp": 1755548357545, "change_id": 114001934491, "instrument_name": "BTC-PERPETUAL", "bids": [[116428.5, 456030.0], [116428.0, 47620.0], [116427.0, 76690.0], [116426.5, 60000.0], [116426.0, 6000.0], [116425.0, 30000.0], [116424.0, 56910.0], [116422.5, 160.0], [116421.5, 164510.0], [116421.0, 20.0], [116420.5, 20020.0], [116420.0, 110.0], [116419.5, 510.0], [116419.0, 8160.0], [116418.0, 69800.0], [116416.5, 46860.0], [116412.5, 191850.0], [116411.0, 40000.0], [116410.5, 100100.0], [116410.0, 128050.0]], "asks": [[116429.0, 479460.0], [116429.5, 104790.0], [116430.0, 104790.0], [116430.5, 104790.0], [116431.0, 104790.0], [116434.5, 155520.0], [116435.0, 1000.0], [116437.0, 20000.0], [116437.5, 20.0], [116438.0, 29090.0], [116438.5, 50020.0], [116439.0, 20.0], [116439.5, 20.0], [116440.0, 20.0], [116440.5, 20.0], [116441.0, 53880.0], [116442.5, 8140.0], [116447.0, 6000.0], [116447.5, 20000.0], [116455.0, 29520.0]]}}}
{"jsonrpc": "2.0", "method": "subscription", "params": {"channel": "book.BTC-PERPETUAL.none.20.100ms", "data": {"timestamp": 1755548357774, "change_id": 114001934670, "instrument_name": "BTC-PERPETUAL", "bids": [[116428.5, 456030.0], [116428.0, 47620.0], [116427.0, 76690.0], [116426.5, 60000.0], [116426.0, 6000.0], [116425.0, 30000.0], [116424.0, 56910.0], [116422.5, 160.0], [116421.5, 164510.0], [116421.0, 20.0], [116420.5, 20020.0], [116420.0, 110.0], [116419.5, 510.0], [116419.0, 8160.0], [116418.0, 69800.0], [116416.5, 46860.0], [116412.5, 191850.0], [116411.0, 40000.0], [116410.5, 100100.0], [116410.0, 128050.0]], "asks": [[116429.0, 479460.0], [116429.5, 104790.0], [116430.0, 104790.0], [116430.5, 104790.0], [116431.0, 104790.0], [116434.5, 155520.0], [116435.0, 1000.0], [116437.0, 20000.0], [116437.5, 20.0], [116438.0, 29090.0], [116438.5, 50020.0], [116439.0, 20.0], [116439.5, 20.0], [116440.0, 20.0], [116440.5, 20.0], [116441.0, 53880.0], [116442.5, 8140.0], [116447.0, 6000.0], [116447.5, 20000.0], [116455.0, 29520.0]]}}}
{"jsonrpc": "2.0", "method": "subscription", "params": {"channel": "book.BTC-PERPETUAL.none.20.100ms", "data": {"timestamp": 1755548358233, "change_id": 114001935350, "instrument_name": "BTC-PERPETUAL", "bids": [[116428.5, 462860.0], [116428.0, 47620.0], [116427.0, 70100.0], [116426.5, 60000.0], [116426.0, 6000.0], [116425.0, 30000.0], [116424.0, 56910.0], [116422.5, 160.0], [116421.5, 164510.0], [116420.5, 20020.0], [116420.0, 110.0], [116419.5, 490.0], [116419.0, 8140.0], [116418.0, 69800.0], [116416.5, 46860.0], [116412.5, 191850.0], [116411.0, 40000.0], [116410.5, 100100.0], [116410.0, 128050.0], [116407.5, 1080.0]], "asks": [[116429.0, 479460.0], [116429.5, 104790.0], [116430.0, 104790.0], [116430.5, 104790.0], [116431.0, 104790.0], [116434.5, 155520.0], [116435.0, 1000.0], [116435.5, 20000.0], [116436.5, 20.0], [116437.0, 20.0], [116437.5, 20.0], [116438.0, 29090.0], [116438.5, 50020.0], [116439.0, 20.0], [116439.5, 20.0], [116440.0, 20.0], [116441.0, 53860.0], [116442.5, 8140.0], [116447.0, 6000.0], [116447.5, 20000.0]]}}}
{"jsonrpc": "2.0", "method": "subscription", "params": {"channel": "book.BTC-PERPETUAL.none.20.100ms", "data": {"timestamp": 1755548358555, "change_id": 114001935680, "instrument_name": "BTC-PERPETUAL", "bids": [[116428.5, 462860.0], [116428.0, 47620.0], [116427.5, 50000.0], [116427.0, 20100.0], [116426.0, 66000.0], [116425.0, 30000.0], [116424.0, 56910.0], [116422.5, 160.0], [116421.5, 164510.0], [116420.5, 20000.0], [116420.0, 90.0], [116419.5, 490.0], [116419.0, 8140.0], [116418.0, 69800.0], [116416.5, 46860.0], [116412.5, 191850.0], [116411.0, 40000.0], [116410.5, 100100.0], [116410.0, 128050.0], [116407.5, 80.0]], "asks": [[116429.0, 479510.0], [116429.5, 104790.0], [116430.0, 104790.0], [116430.5, 104790.0], [116431.0, 104790.0], [116434.5, 155520.0], [116435.0, 1000.0], [116438.0, 29070.0], [116438.5, 50000.0], [116439.5, 20.0], [116440.0, 20.0], [116440.5, 20.0], [116441.0, 53880.0], [116442.5, 8140.0], [116443.5, 300.0], [116447.0, 6000.0], [116447.5, 20000.0], [116455.0, 29520.0], [116455.5, 16430.0], [116459.0, 32890.0]]}}}
{"jsonrpc": "2.0", "method": "subscription", "params": {"channel": "book.BTC-PERPETUAL.none.20.100ms", "data": {"timestamp": 1755548358893, "change_id": 114001936046, "instrument_name": "BTC-PERPETUAL", "bids": [[116428.5, 462860.0], [116428.0, 47620.0], [116427.5, 50000.0], [116427.0, 20100.0], [116426.0, 66000.0], [116425.0, 30000.0], [116424.0, 56910.0], [116422.5, 160.0], [116421.5, 164510.0], [116420.5, 20000.0], [116420.0, 110.0], [116419.5, 510.0], [116419.0, 8160.0], [116418.0, 69800.0], [116416.5, 46860.0], [116412.5, 191850.0], [116411.0, 40000.0], [116410.5, 100100.0], [116410.0, 128050.0], [116407.5, 80.0]], "asks": [[116429.0, 479460.0], [116429.5, 104790.0], [116430.0, 104790.0], [116430.5, 104790.0], [116431.0, 104790.0], [116434.5, 155520.0], [116435.0, 1000.0], [116438.0, 29070.0], [116438.5, 50000.0], [116439.5, 20.0], [116440.0, 20.0], [116440.5, 20.0], [116441.0, 53880.0], [116442.5, 8140.0], [116447.0, 6000.0], [116447.5, 20000.0], [116455.0, 29520.0], [116455.5, 16430.0], [116459.0, 32890.0], [116459.5, 36860.0]]}}}
{"jsonrpc": "2.0", "method": "subscription", "params": {"channel": "book.BTC-PERPETUAL.none.20.100ms", "data": {"timestamp": 1755548359151, "change_id": 114001936275, "instrument_name": "BTC-PERPETUAL", "bids": [[116428.5, 462860.0], [116428.0, 47620.0], [116427.5, 50000.0], [116427.0, 20100.0], [116426.0, 56000.0], [116425.0, 30000.0], [116424.0, 56910.0], [116422.5, 160.0], [116421.5, 164510.0], [116420.5, 20000.0], [116420.0, 90.0], [116419.5, 510.0], [116419.0, 8160.0], [116418.5, 20.0], [116418.0, 69820.0], [116416.5, 46860.0], [116412.5, 191850.0], [116411.0, 40000.0], [116410.5, 100100.0], [116410.0, 128050.0]], "asks": [[116429.0, 479460.0], [116429.5, 104790.0], [116430.0, 104790.0], [116430.5, 104790.0], [116431.0, 104790.0], [116434.5, 155520.0], [116435.0, 1000.0], [116438.0, 29070.0], [116438.5, 50000.0], [116439.5, 20.0], [116440.0, 20.0], [116440.5, 20.0], [116441.0, 53880.0], [116442.5, 8140.0], [116447.0, 6000.0], [116447.5, 20000.0], [116455.0, 29520.0], [116455.5, 16430.0], [116457.5, 90.0], [116459.0, 32890.0]]}}}
{"jsonrpc": "2.0", "method": "subscription", "params": {"channel": "book.BTC-PERPETUAL.none.20.100ms", "data": {"timestamp": 1755548359564, "change_id": 114001936757, "instrument_name": "BTC-PERPETUAL", "bids": [[116428.5, 360780.0], [116428.0, 47620.0], [116427.5, 50000.0], [116427.0, 20100.0], [116426.5, 61590.0], [116426.0, 6000.0], [116425.0, 30000.0], [116424.5, 6590.0], [116424.0, 8640.0], [116422.5, 160.0], [116420.5, 20000.0], [116420.0, 90.0], [116419.0, 8140.0], [116418.5, 490.0], [116418.0, 69800.0], [116416.5, 46860.0], [116412.5, 191850.0], [116411.0, 40000.0], [116410.5, 100100.0], [116410.0, 128050.0]], "asks": [[116429.0, 479460.0], [116429.5, 104790.0], [116430.0, 104790.0], [116430.5, 104790.0], [116431.0, 104790.0], [116434.0, 20.0], [116434.5, 155540.0], [116435.0, 20.0], [116435.5, 20.0], [116436.0, 20020.0], [116436.5, 20.0], [116437.0, 20.0], [116437.5, 20.0], [116438.0, 29070.0], [116438.5, 50000.0], [116441.0, 53860.0], [116442.5, 8140.0], [116447.0, 6000.0], [116447.5, 20000.0], [116455.0, 29520.0]]}}}
{"jsonrpc": "2.0", "method": "subscription", "params": {"channel": "book.BTC-PERPETUAL.none.20.100ms", "data": {"timestamp": 1755548359848, "change_id": 114001937130, "instrument_name": "BTC-PERPETUAL", "bids": [[116428.5, 360780.0], [116428.0, 33860.0], [116427.5, 50000.0], [116427.0, 20100.0], [116426.0, 6000.0], [116425.0, 30000.0], [116424.0, 56780.0], [116422.5, 160.0], [116422.0, 61590.0], [116420.5, 26590.0], [116420.0, 164580.0], [116419.0, 8140.0], [116418.0, 69800.0], [116417.5, 20.0], [116417.0, 490.0], [116416.5, 46860.0], [116412.5, 191850.0], [116411.0, 40000.0], [116410.5, 100100.0], [116410.0, 128050.0]], "asks": [[116429.0, 529810.0], [116429.5, 104790.0], [116430.0, 104790.0], [116430.5, 104790.0], [116431.0, 104790.0], [116434.5, 155520.0], [116435.0, 20.0], [116435.5, 20.0], [116436.0, 20020.0], [116436.5, 20.0], [116437.0, 20.0], [116437.5, 20.0], [116438.0, 17110.0], [116441.0, 53860.0], [116442.5, 8140.0], [116447.0, 6000.0], [116447.5, 20000.0], [116455.0, 42820.0], [116455.5, 16430.0], [116457.5, 90.0]]}}}
{"jsonrpc": "2.0", "method": "subscription", "params": {"channel": "book.BTC-PERPETUAL.none.20.100ms", "data": {"timestamp": 1755548360226, "change_id": 114001937591, "instrument_name": "BTC-PERPETUAL", "bids": [[116428.5, 339270.0], [116428.0, 33860.0], [116427.5, 50000.0], [116427.0, 20100.0], [116426.0, 6000.0], [116425.0, 30000.0], [116424.0, 56780.0], [116422.5, 160.0], [116420.5, 81590.0], [116420.0, 164580.0], [116419.0, 8140.0], [116418.5, 6590.0], [116418.0, 69800.0], [116417.5, 20.0], [116417.0, 490.0], [116416.5, 46860.0], [116412.5, 191850.0], [116411.0, 40000.0], [116410.5, 100100.0], [116410.0, 128050.0]], "asks": [[116429.0, 314930.0], [116429.5, 104790.0], [116430.0, 104790.0], [116430.5, 104790.0], [116431.0, 104790.0], [116434.0, 20000.0], [116434.5, 155520.0], [116435.5, 20.0], [116436.0, 20.0], [116436.5, 20.0], [116437.0, 20.0], [116437.5, 31180.0], [116438.0, 50000.0], [116441.0, 53860.0], [116442.0, 8140.0], [116442.5, 8140.0], [116444.0, 20000.0], [116455.0, 42820.0], [116455.5, 16430.0], [116457.5, 90.0]]}}}
{"jsonrpc": "2.0", "method": "subscription", "params": {"channel": "book.BTC-PERPETUAL.none.20.100ms", "data": {"timestamp": 1755548360548, "change_id": 114001937860, "instrument_name": "BTC-PERPETUAL", "bids": [[116428.5, 339270.0], [116428.0, 22830.0], [116427.5, 50000.0], [116427.0, 20100.0], [116426.0, 6000.0], [116424.0, 56780.0], [116422.5, 160.0], [116420.5, 81590.0], [116420.0, 164580.0], [116419.0, 8140.0], [116418.5, 6590.0], [116418.0, 69800.0], [116417.5, 20.0], [116417.0, 490.0], [116416.5, 46860.0], [116412.5, 191850.0], [116411.0, 40000.0], [116410.5, 100100.0], [116410.0, 128050.0], [116407.5, 80.0]], "asks": [[116429.0, 479410.0], [116429.5, 104790.0], [116430.0, 104790.0], [116430.5, 104790.0], [116431.0, 104790.0], [116434.5, 155520.0], [116435.5, 20.0], [116436.0, 20020.0], [116436.5, 20.0], [116437.0, 20.0], [116437.5, 31180.0], [116438.0, 50000.0], [116441.0, 53860.0], [116442.0, 8140.0], [116442.5, 8140.0], [116444.0, 20000.0], [116455.0, 42820.0], [116455.5, 16430.0], [116457.5, 90.0], [116459.0, 32890.0]]}}}
{"jsonrpc": "2.0", "method": "subscription", "params": {"channel": "book.BTC-PERPETUAL.none.20.100ms", "data": {"timestamp": 1755548360855, "change_id": 114001938232, "instrument_name": "BTC-PERPETUAL", "bids": [[116428.5, 339270.0], [116428.0, 22830.0], [116427.5, 50000.0], [116427.0, 20100.0], [116426.0, 6000.0], [116424.0, 56780.0], [116422.5, 160.0], [116420.5, 20000.0], [116420.0, 164580.0], [116419.0, 69730.0], [116418.5, 6590.0], [116418.0, 69800.0], [116417.5, 20.0], [116417.0, 510.0], [116416.5, 46880.0], [116416.0, 20.0], [116415.5, 20.0], [116412.5, 191850.0], [116411.0, 40000.0], [116410.5, 100100.0]], "asks": [[116429.0, 529410.0], [116429.5, 104790.0], [116430.0, 104790.0], [116430.5, 104790.0], [116431.0, 104790.0], [116433.5, 20.0], [116434.0, 20.0], [116434.5, 155540.0], [116435.0, 20.0], [116435.5, 20.0], [116436.0, 20020.0], [116436.5, 20.0], [116437.0, 20.0], [116437.5, 16160.0], [116441.0, 53860.0], [116442.0, 8140.0], [116442.5, 8140.0], [116444.0, 20000.0], [116455.0, 42820.0], [116455.5, 16430.0]]}}}
{"jsonrpc": "2.0", "method": "subscription", "params": {"channel": "book.BTC-PERPETUAL.none.20.100ms", "data": {"timestamp": 1755548361223, "change_id": 114001938627, "instrument_name": "BTC-PERPETUAL", "bids": [[116428.5, 339270.0], [116428.0, 22830.0], [116427.5, 50000.0], [116427.0, 20100.0], [116426.0, 6000.0], [116424.0, 86780.0], [116422.5, 160.0], [116420.5, 20000.0], [116420.0, 164580.0], [116419.0, 69730.0], [116418.5, 6590.0], [116418.0, 69800.0], [116417.5, 20.0], [116417.0, 510.0], [116416.5, 46880.0], [116416.0, 20.0], [116415.5, 20.0], [116412.5, 191850.0], [116411.0, 40000.0], [116410.5, 100100.0]], "asks": [[116429.0, 529410.0], [116429.5, 104790.0], [116430.0, 104790.0], [116430.5, 104790.0], [116431.0, 104790.0], [116433.5, 20.0], [116434.0, 20.0], [116434.5, 155540.0], [116435.0, 20.0], [116435.5, 20.0], [116436.0, 20020.0], [116436.5, 20.0], [116437.0, 20.0], [116437.5, 16160.0], [116441.0, 53860.0], [116442.0, 8140.0], [116442.5, 8140.0], [116444.0, 20000.0], [116455.0, 42820.0], [116455.5, 16430.0]]}}}
{"jsonrpc": "2.0", "method": "subscription", "params": {"channel": "book.BTC-PERPETUAL.none.20.100ms", "data": {"timestamp": 1755548361551, "change_id": 114001939412, "instrument_name": "BTC-PERPETUAL", "bids": [[116428.5, 113810.0], [116428.0, 37970.0], [116427.5, 50000.0], [116427.0, 20100.0], [116426.0, 6000.0], [116424.5, 19140.0], [116424.0, 53990.0], [116422.5, 160.0], [116420.5, 20000.0], [116420.0, 90.0], [116418.5, 54990.0], [116418.0, 113170.0], [116416.0, 164480.0], [116415.5, 50000.0], [116412.5, 191850.0], [116410.5, 100100.0], [116410.0, 128050.0], [116408.0, 68180.0], [116407.5, 570.0], [116407.0, 155520.0]], "asks": [[116429.0, 624310.0], [116429.5, 200800.0], [116430.0, 104810.0], [116430.5, 104810.0], [116431.0, 104810.0], [116431.5, 20.0], [116432.0, 20.0], [116432.5, 20.0], [116433.0, 20.0], [116433.5, 20.0], [116434.5, 155520.0], [116437.5, 16160.0], [116441.0, 53860.0], [116442.0, 2440.0], [116442.5, 8140.0], [116454.5, 11000.0], [116455.0, 53820.0], [116455.5, 16430.0], [116457.5, 90.0], [116459.0, 32890.0]]}}}
{"jsonrpc": "2.0", "method": "subscription", "params": {"channel": "book.BTC-PERPETUAL.none.20.100ms", "data": {"timestamp": 1755548361884, "change_id": 114001939791, "instrument_name": "BTC-PERPETUAL", "bids": [[116428.5, 188810.0], [116428.0, 37970.0], [116427.5, 11000.0], [116427.0, 20100.0], [116426.0, 6000.0], [116425.0, 50000.0], [116424.5, 8140.0], [116424.0, 53990.0], [116422.5, 160.0], [116420.5, 20000.0], [116420.0, 25090.0], [116418.5, 29990.0], [116418.0, 113170.0], [116416.0, 164480.0], [116415.5, 50000.0], [116413.5, 20.0], [116413.0, 20.0], [116412.5, 191870.0], [116412.0, 20.0], [116411.5, 61590.0]], "asks": [[116429.0, 624390.0], [116429.5, 200800.0], [116430.0, 104790.0], [116430.5, 104810.0], [116431.0, 104810.0], [116431.5, 20.0], [116432.0, 20.0], [116432.5, 20.0], [116433.0, 20.0], [116433.5, 20.0], [116434.5, 155520.0], [116437.5, 16160.0], [116441.0, 53860.0], [116442.0, 2440.0], [116442.5, 8140.0], [116454.5, 11000.0], [116455.0, 53820.0], [116455.5, 16430.0], [116457.5, 90.0], [116459.0, 32890.0]]}}}
