{"jsonrpc": "2.0", "id": 1, "result": ["book.BTC-PERPETUAL.none.20.100ms"], "usIn": 1773417816965125, "usOut": 1773417816965714, "usDiff": 589, "testnet": false}
{"jsonrpc": "2.0", "method": "subscription", "params": {"channel": "book.BTC-PERPETUAL.none.20.100ms", "data": {"timestamp": 1773417816940, "change_id": 145407333680, "instrument_name": "BTC-PERPETUAL", "bids": [[71687.5, 30000.0], [71686.0, 80.0], [71685.5, 35250.0], [71682.0, 1850.0], [71678.5, 25000.0], [71675.5, 2250.0], [71672.5, 500.0], [71669.5, 100.0], [71669.0, 210.0], [71668.0, 8130.0], [71664.0, 40.0], [71660.0, 18400.0], [71659.0, 210.0], [71658.0, 36340.0], [71655.0, 2030.0], [71654.0, 5200.0], [71652.5, 7600.0], [71651.0, 10.0], [71650.5, 5250.0], [71650.0, 9770.0]], "asks": [[71694.5, 14000.0], [71700.5, 92110.0], [71701.0, 6000.0], [71704.5, 26350.0], [71705.0, 40000.0], [71707.0, 39770.0], [71708.0, 13010.0], [71708.5, 6000.0], [71709.5, 6000.0], [71710.0, 6000.0], [71711.5, 500.0], [71713.5, 2350.0], [71714.5, 100.0], [71715.0, 10.0], [71716.0, 6620.0], [71716.5, 7540.0], [71717.0, 6000.0], [71718.0, 7490.0], [71719.0, 40220.0], [71719.5, 48950.0]]}}}
{"jsonrpc": "2.0", "method": "subscription", "params": {"channel": "book.BTC-PERPETUAL.none.20.100ms", "data": {"timestamp": 1773417817043, "change_id": 145407335608, "instrument_name": "BTC-PERPETUAL", "bids": [[71672.5, 500.0], [71669.5, 100.0], [71669.0, 210.0], [71668.0, 8130.0], [71666.5, 1000.0], [71664.0, 40.0], [71662.0, 10.0], [71660.0, 18400.0], [71659.0, 210.0], [71658.0, 510.0], [71655.0, 2030.0], [71654.0, 5200.0], [71651.0, 10.0], [71650.0, 9770.0], [71649.0, 220.0], [71646.0, 2270.0], [71645.5, 8110.0], [71644.0, 2280.0], [71641.5, 7600.0], [71638.0, 6470.0]], "asks": [[71686.5, 14000.0], [71688.0, 25510.0], [71694.5, 28030.0], [71700.0, 29290.0], [71700.5, 108310.0], [71701.0, 6000.0], [71704.5, 26350.0], [71705.0, 40000.0], [71707.0, 5770.0], [71708.0, 13010.0], [71708.5, 6000.0], [71709.5, 6500.0], [71710.0, 6000.0], [71714.5, 100.0], [71715.0, 10.0], [71716.0, 6620.0], [71716.5, 7540.0], [71717.0, 6000.0], [71718.0, 7490.0], [71719.0, 40220.0]]}}}
{"jsonrpc": "2.0", "method": "subscription", "params": {"channel": "book.BTC-PERPETUAL.none.20.100ms", "data": {"timestamp": 1773417817499, "change_id": 145407339187, "instrument_name": "BTC-PERPETUAL", "bids": [[71674.0, 6520.0], [71673.5, 5000.0], [71670.0, 410.0], [71669.0, 490.0], [71668.5, 34000.0], [71665.0, 8710.0], [71664.5, 30000.0], [71664.0, 24620.0], [71663.5, 2890.0], [71662.0, 5420.0], [71661.5, 15000.0], [71661.0, 36940.0], [71660.0, 10860.0], [71659.5, 2230.0], [71659.0, 4080.0], [71656.0, 5490.0], [71655.5, 12990.0], [71655.0, 2030.0], [71654.0, 5200.0], [71653.5, 7530.0]], "asks": [[71674.5, 1500.0], [71679.0, 42900.0], [71682.0, 2890.0], [71683.5, 2110.0], [71685.0, 4100.0], [71686.5, 6560.0], [71687.0, 5500.0], [71687.5, 11380.0], [71688.0, 36350.0], [71689.0, 1730.0], [71690.5, 4410.0], [71691.0, 5000.0], [71694.0, 20730.0], [71694.5, 37730.0], [71695.0, 13530.0], [71696.5, 3720.0], [71697.5, 6600.0], [71699.0, 39660.0], [71699.5, 5500.0], [71700.0, 7000.0]]}}}
{"jsonrpc": "2.0", "method": "subscription", "params": {"channel": "book.BTC-PERPETUAL.none.20.100ms", "data": {"timestamp": 1773417817839, "change_id": 145407341308, "instrument_name": "BTC-PERPETUAL", "bids": [[71676.0, 4000.0], [71675.0, 13720.0], [71674.5, 34000.0], [71674.0, 4690.0], [71673.5, 5000.0], [71664.5, 8210.0], [71664.0, 24620.0], [71663.5, 2890.0], [71662.0, 25570.0], [71661.5, 35430.0], [71661.0, 36940.0], [71660.0, 10860.0], [71659.5, 2230.0], [71659.0, 210.0], [71657.5, 5000.0], [71657.0, 5840.0], [71656.5, 12990.0], [71656.0, 6590.0], [71655.0, 2030.0], [71654.5, 17080.0]], "asks": [[71686.0, 45500.0], [71693.0, 10850.0], [71693.5, 35000.0], [71694.0, 11940.0], [71694.5, 34000.0], [71695.0, 6000.0], [71698.5, 120.0], [71699.0, 6600.0], [71699.5, 5500.0], [71700.0, 26800.0], [71700.5, 52800.0], [71701.0, 6000.0], [71704.5, 33830.0], [71705.0, 81030.0], [71705.5, 7530.0], [71707.0, 5770.0], [71707.5, 13000.0], [71708.0, 6000.0], [71708.5, 6500.0], [71709.0, 11040.0]]}}}
{"jsonrpc": "2.0", "method": "subscription", "params": {"channel": "book.BTC-PERPETUAL.none.20.100ms", "data": {"timestamp": 1773417818155, "change_id": 145407343696, "instrument_name": "BTC-PERPETUAL", "bids": [[71679.5, 27050.0], [71675.0, 10250.0], [71674.5, 34000.0], [71674.0, 340.0], [71667.5, 490.0], [71667.0, 8960.0], [71666.5, 30000.0], [71664.5, 20860.0], [71664.0, 61570.0], [71663.5, 27890.0], [71661.5, 5490.0], [71661.0, 7850.0], [71660.5, 20520.0], [71660.0, 10860.0], [71659.5, 2230.0], [71659.0, 210.0], [71658.0, 3460.0], [71657.5, 5000.0], [71656.5, 5490.0], [71656.0, 6590.0]], "asks": [[71680.0, 5510.0], [71682.5, 11960.0], [71683.0, 40080.0], [71685.5, 2290.0], [71686.0, 6000.0], [71689.5, 2090.0], [71690.0, 7000.0], [71693.0, 10850.0], [71693.5, 39500.0], [71694.0, 11940.0], [71694.5, 34000.0], [71695.0, 6000.0], [71695.5, 2350.0], [71697.0, 5500.0], [71697.5, 3720.0], [71698.0, 6600.0], [71699.0, 7650.0], [71700.0, 14510.0], [71700.5, 42600.0], [71701.0, 29360.0]]}}}
{"jsonrpc": "2.0", "method": "subscription", "params": {"channel": "book.BTC-PERPETUAL.none.20.100ms", "data": {"timestamp": 1773417818500, "change_id": 145407346501, "instrument_name": "BTC-PERPETUAL", "bids": [[71679.5, 27050.0], [71675.0, 10250.0], [71674.5, 34000.0], [71674.0, 240.0], [71669.0, 20800.0], [71668.5, 30000.0], [71668.0, 36950.0], [71667.5, 2820.0], [71664.5, 14810.0], [71664.0, 24620.0], [71663.5, 27890.0], [71662.5, 10800.0], [71661.5, 18480.0], [71660.5, 7530.0], [71660.0, 16350.0], [71659.5, 6590.0], [71659.0, 210.0], [71658.0, 5670.0], [71657.5, 5000.0], [71655.5, 13990.0]], "asks": [[71680.0, 40.0], [71681.0, 2890.0], [71683.5, 100.0], [71685.5, 2290.0], [71686.0, 6000.0], [71689.0, 3730.0], [71689.5, 5500.0], [71690.0, 7000.0], [71693.0, 10150.0], [71693.5, 34000.0], [71694.0, 16810.0], [71694.5, 34000.0], [71695.0, 11500.0], [71695.5, 2350.0], [71696.5, 1000.0], [71697.5, 7480.0], [71699.0, 7530.0], [71700.0, 14510.0], [71700.5, 42600.0], [71701.0, 6000.0]]}}}
{"jsonrpc": "2.0", "method": "subscription", "params": {"channel": "book.BTC-PERPETUAL.none.20.100ms", "data": {"timestamp": 1773417818797, "change_id": 145407349192, "instrument_name": "BTC-PERPETUAL", "bids": [[71659.0, 210.0], [71655.0, 2030.0], [71654.5, 5000.0], [71654.0, 5200.0], [71652.5, 5000.0], [71651.5, 450.0], [71651.0, 10.0], [71650.0, 9770.0], [71649.0, 220.0], [71637.5, 7610.0], [71630.0, 110.0], [71627.0, 7610.0], [71625.0, 101910.0], [71624.5, 510.0], [71624.0, 6420.0], [71623.5, 7610.0], [71620.0, 250.0], [71619.5, 17200.0], [71619.0, 50000.0], [71617.5, 7620.0]], "asks": [[71659.5, 10210.0], [71665.5, 29610.0], [71668.5, 3050.0], [71669.0, 31810.0], [71670.0, 2890.0], [71674.0, 2270.0], [71674.5, 14000.0], [71676.0, 21610.0], [71679.0, 21470.0], [71679.5, 44210.0], [71680.0, 5430.0], [71680.5, 24500.0], [71683.5, 100.0], [71684.5, 3180.0], [71685.0, 5500.0], [71686.0, 6000.0], [71692.0, 17760.0], [71692.5, 75010.0], [71693.0, 50970.0], [71693.5, 34000.0]]}}}
{"jsonrpc": "2.0", "method": "subscription", "params": {"channel": "book.BTC-PERPETUAL.none.20.100ms", "data": {"timestamp": 1773417819164, "change_id": 145407352630, "instrument_name": "BTC-PERPETUAL", "bids": [[71659.0, 5650.0], [71655.5, 2160.0], [71655.0, 2030.0], [71654.0, 5200.0], [71652.0, 20740.0], [71651.5, 21000.0], [71651.0, 10.0], [71650.5, 490.0], [71650.0, 9770.0], [71649.5, 36950.0], [71649.0, 220.0], [71648.0, 1530.0], [71647.5, 2890.0], [71647.0, 2230.0], [71643.0, 5490.0], [71642.0, 3730.0], [71638.0, 7530.0], [71634.0, 2250.0], [71631.0, 7530.0], [71630.5, 4710.0]], "asks": [[71659.5, 40.0], [71665.5, 2890.0], [71673.0, 1870.0], [71673.5, 11000.0], [71674.0, 1850.0], [71677.0, 4060.0], [71678.5, 7530.0], [71679.5, 36350.0], [71680.0, 56580.0], [71680.5, 6000.0], [71681.5, 3720.0], [71682.0, 3770.0], [71683.5, 100.0], [71684.5, 7400.0], [71685.0, 7530.0], [71686.0, 6000.0], [71687.5, 1970.0], [71688.0, 6600.0], [71690.5, 500.0], [71692.0, 51110.0]]}}}
{"jsonrpc": "2.0", "method": "subscription", "params": {"channel": "book.BTC-PERPETUAL.none.20.100ms", "data": {"timestamp": 1773417819494, "change_id": 145407354752, "instrument_name": "BTC-PERPETUAL", "bids": [[71659.0, 10370.0], [71656.5, 5000.0], [71655.5, 2160.0], [71655.0, 2030.0], [71654.0, 5200.0], [71652.0, 3130.0], [71651.0, 10.0], [71650.0, 9770.0], [71649.0, 220.0], [71647.0, 2230.0], [71644.0, 9560.0], [71643.5, 490.0], [71642.0, 24730.0], [71641.5, 2890.0], [71639.5, 16620.0], [71638.5, 52930.0], [71638.0, 9020.0], [71637.5, 5000.0], [71634.0, 450.0], [71631.5, 2250.0]], "asks": [[71659.5, 24530.0], [71663.5, 3430.0], [71664.0, 5500.0], [71665.0, 6000.0], [71674.0, 1850.0], [71677.0, 7480.0], [71678.0, 19380.0], [71678.5, 7530.0], [71679.5, 36350.0], [71680.0, 14150.0], [71680.5, 6000.0], [71682.0, 10.0], [71683.5, 27890.0], [71684.0, 7100.0], [71684.5, 75030.0], [71685.0, 7530.0], [71686.0, 6000.0], [71690.0, 15070.0], [71690.5, 70360.0], [71691.0, 25000.0]]}}}
{"jsonrpc": "2.0", "method": "subscription", "params": {"channel": "book.BTC-PERPETUAL.none.20.100ms", "data": {"timestamp": 1773417819826, "change_id": 145407357805, "instrument_name": "BTC-PERPETUAL", "bids": [[71659.0, 11690.0], [71655.5, 2160.0], [71655.0, 2030.0], [71654.0, 5200.0], [71652.5, 490.0], [71652.0, 3130.0], [71651.0, 10.0], [71650.0, 9770.0], [71649.0, 220.0], [71648.0, 6930.0], [71647.5, 21000.0], [71647.0, 2230.0], [71644.0, 100.0], [71643.5, 9100.0], [71643.0, 5490.0], [71642.0, 3730.0], [71641.5, 2890.0], [71640.0, 12990.0], [71639.5, 16620.0], [71638.5, 41950.0]], "asks": [[71659.5, 2930.0], [71670.5, 500.0], [71671.0, 3280.0], [71671.5, 5500.0], [71672.0, 5500.0], [71674.0, 1850.0], [71677.0, 7480.0], [71678.0, 19380.0], [71678.5, 7530.0], [71679.5, 36350.0], [71680.0, 13820.0], [71680.5, 6000.0], [71682.0, 10.0], [71683.0, 120.0], [71683.5, 6110.0], [71684.0, 7100.0], [71685.0, 7530.0], [71686.0, 6000.0], [71689.0, 37460.0], [71689.5, 75030.0]]}}}
{"jsonrpc": "2.0", "method": "subscription", "params": {"channel": "book.BTC-PERPETUAL.none.20.100ms", "data": {"timestamp": 1773417820156, "change_id": 145407359985, "instrument_name": "BTC-PERPETUAL", "bids": [[71659.0, 16690.0], [71655.5, 2160.0], [71655.0, 2030.0], [71654.0, 5200.0], [71652.5, 490.0], [71652.0, 3130.0], [71651.0, 10.0], [71650.0, 9770.0], [71649.0, 220.0], [71648.0, 6930.0], [71647.5, 26000.0], [71647.0, 2230.0], [71644.5, 27290.0], [71644.0, 37050.0], [71642.0, 3730.0], [71641.5, 2890.0], [71640.5, 8440.0], [71639.0, 12990.0], [71638.0, 19020.0], [71634.5, 6590.0]], "asks": [[71659.5, 2950.0], [71669.0, 1640.0], [71669.5, 7790.0], [71670.0, 5500.0], [71674.0, 1850.0], [71677.0, 7480.0], [71678.0, 26380.0], [71678.5, 7530.0], [71679.5, 36350.0], [71680.0, 13820.0], [71680.5, 6000.0], [71682.0, 10.0], [71683.0, 120.0], [71683.5, 6110.0], [71684.0, 7100.0], [71685.0, 7530.0], [71686.0, 6000.0], [71687.0, 26430.0], [71687.5, 75030.0], [71690.0, 13000.0]]}}}
{"jsonrpc": "2.0", "method": "subscription", "params": {"channel": "book.BTC-PERPETUAL.none.20.100ms", "data": {"timestamp": 1773417820487, "change_id": 145407361820, "instrument_name": "BTC-PERPETUAL", "bids": [[71659.0, 10680.0], [71655.5, 2160.0], [71655.0, 2030.0], [71654.0, 5200.0], [71652.0, 3130.0], [71651.0, 10.0], [71650.5, 490.0], [71650.0, 9770.0], [71649.0, 220.0], [71648.5, 6930.0], [71647.5, 21000.0], [71647.0, 2230.0], [71645.0, 18870.0], [71644.0, 100.0], [71643.5, 36950.0], [71643.0, 5490.0], [71642.0, 3730.0], [71641.5, 9260.0], [71639.5, 15490.0], [71638.0, 14450.0]], "asks": [[71659.5, 2950.0], [71667.5, 3430.0], [71668.0, 5500.0], [71668.5, 500.0], [71669.5, 5500.0], [71674.0, 1850.0], [71675.0, 1000.0], [71677.0, 7480.0], [71677.5, 6600.0], [71678.0, 26380.0], [71678.5, 7530.0], [71679.5, 36350.0], [71680.0, 13820.0], [71680.5, 6000.0], [71682.0, 10.0], [71683.0, 120.0], [71683.5, 100.0], [71684.0, 500.0], [71685.0, 7530.0], [71685.5, 13000.0]]}}}
{"jsonrpc": "2.0", "method": "subscription", "params": {"channel": "book.BTC-PERPETUAL.none.20.100ms", "data": {"timestamp": 1773417820818, "change_id": 145407363492, "instrument_name": "BTC-PERPETUAL", "bids": [[71659.0, 70680.0], [71658.0, 780.0], [71656.0, 1630.0], [71655.5, 24400.0], [71655.0, 2030.0], [71654.5, 30000.0], [71654.0, 5200.0], [71652.5, 36950.0], [71652.0, 3130.0], [71651.0, 10.0], [71650.5, 5490.0], [71650.0, 9770.0], [71649.0, 220.0], [71648.5, 4660.0], [71648.0, 10490.0], [71646.5, 2890.0], [71644.5, 24600.0], [71644.0, 15100.0], [71642.0, 3730.0], [71640.5, 6420.0]], "asks": [[71659.5, 60.0], [71666.0, 2890.0], [71673.0, 5500.0], [71673.5, 500.0], [71674.0, 1850.0], [71676.5, 5500.0], [71677.0, 7480.0], [71678.0, 19380.0], [71678.5, 7530.0], [71679.5, 36350.0], [71680.0, 12000.0], [71680.5, 6000.0], [71682.0, 10.0], [71683.0, 120.0], [71683.5, 1100.0], [71684.0, 500.0], [71684.5, 7580.0], [71685.0, 7530.0], [71686.0, 6000.0], [71687.0, 7000.0]]}}}
{"jsonrpc": "2.0", "method": "subscription", "params": {"channel": "book.BTC-PERPETUAL.none.20.100ms", "data": {"timestamp": 1773417821148, "change_id": 145407365369, "instrument_name": "BTC-PERPETUAL", "bids": [[71672.5, 24810.0], [71659.0, 210.0], [71658.0, 24760.0], [71656.5, 490.0], [71656.0, 36950.0], [71655.5, 53440.0], [71655.0, 23030.0], [71654.0, 5200.0], [71653.5, 13010.0], [71651.5, 12470.0], [71651.0, 10.0], [71650.5, 2230.0], [71650.0, 9770.0], [71649.0, 13210.0], [71648.5, 27340.0], [71647.0, 6590.0], [71646.5, 7520.0], [71645.0, 5490.0], [71644.0, 100.0], [71643.5, 4180.0]], "asks": [[71673.0, 8390.0], [71674.0, 1850.0], [71675.5, 500.0], [71676.5, 5500.0], [71679.5, 2350.0], [71680.5, 6000.0], [71683.5, 100.0], [71684.0, 500.0], [71684.5, 7580.0], [71685.0, 7530.0], [71686.0, 6000.0], [71687.0, 7000.0], [71687.5, 1000.0], [71688.5, 3970.0], [71689.0, 6600.0], [71689.5, 120.0], [71690.5, 7480.0], [71691.5, 22100.0], [71692.0, 7530.0], [71693.0, 75030.0]]}}}
{"jsonrpc": "2.0", "method": "subscription", "params": {"channel": "book.BTC-PERPETUAL.none.20.100ms", "data": {"timestamp": 1773417821474, "change_id": 145407366286, "instrument_name": "BTC-PERPETUAL", "bids": [[71672.5, 19810.0], [71660.0, 11090.0], [71659.5, 36950.0], [71659.0, 11810.0], [71658.5, 30490.0], [71658.0, 2230.0], [71655.5, 18440.0], [71655.0, 23030.0], [71654.5, 5490.0], [71654.0, 5200.0], [71653.5, 7520.0], [71652.5, 2890.0], [71651.0, 8250.0], [71650.0, 9770.0], [71649.0, 13210.0], [71648.5, 9850.0], [71647.5, 20000.0], [71647.0, 6590.0], [71646.5, 7520.0], [71645.0, 5490.0]], "asks": [[71673.0, 34100.0], [71674.0, 1850.0], [71678.5, 500.0], [71679.5, 1640.0], [71680.0, 7320.0], [71680.5, 6000.0], [71683.5, 100.0], [71684.0, 500.0], [71684.5, 4040.0], [71685.0, 7530.0], [71686.0, 6000.0], [71688.0, 2350.0], [71688.5, 3970.0], [71690.0, 6600.0], [71690.5, 9730.0], [71692.0, 7530.0], [71694.0, 30470.0], [71695.0, 81030.0], [71695.5, 25000.0], [71697.0, 10.0]]}}}
{"jsonrpc": "2.0", "method": "subscription", "params": {"channel": "book.BTC-PERPETUAL.none.20.100ms", "data": {"timestamp": 1773417821806, "change_id": 145407367813, "instrument_name": "BTC-PERPETUAL", "bids": [[71667.5, 10220.0], [71659.0, 210.0], [71658.5, 1530.0], [71658.0, 2230.0], [71655.5, 10660.0], [71655.0, 23030.0], [71654.0, 5200.0], [71652.0, 24080.0], [71651.5, 30000.0], [71651.0, 10.0], [71650.5, 40680.0], [71650.0, 9770.0], [71649.5, 25000.0], [71649.0, 220.0], [71648.5, 7570.0], [71647.5, 7890.0], [71646.5, 7520.0], [71645.5, 5490.0], [71645.0, 5490.0], [71644.0, 100.0]], "asks": [[71668.0, 30680.0], [71672.0, 500.0], [71672.5, 12720.0], [71673.0, 42790.0], [71673.5, 5500.0], [71674.0, 1850.0], [71676.5, 1790.0], [71678.5, 7520.0], [71680.0, 3560.0], [71680.5, 7000.0], [71683.5, 6700.0], [71684.5, 5750.0], [71685.0, 7530.0], [71686.0, 6000.0], [71687.0, 7480.0], [71687.5, 24610.0], [71688.0, 2350.0], [71690.0, 75030.0], [71690.5, 6280.0], [71691.0, 13000.0]]}}}
{"jsonrpc": "2.0", "method": "subscription", "params": {"channel": "book.BTC-PERPETUAL.none.20.100ms", "data": {"timestamp": 1773417822140, "change_id": 145407368562, "instrument_name": "BTC-PERPETUAL", "bids": [[71667.5, 10220.0], [71663.5, 1490.0], [71663.0, 5000.0], [71659.0, 890.0], [71658.5, 19960.0], [71658.0, 2230.0], [71656.5, 490.0], [71656.0, 30000.0], [71655.5, 47120.0], [71655.0, 23030.0], [71654.0, 5200.0], [71652.0, 13200.0], [71651.0, 5500.0], [71650.5, 3730.0], [71650.0, 9770.0], [71649.5, 25000.0], [71649.0, 220.0], [71647.5, 2890.0], [71646.5, 20510.0], [71645.0, 5490.0]], "asks": [[71668.0, 6460.0], [71672.5, 13220.0], [71673.0, 41210.0], [71673.5, 2190.0], [71674.0, 1850.0], [71676.0, 5500.0], [71676.5, 1790.0], [71678.5, 7520.0], [71680.0, 1820.0], [71680.5, 6000.0], [71682.5, 1000.0], [71683.5, 100.0], [71684.5, 5750.0], [71685.0, 7530.0], [71686.0, 6000.0], [71687.0, 7480.0], [71687.5, 6600.0], [71688.0, 2350.0], [71690.5, 6280.0], [71691.5, 75030.0]]}}}
{"jsonrpc": "2.0", "method": "subscription", "params": {"channel": "book.BTC-PERPETUAL.none.20.100ms", "data": {"timestamp": 1773417822469, "change_id": 145407370239, "instrument_name": "BTC-PERPETUAL", "bids": [[71667.5, 10220.0], [71659.0, 890.0], [71658.5, 1290.0], [71658.0, 2230.0], [71656.5, 490.0], [71655.5, 21450.0], [71655.0, 53030.0], [71654.5, 36950.0], [71654.0, 5200.0], [71652.0, 13200.0], [71651.0, 5500.0], [71650.5, 3730.0], [71650.0, 9770.0], [71649.5, 25000.0], [71649.0, 220.0], [71648.0, 12990.0], [71647.5, 2890.0], [71646.5, 7520.0], [71645.0, 5490.0], [71644.0, 100.0]], "asks": [[71668.0, 48960.0], [71672.5, 13220.0], [71673.0, 42190.0], [71673.5, 5500.0], [71674.0, 1850.0], [71676.5, 1790.0], [71678.5, 7520.0], [71680.0, 1820.0], [71680.5, 6000.0], [71682.5, 1000.0], [71683.5, 100.0], [71684.5, 5750.0], [71685.0, 7530.0], [71686.0, 6000.0], [71687.0, 7480.0], [71687.5, 6600.0], [71688.0, 2350.0], [71690.5, 6280.0], [71691.5, 75030.0], [71692.0, 15030.0]]}}}
{"jsonrpc": "2.0", "method": "subscription", "params": {"channel": "book.BTC-PERPETUAL.none.20.100ms", "data": {"timestamp": 1773417822801, "change_id": 145407371988, "instrument_name": "BTC-PERPETUAL", "bids": [[71667.5, 8060.0], [71659.0, 890.0], [71658.5, 10240.0], [71658.0, 2230.0], [71656.0, 30490.0], [71655.5, 19960.0], [71655.0, 23030.0], [71654.5, 36950.0], [71654.0, 5200.0], [71652.0, 13200.0], [71651.0, 10.0], [71650.5, 9220.0], [71650.0, 15260.0], [71649.5, 25000.0], [71649.0, 220.0], [71647.5, 2890.0], [71646.5, 7520.0], [71646.0, 12990.0], [71645.5, 9800.0], [71644.0, 100.0]], "asks": [[71668.0, 48960.0], [71672.5, 12720.0], [71673.0, 42690.0], [71674.0, 1850.0], [71676.0, 5500.0], [71676.5, 1790.0], [71678.5, 7520.0], [71680.0, 1820.0], [71680.5, 6000.0], [71682.5, 1000.0], [71683.5, 100.0], [71684.5, 5750.0], [71685.0, 7530.0], [71686.0, 6000.0], [71686.5, 6600.0], [71687.0, 7480.0], [71688.0, 2350.0], [71690.5, 6280.0], [71691.5, 120.0], [71692.0, 15030.0]]}}}
{"jsonrpc": "2.0", "method": "subscription", "params": {"channel": "book.BTC-PERPETUAL.none.20.100ms", "data": {"timestamp": 1773417823131, "change_id": 145407373364, "instrument_name": "BTC-PERPETUAL", "bids": [[71667.5, 43480.0], [71667.0, 5000.0], [71663.0, 3000.0], [71661.0, 8320.0], [71659.0, 32030.0], [71658.0, 2230.0], [71655.5, 4620.0], [71655.0, 2030.0], [71654.0, 5200.0], [71652.5, 2890.0], [71651.0, 13010.0], [71650.5, 3730.0], [71650.0, 9770.0], [71649.5, 25000.0], [71649.0, 220.0], [71648.5, 8780.0], [71648.0, 5000.0], [71646.5, 7520.0], [71645.5, 9800.0], [71645.0, 500.0]], "asks": [[71668.0, 52450.0], [71673.0, 2890.0], [71674.0, 1850.0], [71676.0, 500.0], [71676.5, 3200.0], [71677.5, 5500.0], [71680.0, 7320.0], [71680.5, 6000.0], [71683.5, 100.0], [71684.5, 5750.0], [71685.0, 7530.0], [71686.0, 6000.0], [71687.0, 7480.0], [71688.0, 2350.0], [71691.5, 4180.0], [71692.0, 8030.0], [71692.5, 6600.0], [71695.0, 6000.0], [71695.5, 7000.0], [71697.0, 10.0]]}}}
{"jsonrpc": "2.0", "method": "subscription", "params": {"channel": "book.BTC-PERPETUAL.none.20.100ms", "data": {"timestamp": 1773417823462, "change_id": 145407375449, "instrument_name": "BTC-PERPETUAL", "bids": [[71667.5, 54080.0], [71667.0, 5000.0], [71663.0, 3000.0], [71662.5, 9370.0], [71660.5, 30000.0], [71659.5, 490.0], [71659.0, 14200.0], [71658.0, 2230.0], [71656.0, 36950.0], [71655.5, 7090.0], [71655.0, 15780.0], [71654.0, 5200.0], [71653.5, 5490.0], [71652.5, 27890.0], [71652.0, 9940.0], [71651.5, 12990.0], [71651.0, 10.0], [71650.5, 3730.0], [71650.0, 9770.0], [71649.0, 220.0]], "asks": [[71668.0, 52450.0], [71673.0, 2890.0], [71674.0, 1850.0], [71675.5, 500.0], [71679.0, 3280.0], [71679.5, 5500.0], [71680.0, 7320.0], [71680.5, 6000.0], [71683.5, 100.0], [71684.5, 6270.0], [71685.0, 7530.0], [71686.0, 6000.0], [71687.0, 7480.0], [71688.0, 2350.0], [71691.5, 2520.0], [71692.0, 8030.0], [71694.5, 6600.0], [71695.0, 6000.0], [71695.5, 7000.0], [71697.0, 10.0]]}}}
{"jsonrpc": "2.0", "method": "subscription", "params": {"channel": "book.BTC-PERPETUAL.none.20.100ms", "data": {"timestamp": 1773417823793, "change_id": 145407377063, "instrument_name": "BTC-PERPETUAL", "bids": [[71667.5, 89920.0], [71667.0, 5000.0], [71664.5, 9850.0], [71664.0, 30000.0], [71663.0, 3000.0], [71659.5, 490.0], [71659.0, 20460.0], [71658.5, 36950.0], [71658.0, 2230.0], [71655.5, 32090.0], [71655.0, 6080.0], [71654.5, 5490.0], [71654.0, 5200.0], [71652.5, 2890.0], [71652.0, 7450.0], [71651.5, 12990.0], [71651.0, 10.0], [71650.5, 10320.0], [71650.0, 9770.0], [71649.0, 220.0]], "asks": [[71668.0, 55340.0], [71668.5, 100.0], [71674.0, 1850.0], [71678.5, 3070.0], [71679.0, 11000.0], [71679.5, 500.0], [71680.0, 1820.0], [71680.5, 6000.0], [71684.5, 6270.0], [71685.0, 7530.0], [71686.0, 6000.0], [71687.0, 8480.0], [71688.0, 2350.0], [71691.0, 6600.0], [71691.5, 2520.0], [71692.0, 8030.0], [71695.0, 6000.0], [71697.0, 10.0], [71697.5, 75030.0], [71698.5, 7000.0]]}}}
{"jsonrpc": "2.0", "method": "subscription", "params": {"channel": "book.BTC-PERPETUAL.none.20.100ms", "data": {"timestamp": 1773417824121, "change_id": 145407379579, "instrument_name": "BTC-PERPETUAL", "bids": [[71693.0, 5300.0], [71686.0, 16990.0], [71685.5, 34010.0], [71676.0, 3720.0], [71675.5, 19790.0], [71675.0, 30000.0], [71674.0, 6300.0], [71673.5, 27780.0], [71673.0, 4470.0], [71672.5, 7510.0], [71672.0, 5490.0], [71669.0, 5000.0], [71668.0, 27970.0], [71667.5, 97170.0], [71667.0, 1850.0], [71666.0, 27690.0], [71662.5, 50500.0], [71661.5, 2200.0], [71659.0, 8400.0], [71658.5, 7460.0]], "asks": [[71693.5, 9870.0], [71698.0, 5000.0], [71698.5, 7000.0], [71699.5, 500.0], [71701.0, 6000.0], [71703.0, 22870.0], [71703.5, 58080.0], [71704.0, 100.0], [71704.5, 9640.0], [71705.0, 8350.0], [71705.5, 7530.0], [71707.0, 5770.0], [71708.0, 12870.0], [71708.5, 6000.0], [71709.5, 6500.0], [71710.0, 6000.0], [71711.0, 7470.0], [71711.5, 15050.0], [71712.0, 42900.0], [71712.5, 7530.0]]}}}
{"jsonrpc": "2.0", "method": "subscription", "params": {"channel": "book.BTC-PERPETUAL.none.20.100ms", "data": {"timestamp": 1773417824451, "change_id": 145407381693, "instrument_name": "BTC-PERPETUAL", "bids": [[71693.0, 6070.0], [71686.0, 11410.0], [71685.5, 34010.0], [71681.0, 2230.0], [71680.5, 490.0], [71680.0, 18140.0], [71679.5, 21000.0], [71676.5, 68800.0], [71676.0, 39210.0], [71675.5, 12990.0], [71674.0, 6300.0], [71673.5, 870.0], [71673.0, 29360.0], [71672.5, 7510.0], [71671.0, 6590.0], [71670.5, 7110.0], [71669.0, 5000.0], [71668.5, 6290.0], [71668.0, 11750.0], [71667.5, 16930.0]], "asks": [[71693.5, 48450.0], [71698.0, 4030.0], [71698.5, 7000.0], [71699.5, 5500.0], [71701.0, 6000.0], [71702.5, 6000.0], [71703.0, 17370.0], [71703.5, 58080.0], [71704.5, 9640.0], [71705.0, 8350.0], [71705.5, 7530.0], [71707.0, 5770.0], [71708.0, 12870.0], [71708.5, 6000.0], [71709.5, 6000.0], [71710.0, 6000.0], [71711.0, 7470.0], [71711.5, 23190.0], [71712.0, 67900.0], [71712.5, 7530.0]]}}}
{"jsonrpc": "2.0", "method": "subscription", "params": {"channel": "book.BTC-PERPETUAL.none.20.100ms", "data": {"timestamp": 1773417824785, "change_id": 145407383268, "instrument_name": "BTC-PERPETUAL", "bids": [[71693.0, 6070.0], [71692.5, 5000.0], [71689.0, 3000.0], [71686.0, 6760.0], [71685.5, 10.0], [71685.0, 21000.0], [71681.5, 20530.0], [71681.0, 32230.0], [71680.5, 36950.0], [71679.5, 6160.0], [71679.0, 2890.0], [71677.5, 5490.0], [71677.0, 18480.0], [71676.0, 14660.0], [71674.5, 25000.0], [71674.0, 10.0], [71673.5, 60.0], [71673.0, 11830.0], [71672.5, 7510.0], [71671.5, 15870.0]], "asks": [[71693.5, 2890.0], [71696.5, 100.0], [71697.5, 3430.0], [71700.5, 5500.0], [71701.0, 6000.0], [71701.5, 500.0], [71702.5, 5500.0], [71703.0, 17370.0], [71703.5, 58080.0], [71704.5, 6950.0], [71705.0, 6000.0], [71707.0, 5770.0], [71708.0, 12870.0], [71708.5, 6000.0], [71709.5, 6000.0], [71710.0, 6000.0], [71710.5, 7000.0], [71711.0, 7470.0], [71711.5, 15050.0], [71712.0, 42900.0]]}}}
{"jsonrpc": "2.0", "method": "subscription", "params": {"channel": "book.BTC-PERPETUAL.none.20.100ms", "data": {"timestamp": 1773417825116, "change_id": 145407384272, "instrument_name": "BTC-PERPETUAL", "bids": [[71693.0, 13410.0], [71692.5, 5000.0], [71691.0, 780.0], [71689.0, 3000.0], [71686.5, 490.0], [71686.0, 6360.0], [71685.5, 10.0], [71685.0, 21000.0], [71682.5, 20650.0], [71682.0, 30000.0], [71681.0, 2230.0], [71680.5, 36950.0], [71680.0, 4170.0], [71679.5, 11080.0], [71679.0, 2890.0], [71676.0, 20040.0], [71675.5, 12990.0], [71674.5, 25000.0], [71674.0, 10.0], [71673.5, 6650.0]], "asks": [[71693.5, 2890.0], [71696.5, 100.0], [71701.0, 6000.0], [71702.0, 6000.0], [71702.5, 5500.0], [71703.0, 17370.0], [71703.5, 58080.0], [71704.5, 6950.0], [71705.0, 6000.0], [71707.0, 5770.0], [71708.0, 12870.0], [71708.5, 6000.0], [71709.5, 6000.0], [71710.0, 6000.0], [71710.5, 7000.0], [71711.0, 7470.0], [71711.5, 15050.0], [71712.0, 42900.0], [71712.5, 8530.0], [71713.5, 2350.0]]}}}
{"jsonrpc": "2.0", "method": "subscription", "params": {"channel": "book.BTC-PERPETUAL.none.20.100ms", "data": {"timestamp": 1773417825437, "change_id": 145407385722, "instrument_name": "BTC-PERPETUAL", "bids": [[71696.0, 16270.0], [71693.0, 140.0], [71687.0, 6300.0], [71686.5, 490.0], [71686.0, 90.0], [71685.5, 10.0], [71685.0, 21000.0], [71683.0, 44970.0], [71682.5, 36950.0], [71681.0, 2230.0], [71680.0, 5490.0], [71679.5, 14670.0], [71679.0, 6620.0], [71678.0, 25000.0], [71677.5, 5490.0], [71677.0, 20500.0], [71674.0, 1520.0], [71673.5, 60.0], [71673.0, 23050.0], [71672.5, 14100.0]], "asks": [[71696.5, 45490.0], [71700.5, 1640.0], [71701.0, 5500.0], [71702.5, 500.0], [71703.0, 22870.0], [71703.5, 58080.0], [71704.5, 6950.0], [71705.0, 6000.0], [71707.0, 5770.0], [71708.0, 12870.0], [71708.5, 6000.0], [71709.5, 6000.0], [71710.0, 6000.0], [71711.0, 7470.0], [71711.5, 15050.0], [71712.0, 42900.0], [71712.5, 7530.0], [71713.5, 9350.0], [71715.0, 7320.0], [71716.0, 6600.0]]}}}
{"jsonrpc": "2.0", "method": "subscription", "params": {"channel": "book.BTC-PERPETUAL.none.20.100ms", "data": {"timestamp": 1773417825776, "change_id": 145407387382, "instrument_name": "BTC-PERPETUAL", "bids": [[71696.0, 16270.0], [71693.0, 780.0], [71686.0, 90.0], [71685.5, 500.0], [71682.5, 19420.0], [71682.0, 30000.0], [71681.5, 36950.0], [71681.0, 2230.0], [71679.5, 7590.0], [71679.0, 3730.0], [71678.5, 5490.0], [71677.5, 5490.0], [71677.0, 12510.0], [71676.0, 14130.0], [71675.5, 15880.0], [71674.5, 25000.0], [71674.0, 10.0], [71673.0, 10590.0], [71672.5, 7510.0], [71672.0, 500.0]], "asks": [[71696.5, 67100.0], [71701.5, 6000.0], [71702.0, 5500.0], [71703.0, 17370.0], [71703.5, 58080.0], [71704.5, 6950.0], [71705.0, 6000.0], [71707.0, 5770.0], [71708.0, 12870.0], [71708.5, 6000.0], [71709.5, 6000.0], [71710.0, 6000.0], [71711.0, 7470.0], [71711.5, 15050.0], [71712.0, 42900.0], [71712.5, 7530.0], [71713.0, 6600.0], [71713.5, 9350.0], [71715.0, 7320.0], [71716.5, 7540.0]]}}}
{"jsonrpc": "2.0", "method": "subscription", "params": {"channel": "book.BTC-PERPETUAL.none.20.100ms", "data": {"timestamp": 1773417826107, "change_id": 145407387863, "instrument_name": "BTC-PERPETUAL", "bids": [[71696.0, 16270.0], [71693.0, 780.0], [71686.5, 15250.0], [71686.0, 90.0], [71685.5, 21010.0], [71684.0, 490.0], [71683.5, 43480.0], [71683.0, 36950.0], [71681.0, 2230.0], [71680.0, 21850.0], [71679.5, 25100.0], [71679.0, 9220.0], [71677.0, 7510.0], [71676.5, 12990.0], [71675.5, 2890.0], [71674.0, 8200.0], [71673.5, 27440.0], [71673.0, 4800.0], [71672.5, 7510.0], [71672.0, 500.0]], "asks": [[71696.5, 45490.0], [71702.0, 5500.0], [71702.5, 500.0], [71703.0, 17370.0], [71703.5, 58080.0], [71704.0, 5500.0], [71704.5, 6950.0], [71705.0, 6000.0], [71707.0, 12770.0], [71708.0, 12870.0], [71708.5, 6000.0], [71709.5, 6000.0], [71710.0, 6000.0], [71711.0, 7470.0], [71711.5, 15050.0], [71712.0, 42900.0], [71712.5, 7530.0], [71713.5, 3350.0], [71715.0, 7320.0], [71716.0, 6600.0]]}}}
{"jsonrpc": "2.0", "method": "subscription", "params": {"channel": "book.BTC-PERPETUAL.none.20.100ms", "data": {"timestamp": 1773417826436, "change_id": 145407388373, "instrument_name": "BTC-PERPETUAL", "bids": [[71696.0, 21450.0], [71693.0, 780.0], [71687.0, 490.0], [71686.5, 24330.0], [71686.0, 90.0], [71685.5, 21010.0], [71684.0, 36950.0], [71683.5, 30000.0], [71681.0, 2230.0], [71680.0, 16360.0], [71679.5, 36080.0], [71679.0, 3730.0], [71677.0, 7510.0], [71676.5, 12990.0], [71675.5, 2890.0], [71674.5, 8070.0], [71674.0, 20430.0], [71673.5, 6590.0], [71673.0, 4800.0], [71672.5, 7510.0]], "asks": [[71696.5, 45490.0], [71702.0, 5500.0], [71702.5, 5500.0], [71703.0, 17370.0], [71703.5, 58080.0], [71704.0, 500.0], [71704.5, 6950.0], [71705.0, 6000.0], [71707.0, 12770.0], [71708.0, 12870.0], [71708.5, 6000.0], [71709.5, 6000.0], [71710.0, 6000.0], [71711.0, 7470.0], [71711.5, 15050.0], [71712.0, 42900.0], [71712.5, 7530.0], [71713.5, 3350.0], [71715.0, 7320.0], [71716.0, 6600.0]]}}}
{"jsonrpc": "2.0", "method": "subscription", "params": {"channel": "book.BTC-PERPETUAL.none.20.100ms", "data": {"timestamp": 1773417826755, "change_id": 145407389599, "instrument_name": "BTC-PERPETUAL", "bids": [[71696.0, 21450.0], [71693.0, 780.0], [71692.5, 3000.0], [71687.0, 490.0], [71686.5, 24330.0], [71686.0, 90.0], [71685.5, 21010.0], [71683.5, 66950.0], [71682.0, 2300.0], [71681.0, 2230.0], [71680.5, 5490.0], [71680.0, 16360.0], [71679.5, 25100.0], [71679.0, 3730.0], [71677.5, 5490.0], [71677.0, 7510.0], [71676.5, 12990.0], [71675.5, 7560.0], [71674.0, 10.0], [71673.5, 6590.0]], "asks": [[71696.5, 79390.0], [71702.0, 5500.0], [71703.0, 17870.0], [71703.5, 58080.0], [71704.0, 5500.0], [71704.5, 6950.0], [71705.0, 13000.0], [71707.0, 5770.0], [71708.0, 12870.0], [71708.5, 6000.0], [71709.5, 6000.0], [71710.0, 6000.0], [71711.0, 7470.0], [71711.5, 15050.0], [71712.0, 42900.0], [71712.5, 7530.0], [71713.5, 3350.0], [71715.0, 7320.0], [71716.0, 6600.0], [71716.5, 7540.0]]}}}
{"jsonrpc": "2.0", "method": "subscription", "params": {"channel": "book.BTC-PERPETUAL.none.20.100ms", "data": {"timestamp": 1773417827101, "change_id": 145407390939, "instrument_name": "BTC-PERPETUAL", "bids": [[71696.0, 88530.0], [71693.5, 14820.0], [71693.0, 12990.0], [71692.5, 3000.0], [71688.5, 11460.0], [71688.0, 30000.0], [71687.5, 5490.0], [71687.0, 5490.0], [71686.5, 9080.0], [71686.0, 90.0], [71685.5, 10.0], [71685.0, 25000.0], [71683.0, 5450.0], [71681.0, 13990.0], [71680.0, 6590.0], [71679.5, 4950.0], [71679.0, 3730.0], [71678.0, 5000.0], [71677.0, 7510.0], [71674.0, 4190.0]], "asks": [[71703.5, 58080.0], [71705.0, 7000.0], [71709.0, 5500.0], [71710.0, 6000.0], [71711.5, 15050.0], [71712.0, 42900.0], [71714.5, 6000.0], [71715.0, 7320.0], [71717.0, 6000.0], [71717.5, 8040.0], [71719.0, 6010.0], [71719.5, 6000.0], [71720.0, 19600.0], [71721.0, 58090.0], [71721.5, 9870.0], [71722.5, 7460.0], [71723.0, 25000.0], [71724.5, 500.0], [71725.5, 4530.0], [71726.0, 6600.0]]}}}
{"jsonrpc": "2.0", "method": "subscription", "params": {"channel": "book.BTC-PERPETUAL.none.20.100ms", "data": {"timestamp": 1773417827432, "change_id": 145407393429, "instrument_name": "BTC-PERPETUAL", "bids": [[71703.0, 90460.0], [71700.0, 3000.0], [71699.5, 21150.0], [71699.0, 32250.0], [71698.5, 36950.0], [71696.5, 5710.0], [71696.0, 18830.0], [71694.0, 13070.0], [71693.5, 2890.0], [71693.0, 5490.0], [71691.0, 43480.0], [71690.5, 8140.0], [71688.0, 6590.0], [71687.5, 22160.0], [71687.0, 3380.0], [71686.0, 3820.0], [71685.5, 10.0], [71684.0, 7510.0], [71681.0, 4330.0], [71680.5, 13990.0]], "asks": [[71703.5, 58080.0], [71707.0, 7000.0], [71712.0, 42900.0], [71712.5, 2890.0], [71714.0, 5500.0], [71715.0, 6450.0], [71717.0, 6000.0], [71717.5, 9790.0], [71718.5, 500.0], [71719.0, 6010.0], [71719.5, 6000.0], [71720.0, 19600.0], [71720.5, 120.0], [71721.0, 65570.0], [71721.5, 9870.0], [71725.5, 3940.0], [71728.5, 7570.0], [71729.0, 12310.0], [71729.5, 6000.0], [71730.5, 10.0]]}}}
{"jsonrpc": "2.0", "method": "subscription", "params": {"channel": "book.BTC-PERPETUAL.none.20.100ms", "data": {"timestamp": 1773417827760, "change_id": 145407396438, "instrument_name": "BTC-PERPETUAL", "bids": [[71714.5, 54650.0], [71714.0, 4900.0], [71711.5, 8970.0], [71711.0, 10430.0], [71710.0, 2000.0], [71709.5, 33900.0], [71709.0, 2890.0], [71707.5, 25950.0], [71707.0, 33910.0], [71706.5, 20580.0], [71705.0, 490.0], [71704.5, 30000.0], [71704.0, 71040.0], [71703.5, 10.0], [71703.0, 240680.0], [71701.0, 11100.0], [71700.5, 38990.0], [71696.5, 1000.0], [71696.0, 2540.0], [71695.5, 7510.0]], "asks": [[71715.0, 2000.0], [71720.5, 100.0], [71721.0, 58090.0], [71726.5, 2890.0], [71728.0, 120.0], [71729.5, 6000.0], [71730.5, 5500.0], [71731.0, 120.0], [71732.0, 100.0], [71732.5, 3890.0], [71733.0, 6000.0], [71734.5, 1000.0], [71735.0, 6000.0], [71738.0, 8140.0], [71738.5, 7580.0], [71741.0, 2260.0], [71742.5, 9920.0], [71743.0, 1820.0], [71743.5, 6000.0], [71745.5, 1000.0]]}}}
{"jsonrpc": "2.0", "method": "subscription", "params": {"channel": "book.BTC-PERPETUAL.none.20.100ms", "data": {"timestamp": 1773417828079, "change_id": 145407398420, "instrument_name": "BTC-PERPETUAL", "bids": [[71727.5, 57930.0], [71726.0, 3190.0], [71716.0, 5000.0], [71715.0, 39910.0], [71714.5, 60910.0], [71711.5, 5490.0], [71710.0, 14300.0], [71709.5, 33900.0], [71707.5, 32360.0], [71707.0, 10.0], [71706.5, 8620.0], [71705.5, 113970.0], [71704.5, 44620.0], [71704.0, 6590.0], [71703.5, 10.0], [71703.0, 17380.0], [71698.0, 1110.0], [71697.5, 3730.0], [71697.0, 2240.0], [71695.5, 7510.0]], "asks": [[71728.0, 120.0], [71732.0, 2890.0], [71732.5, 10.0], [71734.0, 5500.0], [71734.5, 1000.0], [71735.0, 6000.0], [71737.5, 5500.0], [71738.0, 500.0], [71739.5, 25560.0], [71742.0, 100.0], [71742.5, 9920.0], [71743.0, 61940.0], [71743.5, 6000.0], [71745.5, 7480.0], [71747.0, 4400.0], [71747.5, 6000.0], [71748.0, 6600.0], [71748.5, 7580.0], [71750.0, 7920.0], [71750.5, 25010.0]]}}}
{"jsonrpc": "2.0", "method": "subscription", "params": {"channel": "book.BTC-PERPETUAL.none.20.100ms", "data": {"timestamp": 1773417828423, "change_id": 145407401090, "instrument_name": "BTC-PERPETUAL", "bids": [[71731.0, 41890.0], [71726.5, 37440.0], [71721.0, 14250.0], [71720.5, 12990.0], [71720.0, 2220.0], [71716.0, 1640.0], [71715.0, 74980.0], [71714.5, 31810.0], [71714.0, 3730.0], [71711.0, 5000.0], [71709.5, 33900.0], [71708.5, 7520.0], [71707.0, 10.0], [71705.5, 33280.0], [71705.0, 30000.0], [71704.5, 3090.0], [71703.5, 510.0], [71703.0, 7520.0], [71697.0, 2240.0], [71695.5, 7510.0]], "asks": [[71731.5, 42500.0], [71732.5, 10.0], [71734.5, 1000.0], [71737.0, 2890.0], [71742.5, 18990.0], [71743.0, 61900.0], [71743.5, 6000.0], [71745.0, 5500.0], [71745.5, 3760.0], [71746.5, 500.0], [71747.0, 4400.0], [71747.5, 6000.0], [71748.5, 7580.0], [71750.5, 1200.0], [71751.0, 2350.0], [71752.5, 1530.0], [71753.0, 120.0], [71753.5, 500.0], [71754.0, 7680.0], [71757.0, 2260.0]]}}}
{"jsonrpc": "2.0", "method": "subscription", "params": {"channel": "book.BTC-PERPETUAL.none.20.100ms", "data": {"timestamp": 1773417828755, "change_id": 145407403227, "instrument_name": "BTC-PERPETUAL", "bids": [[71734.0, 59880.0], [71731.5, 10140.0], [71731.0, 33960.0], [71728.5, 12850.0], [71728.0, 2220.0], [71727.0, 36950.0], [71726.5, 2890.0], [71725.0, 16080.0], [71724.5, 30000.0], [71722.0, 5310.0], [71721.5, 5490.0], [71720.5, 12990.0], [71717.0, 3730.0], [71716.0, 30470.0], [71715.5, 6590.0], [71715.0, 105450.0], [71712.5, 5000.0], [71711.5, 25000.0], [71711.0, 500.0], [71709.0, 2240.0]], "asks": [[71734.5, 1000.0], [71742.0, 100.0], [71743.0, 58110.0], [71744.0, 2890.0], [71746.5, 500.0], [71747.0, 8930.0], [71747.5, 6000.0], [71750.0, 5500.0], [71750.5, 1200.0], [71751.0, 2350.0], [71752.5, 1530.0], [71753.0, 120.0], [71753.5, 4200.0], [71754.0, 7580.0], [71756.0, 7480.0], [71757.0, 2710.0], [71757.5, 7570.0], [71758.5, 10.0], [71760.0, 1000.0], [71760.5, 500.0]]}}}
{"jsonrpc": "2.0", "method": "subscription", "params": {"channel": "book.BTC-PERPETUAL.none.20.100ms", "data": {"timestamp": 1773417829085, "change_id": 145407404746, "instrument_name": "BTC-PERPETUAL", "bids": [[71734.0, 62890.0], [71731.5, 9730.0], [71731.0, 33900.0], [71729.0, 36950.0], [71728.5, 3650.0], [71728.0, 2220.0], [71726.0, 5490.0], [71725.5, 13700.0], [71725.0, 21950.0], [71724.5, 32890.0], [71720.5, 1970.0], [71720.0, 20580.0], [71718.0, 30180.0], [71717.5, 5000.0], [71717.0, 3730.0], [71715.5, 74980.0], [71715.0, 7520.0], [71712.5, 11640.0], [71712.0, 25000.0], [71711.0, 500.0]], "asks": [[71734.5, 1000.0], [71742.0, 100.0], [71743.0, 58110.0], [71744.0, 2890.0], [71750.0, 500.0], [71750.5, 10.0], [71751.5, 2130.0], [71752.0, 11000.0], [71752.5, 1530.0], [71753.0, 120.0], [71753.5, 2230.0], [71756.0, 7480.0], [71757.5, 7570.0], [71758.5, 10.0], [71759.5, 2350.0], [71760.5, 1500.0], [71761.5, 4230.0], [71762.0, 7580.0], [71765.5, 7580.0], [71767.5, 31160.0]]}}}
{"jsonrpc": "2.0", "method": "subscription", "params": {"channel": "book.BTC-PERPETUAL.none.20.100ms", "data": {"timestamp": 1773417829416, "change_id": 145407406716, "instrument_name": "BTC-PERPETUAL", "bids": [[71734.0, 116260.0], [71731.5, 12950.0], [71731.0, 33900.0], [71730.5, 2890.0], [71729.0, 7050.0], [71728.5, 5490.0], [71726.0, 18480.0], [71725.5, 8960.0], [71725.0, 30000.0], [71721.5, 34790.0], [71721.0, 74980.0], [71720.0, 5000.0], [71718.5, 14490.0], [71717.5, 10820.0], [71717.0, 28730.0], [71715.0, 7520.0], [71709.0, 2240.0], [71708.5, 7520.0], [71707.0, 10.0], [71703.5, 2260.0]], "asks": [[71734.5, 1000.0], [71742.0, 100.0], [71743.0, 100610.0], [71749.0, 2890.0], [71750.5, 10.0], [71752.0, 500.0], [71752.5, 1530.0], [71754.5, 5500.0], [71755.0, 5500.0], [71756.0, 7480.0], [71757.0, 2840.0], [71757.5, 7570.0], [71758.5, 10.0], [71759.5, 2350.0], [71760.0, 120.0], [71762.0, 7580.0], [71765.5, 7580.0], [71768.0, 600.0], [71769.0, 6600.0], [71769.5, 100.0]]}}}
{"jsonrpc": "2.0", "method": "subscription", "params": {"channel": "book.BTC-PERPETUAL.none.20.100ms", "data": {"timestamp": 1773417829744, "change_id": 145407408396, "instrument_name": "BTC-PERPETUAL", "bids": [[71734.0, 215550.0], [71732.0, 12470.0], [71731.5, 5490.0], [71730.5, 2890.0], [71729.5, 15000.0], [71728.0, 13310.0], [71727.5, 25000.0], [71726.0, 19580.0], [71723.5, 26560.0], [71723.0, 74980.0], [71722.0, 13990.0], [71720.5, 1640.0], [71720.0, 5000.0], [71718.5, 500.0], [71717.5, 3360.0], [71717.0, 3730.0], [71715.0, 7520.0], [71713.5, 1000.0], [71709.0, 2240.0], [71708.5, 7520.0]], "asks": [[71734.5, 1000.0], [71742.0, 100.0], [71743.0, 42500.0], [71749.0, 2890.0], [71750.5, 10.0], [71754.0, 5200.0], [71755.5, 500.0], [71756.0, 7480.0], [71756.5, 5500.0], [71757.0, 8500.0], [71757.5, 7570.0], [71758.5, 10.0], [71759.5, 2350.0], [71760.0, 120.0], [71761.5, 2260.0], [71762.0, 7580.0], [71765.0, 2260.0], [71765.5, 7580.0], [71768.0, 600.0], [71768.5, 4270.0]]}}}
{"jsonrpc": "2.0", "method": "subscription", "params": {"channel": "book.BTC-PERPETUAL.none.20.100ms", "data": {"timestamp": 1773417830077, "change_id": 145407410230, "instrument_name": "BTC-PERPETUAL", "bids": [[71758.0, 13420.0], [71750.5, 10120.0], [71750.0, 38380.0], [71749.5, 15000.0], [71743.0, 9870.0], [71742.5, 2590.0], [71742.0, 100.0], [71741.5, 25490.0], [71741.0, 6620.0], [71738.5, 7520.0], [71738.0, 2220.0], [71735.5, 30000.0], [71734.5, 32600.0], [71734.0, 138810.0], [71732.5, 61330.0], [71731.5, 25000.0], [71731.0, 7520.0], [71730.0, 13990.0], [71729.0, 74980.0], [71727.5, 5000.0]], "asks": [[71758.5, 3020.0], [71764.0, 1790.0], [71764.5, 6000.0], [71768.0, 500.0], [71769.5, 2450.0], [71770.0, 7590.0], [71771.0, 19660.0], [71771.5, 58130.0], [71773.0, 10.0], [71774.0, 7590.0], [71774.5, 100.0], [71775.5, 6060.0], [71776.0, 3720.0], [71776.5, 3760.0], [71777.5, 6600.0], [71778.0, 7590.0], [71781.5, 26730.0], [71782.0, 75030.0], [71784.0, 7590.0], [71787.0, 6150.0]]}}}
{"jsonrpc": "2.0", "method": "subscription", "params": {"channel": "book.BTC-PERPETUAL.none.20.100ms", "data": {"timestamp": 1773417830404, "change_id": 145407412544, "instrument_name": "BTC-PERPETUAL", "bids": [[71758.0, 8990.0], [71751.0, 10610.0], [71750.0, 33900.0], [71749.5, 15000.0], [71748.0, 24500.0], [71746.5, 1530.0], [71746.0, 2220.0], [71744.5, 2890.0], [71743.5, 36950.0], [71742.5, 6770.0], [71742.0, 5590.0], [71741.5, 990.0], [71741.0, 3730.0], [71739.5, 5490.0], [71739.0, 13150.0], [71738.5, 7520.0], [71737.5, 5000.0], [71737.0, 44580.0], [71736.0, 30000.0], [71735.0, 74970.0]], "asks": [[71758.5, 10.0], [71764.5, 1370.0], [71765.0, 2890.0], [71769.0, 6000.0], [71770.5, 5500.0], [71771.0, 10.0], [71771.5, 58130.0], [71774.0, 7590.0], [71774.5, 100.0], [71775.5, 500.0], [71776.0, 3720.0], [71776.5, 3760.0], [71777.5, 120.0], [71778.0, 9940.0], [71783.5, 6600.0], [71784.0, 7590.0], [71787.0, 100.0], [71788.0, 75030.0], [71788.5, 11500.0], [71790.0, 10.0]]}}}
{"jsonrpc": "2.0", "method": "subscription", "params": {"channel": "book.BTC-PERPETUAL.none.20.100ms", "data": {"timestamp": 1773417830739, "change_id": 145407414807, "instrument_name": "BTC-PERPETUAL", "bids": [[71758.0, 9980.0], [71757.0, 1490.0], [71756.5, 5000.0], [71752.0, 25240.0], [71751.5, 24500.0], [71750.5, 30000.0], [71750.0, 33900.0], [71749.0, 12040.0], [71748.5, 39840.0], [71746.5, 2300.0], [71746.0, 2220.0], [71744.0, 5490.0], [71742.5, 10300.0], [71742.0, 30590.0], [71741.0, 3730.0], [71739.5, 9580.0], [71739.0, 6590.0], [71738.5, 7520.0], [71738.0, 12990.0], [71737.5, 5000.0]], "asks": [[71758.5, 3510.0], [71765.5, 2890.0], [71768.0, 3250.0], [71769.0, 100.0], [71770.5, 6000.0], [71771.0, 22860.0], [71771.5, 58130.0], [71775.5, 5200.0], [71776.0, 3720.0], [71776.5, 3760.0], [71778.0, 9940.0], [71782.5, 120.0], [71783.0, 4080.0], [71783.5, 6600.0], [71784.0, 8090.0], [71786.0, 23770.0], [71787.0, 100.0], [71788.0, 75030.0], [71788.5, 7590.0], [71790.0, 10.0]]}}}
{"jsonrpc": "2.0", "method": "subscription", "params": {"channel": "book.BTC-PERPETUAL.none.20.100ms", "data": {"timestamp": 1773417831070, "change_id": 145407417306, "instrument_name": "BTC-PERPETUAL", "bids": [[71768.0, 990.0], [71758.5, 12730.0], [71758.0, 42650.0], [71755.5, 11690.0], [71755.0, 490.0], [71754.5, 2220.0], [71752.5, 45910.0], [71752.0, 30000.0], [71750.0, 2750.0], [71748.5, 5490.0], [71748.0, 3730.0], [71746.0, 5490.0], [71744.0, 7480.0], [71743.0, 31000.0], [71742.5, 32520.0], [71742.0, 100.0], [71741.0, 500.0], [71739.5, 26120.0], [71739.0, 98290.0], [71738.5, 7520.0]], "asks": [[71768.5, 64030.0], [71769.0, 3600.0], [71769.5, 6000.0], [71770.5, 2890.0], [71771.0, 17500.0], [71771.5, 58130.0], [71774.5, 5610.0], [71775.0, 11000.0], [71777.5, 7520.0], [71784.5, 7520.0], [71785.0, 17650.0], [71785.5, 42500.0], [71786.0, 4970.0], [71786.5, 6600.0], [71787.0, 2350.0], [71788.5, 8700.0], [71789.0, 3720.0], [71790.0, 10.0], [71793.5, 75030.0], [71794.5, 37660.0]]}}}
{"jsonrpc": "2.0", "method": "subscription", "params": {"channel": "book.BTC-PERPETUAL.none.20.100ms", "data": {"timestamp": 1773417831400, "change_id": 145407419434, "instrument_name": "BTC-PERPETUAL", "bids": [[71771.0, 20100.0], [71770.5, 62900.0], [71770.0, 14880.0], [71769.5, 60300.0], [71768.5, 12860.0], [71768.0, 990.0], [71767.5, 3000.0], [71758.5, 9700.0], [71758.0, 32480.0], [71755.0, 40330.0], [71754.5, 2220.0], [71753.0, 12230.0], [71752.5, 30000.0], [71750.5, 10980.0], [71749.5, 3360.0], [71749.0, 7520.0], [71748.0, 3730.0], [71745.0, 25000.0], [71744.0, 28990.0], [71743.5, 94550.0]], "asks": [[71771.5, 58130.0], [71775.5, 3250.0], [71776.5, 11500.0], [71784.0, 2240.0], [71784.5, 7520.0], [71785.0, 17240.0], [71785.5, 43500.0], [71787.0, 2350.0], [71788.5, 16460.0], [71789.0, 3720.0], [71789.5, 3880.0], [71790.0, 10.0], [71794.5, 24660.0], [71795.0, 75030.0], [71795.5, 7590.0], [71798.5, 8250.0], [71799.0, 50950.0], [71799.5, 25000.0], [71800.0, 400.0], [71800.5, 13010.0]]}}}
{"jsonrpc": "2.0", "method": "subscription", "params": {"channel": "book.BTC-PERPETUAL.none.20.100ms", "data": {"timestamp": 1773417831730, "change_id": 145407421228, "instrument_name": "BTC-PERPETUAL", "bids": [[71771.0, 10010.0], [71770.5, 10.0], [71768.5, 100.0], [71759.5, 7470.0], [71758.5, 490.0], [71758.0, 24540.0], [71756.5, 21510.0], [71755.5, 30000.0], [71755.0, 36950.0], [71754.5, 2220.0], [71753.5, 5500.0], [71753.0, 3730.0], [71750.5, 9220.0], [71749.5, 7730.0], [71749.0, 7520.0], [71745.5, 37180.0], [71743.5, 44580.0], [71743.0, 81570.0], [71742.5, 7520.0], [71742.0, 100.0]], "asks": [[71771.5, 47160.0], [71773.5, 21310.0], [71774.0, 28970.0], [71774.5, 64040.0], [71775.0, 33900.0], [71775.5, 500.0], [71776.0, 6000.0], [71784.0, 2240.0], [71784.5, 7520.0], [71785.0, 17920.0], [71785.5, 43500.0], [71787.0, 2350.0], [71788.5, 16460.0], [71789.0, 3720.0], [71789.5, 3880.0], [71790.0, 10.0], [71792.0, 500.0], [71794.5, 75030.0], [71795.5, 7590.0], [71798.5, 3940.0]]}}}
{"jsonrpc": "2.0", "method": "subscription", "params": {"channel": "book.BTC-PERPETUAL.none.20.100ms", "data": {"timestamp": 1773417832058, "change_id": 145407422800, "instrument_name": "BTC-PERPETUAL", "bids": [[71771.0, 32790.0], [71770.5, 10.0], [71768.5, 100.0], [71763.5, 490.0], [71759.5, 17550.0], [71758.5, 36950.0], [71758.0, 24540.0], [71756.0, 11260.0], [71755.5, 30000.0], [71755.0, 5490.0], [71754.5, 2220.0], [71753.5, 7470.0], [71753.0, 6620.0], [71750.0, 7550.0], [71749.5, 6590.0], [71749.0, 7520.0], [71747.5, 5000.0], [71746.5, 30600.0], [71746.0, 25000.0], [71744.5, 26980.0]], "asks": [[71771.5, 7040.0], [71782.0, 5070.0], [71783.5, 11500.0], [71784.5, 7520.0], [71785.0, 17920.0], [71785.5, 42500.0], [71787.0, 2350.0], [71787.5, 1000.0], [71788.5, 11690.0], [71789.0, 3720.0], [71789.5, 3880.0], [71790.0, 10.0], [71791.5, 6600.0], [71792.0, 500.0], [71795.0, 2270.0], [71795.5, 7590.0], [71797.0, 22460.0], [71798.5, 75030.0], [71799.0, 210.0], [71800.0, 400.0]]}}}
{"jsonrpc": "2.0", "method": "subscription", "params": {"channel": "book.BTC-PERPETUAL.none.20.100ms", "data": {"timestamp": 1773417832388, "change_id": 145407425140, "instrument_name": "BTC-PERPETUAL", "bids": [[71771.0, 34390.0], [71770.5, 10.0], [71766.5, 1490.0], [71766.0, 5000.0], [71764.0, 7310.0], [71763.5, 24500.0], [71759.0, 23380.0], [71758.5, 66950.0], [71758.0, 40.0], [71756.5, 3650.0], [71755.0, 5490.0], [71754.5, 2220.0], [71754.0, 5490.0], [71753.5, 1110.0], [71753.0, 3730.0], [71749.5, 37390.0], [71749.0, 7520.0], [71748.0, 19580.0], [71747.5, 30000.0], [71747.0, 74970.0]], "asks": [[71771.5, 3730.0], [71776.5, 2890.0], [71778.5, 3280.0], [71781.0, 11500.0], [71784.0, 2240.0], [71784.5, 7520.0], [71785.0, 17920.0], [71785.5, 42500.0], [71787.0, 2350.0], [71788.5, 11800.0], [71789.0, 4220.0], [71789.5, 3760.0], [71790.0, 10.0], [71791.5, 6600.0], [71792.0, 500.0], [71793.0, 120.0], [71795.0, 2270.0], [71795.5, 7590.0], [71799.0, 210.0], [71800.0, 25070.0]]}}}
{"jsonrpc": "2.0", "method": "subscription", "params": {"channel": "book.BTC-PERPETUAL.none.20.100ms", "data": {"timestamp": 1773417832723, "change_id": 145407427798, "instrument_name": "BTC-PERPETUAL", "bids": [[71781.0, 49020.0], [71776.5, 11640.0], [71776.0, 34890.0], [71772.5, 5000.0], [71771.5, 7800.0], [71771.0, 25450.0], [71770.5, 10.0], [71768.5, 18840.0], [71768.0, 66950.0], [71766.0, 2020.0], [71765.5, 2890.0], [71764.5, 2220.0], [71764.0, 15480.0], [71763.5, 10980.0], [71762.0, 7520.0], [71761.0, 25000.0], [71760.5, 3730.0], [71760.0, 7560.0], [71758.0, 40.0], [71757.5, 12990.0]], "asks": [[71781.5, 3500.0], [71782.5, 11130.0], [71783.0, 36790.0], [71785.0, 16120.0], [71785.5, 42500.0], [71786.5, 500.0], [71788.0, 5500.0], [71790.0, 10.0], [71791.0, 1640.0], [71791.5, 5500.0], [71794.5, 120.0], [71795.0, 1950.0], [71795.5, 8650.0], [71796.0, 2350.0], [71796.5, 1000.0], [71799.0, 6470.0], [71799.5, 3760.0], [71800.0, 7000.0], [71800.5, 510.0], [71801.0, 7610.0]]}}}
{"jsonrpc": "2.0", "method": "subscription", "params": {"channel": "book.BTC-PERPETUAL.none.20.100ms", "data": {"timestamp": 1773417833052, "change_id": 145407428986, "instrument_name": "BTC-PERPETUAL", "bids": [[71781.0, 51390.0], [71776.5, 10120.0], [71776.0, 33900.0], [71772.0, 18830.0], [71771.5, 36950.0], [71771.0, 24500.0], [71770.5, 10.0], [71769.0, 5490.0], [71768.5, 8960.0], [71768.0, 30000.0], [71767.5, 2970.0], [71766.0, 5490.0], [71765.5, 2890.0], [71764.5, 2220.0], [71762.5, 29660.0], [71762.0, 7520.0], [71761.0, 6590.0], [71760.5, 28730.0], [71759.0, 6430.0], [71758.5, 13990.0]], "asks": [[71781.5, 13450.0], [71783.0, 2890.0], [71785.5, 42500.0], [71790.0, 510.0], [71793.5, 4090.0], [71794.0, 5500.0], [71794.5, 120.0], [71795.5, 9930.0], [71796.0, 7850.0], [71799.0, 4990.0], [71799.5, 3760.0], [71800.0, 400.0], [71800.5, 1510.0], [71801.0, 7610.0], [71802.5, 3720.0], [71803.5, 2270.0], [71804.5, 7600.0], [71808.0, 6600.0], [71808.5, 24730.0], [71809.0, 75240.0]]}}}
{"jsonrpc": "2.0", "method": "subscription", "params": {"channel": "book.BTC-PERPETUAL.none.20.100ms", "data": {"timestamp": 1773417833383, "change_id": 145407431004, "instrument_name": "BTC-PERPETUAL", "bids": [[71781.0, 85510.0], [71780.5, 5000.0], [71778.0, 36950.0], [71776.5, 13980.0], [71776.0, 36790.0], [71773.5, 5490.0], [71770.5, 10.0], [71770.0, 5490.0], [71768.5, 8960.0], [71768.0, 30000.0], [71767.5, 3460.0], [71767.0, 6590.0], [71764.5, 1490.0], [71764.0, 5000.0], [71763.5, 53040.0], [71763.0, 37990.0], [71762.5, 74980.0], [71762.0, 7520.0], [71760.5, 3730.0], [71758.5, 500.0]], "asks": [[71781.5, 9950.0], [71790.0, 10.0], [71793.5, 2890.0], [71794.5, 5500.0], [71798.5, 500.0], [71799.0, 210.0], [71800.0, 400.0], [71802.0, 5500.0], [71804.0, 2970.0], [71806.0, 2350.0], [71808.5, 500.0], [71809.0, 2480.0], [71809.5, 7620.0], [71811.0, 4240.0], [71811.5, 6600.0], [71813.0, 7590.0], [71815.0, 10.0], [71816.5, 24900.0], [71817.0, 75030.0], [71817.5, 7740.0]]}}}
{"jsonrpc": "2.0", "method": "subscription", "params": {"channel": "book.BTC-PERPETUAL.none.20.100ms", "data": {"timestamp": 1773417833713, "change_id": 145407434022, "instrument_name": "BTC-PERPETUAL", "bids": [[71798.5, 990.0], [71789.5, 2800.0], [71782.0, 24500.0], [71781.5, 7800.0], [71781.0, 15670.0], [71780.0, 7520.0], [71779.0, 3730.0], [71778.0, 33730.0], [71777.5, 30000.0], [71776.5, 490.0], [71776.0, 7520.0], [71771.5, 11030.0], [71771.0, 39840.0], [71770.5, 7530.0], [71769.0, 10490.0], [71768.0, 25000.0], [71766.5, 5490.0], [71766.0, 7520.0], [71762.5, 19580.0], [71762.0, 7520.0]], "asks": [[71799.0, 82980.0], [71804.0, 2350.0], [71804.5, 40400.0], [71805.0, 6000.0], [71808.5, 500.0], [71809.0, 210.0], [71809.5, 1000.0], [71815.0, 10.0], [71816.5, 37550.0], [71817.0, 88030.0], [71817.5, 7620.0], [71818.5, 36970.0], [71819.0, 210.0], [71820.0, 3720.0], [71821.0, 2270.0], [71821.5, 7620.0], [71826.5, 120.0], [71827.5, 100.0], [71828.5, 32620.0], [71829.0, 210.0]]}}}
{"jsonrpc": "2.0", "method": "subscription", "params": {"channel": "book.BTC-PERPETUAL.none.20.100ms", "data": {"timestamp": 1773417834043, "change_id": 145407435314, "instrument_name": "BTC-PERPETUAL", "bids": [[71798.5, 31450.0], [71784.5, 10080.0], [71783.0, 2890.0], [71782.5, 36950.0], [71782.0, 24500.0], [71781.5, 490.0], [71781.0, 4670.0], [71780.5, 5490.0], [71780.0, 7520.0], [71779.5, 30000.0], [71779.0, 3730.0], [71778.0, 5490.0], [71777.5, 5000.0], [71776.0, 7520.0], [71773.5, 6850.0], [71773.0, 19580.0], [71772.0, 25000.0], [71771.5, 13990.0], [71771.0, 2250.0], [71770.5, 7530.0]], "asks": [[71799.0, 950.0], [71800.5, 130.0], [71803.5, 500.0], [71806.0, 3350.0], [71806.5, 5500.0], [71809.0, 210.0], [71812.5, 2350.0], [71814.0, 1000.0], [71815.0, 5510.0], [71817.0, 25900.0], [71817.5, 7620.0], [71819.0, 210.0], [71819.5, 6600.0], [71820.0, 3720.0], [71821.5, 7620.0], [71823.0, 87720.0], [71823.5, 42500.0], [71828.0, 2340.0], [71828.5, 7620.0], [71829.0, 210.0]]}}}
{"jsonrpc": "2.0", "method": "subscription", "params": {"channel": "book.BTC-PERPETUAL.none.20.100ms", "data": {"timestamp": 1773417834372, "change_id": 145407437488, "instrument_name": "BTC-PERPETUAL", "bids": [[71798.5, 32070.0], [71790.0, 11690.0], [71789.5, 37440.0], [71789.0, 2220.0], [71787.5, 4180.0], [71787.0, 14000.0], [71784.5, 3950.0], [71783.5, 5490.0], [71783.0, 2890.0], [71782.5, 5490.0], [71781.0, 2450.0], [71780.5, 16690.0], [71780.0, 37520.0], [71779.0, 3730.0], [71778.5, 27660.0], [71777.0, 2240.0], [71776.0, 7520.0], [71774.5, 32530.0], [71772.5, 13990.0], [71772.0, 99970.0]], "asks": [[71799.0, 860.0], [71800.5, 2890.0], [71809.0, 210.0], [71810.5, 3430.0], [71811.0, 5500.0], [71811.5, 500.0], [71812.0, 5500.0], [71816.5, 500.0], [71817.0, 3450.0], [71817.5, 7620.0], [71819.0, 210.0], [71820.0, 3720.0], [71821.5, 7620.0], [71822.5, 2350.0], [71823.0, 19290.0], [71823.5, 42500.0], [71824.5, 500.0], [71827.5, 24770.0], [71828.0, 75030.0], [71828.5, 7620.0]]}}}
{"jsonrpc": "2.0", "method": "subscription", "params": {"channel": "book.BTC-PERPETUAL.none.20.100ms", "data": {"timestamp": 1773417834702, "change_id": 145407438945, "instrument_name": "BTC-PERPETUAL", "bids": [[71798.5, 70780.0], [71790.0, 11840.0], [71789.5, 37440.0], [71789.0, 2220.0], [71788.5, 14770.0], [71788.0, 30000.0], [71787.0, 14000.0], [71784.5, 4140.0], [71784.0, 5490.0], [71783.5, 5490.0], [71783.0, 2890.0], [71781.5, 86070.0], [71781.0, 135690.0], [71780.0, 7520.0], [71779.0, 3730.0], [71778.5, 21070.0], [71778.0, 4210.0], [71777.5, 6590.0], [71776.0, 7520.0], [71774.5, 26550.0]], "asks": [[71799.0, 620.0], [71800.5, 2890.0], [71809.0, 210.0], [71809.5, 1790.0], [71810.0, 6000.0], [71814.5, 1790.0], [71816.0, 5500.0], [71816.5, 500.0], [71817.0, 3450.0], [71817.5, 8620.0], [71819.0, 210.0], [71820.0, 3720.0], [71821.5, 7620.0], [71822.5, 2350.0], [71823.0, 19290.0], [71823.5, 42500.0], [71824.5, 500.0], [71827.5, 24770.0], [71828.0, 75030.0], [71828.5, 7620.0]]}}}
{"jsonrpc": "2.0", "method": "subscription", "params": {"channel": "book.BTC-PERPETUAL.none.20.100ms", "data": {"timestamp": 1773417835034, "change_id": 145407441374, "instrument_name": "BTC-PERPETUAL", "bids": [[71808.0, 1830.0], [71798.5, 3110.0], [71795.5, 3000.0], [71789.0, 7510.0], [71788.0, 2220.0], [71786.5, 5040.0], [71786.0, 14000.0], [71785.0, 2890.0], [71782.5, 30000.0], [71782.0, 36950.0], [71781.0, 135690.0], [71780.5, 5490.0], [71780.0, 7520.0], [71779.0, 3730.0], [71777.5, 5490.0], [71776.0, 7520.0], [71775.0, 25000.0], [71771.5, 19580.0], [71770.5, 82500.0], [71768.5, 13990.0]], "asks": [[71808.5, 28740.0], [71809.0, 210.0], [71817.0, 500.0], [71817.5, 7620.0], [71818.0, 2350.0], [71820.0, 3720.0], [71821.0, 6600.0], [71821.5, 7620.0], [71822.0, 12690.0], [71823.0, 75030.0], [71823.5, 42500.0], [71828.5, 7620.0], [71829.0, 210.0], [71830.5, 120.0], [71831.0, 100.0], [71832.0, 49970.0], [71834.5, 7620.0], [71836.0, 25000.0], [71838.0, 100.0], [71838.5, 7600.0]]}}}
{"jsonrpc": "2.0", "method": "subscription", "params": {"channel": "book.BTC-PERPETUAL.none.20.100ms", "data": {"timestamp": 1773417835364, "change_id": 145407442848, "instrument_name": "BTC-PERPETUAL", "bids": [[71808.0, 1830.0], [71804.0, 100.0], [71789.5, 2240.0], [71789.0, 7510.0], [71788.0, 2220.0], [71787.5, 24960.0], [71786.5, 490.0], [71786.0, 47730.0], [71785.5, 36950.0], [71785.0, 2890.0], [71784.5, 5060.0], [71784.0, 7510.0], [71782.0, 5490.0], [71781.5, 51520.0], [71781.0, 135690.0], [71780.0, 7520.0], [71777.5, 11670.0], [71776.5, 25000.0], [71776.0, 7520.0], [71775.5, 6590.0]], "asks": [[71808.5, 29340.0], [71809.0, 210.0], [71817.0, 4590.0], [71817.5, 7620.0], [71818.0, 2350.0], [71820.0, 4220.0], [71821.0, 6600.0], [71821.5, 7620.0], [71822.0, 12690.0], [71823.5, 42500.0], [71826.5, 22400.0], [71827.0, 75030.0], [71827.5, 2340.0], [71828.5, 7620.0], [71830.5, 120.0], [71831.0, 13100.0], [71831.5, 11040.0], [71832.5, 10.0], [71833.5, 36970.0], [71834.0, 9740.0]]}}}
{"jsonrpc": "2.0", "method": "subscription", "params": {"channel": "book.BTC-PERPETUAL.none.20.100ms", "data": {"timestamp": 1773417835647, "change_id": 145407443978, "instrument_name": "BTC-PERPETUAL", "bids": [[71816.5, 7440.0], [71808.5, 2000.0], [71808.0, 42260.0], [71804.0, 100.0], [71791.5, 14000.0], [71790.0, 490.0], [71789.5, 12980.0], [71789.0, 7510.0], [71788.5, 52720.0], [71788.0, 30000.0], [71786.5, 5490.0], [71786.0, 3730.0], [71785.0, 5130.0], [71784.0, 7510.0], [71782.5, 5490.0], [71781.5, 46030.0], [71781.0, 135690.0], [71780.5, 44580.0], [71780.0, 7520.0], [71777.5, 35650.0]], "asks": [[71817.0, 500.0], [71820.0, 500.0], [71823.5, 42500.0], [71832.5, 10.0], [71837.0, 11040.0], [71838.0, 9540.0], [71839.0, 220.0], [71839.5, 120.0], [71840.0, 50.0], [71841.0, 27270.0], [71841.5, 3720.0], [71844.5, 3740.0], [71845.0, 5000.0], [71846.0, 7520.0], [71848.5, 6480.0], [71850.0, 100.0], [71850.5, 100.0], [71851.0, 7510.0], [71856.0, 35930.0], [71857.5, 2240.0]]}}}
{"jsonrpc": "2.0", "method": "subscription", "params": {"channel": "book.BTC-PERPETUAL.none.20.100ms", "data": {"timestamp": 1773417836025, "change_id": 145407447508, "instrument_name": "BTC-PERPETUAL", "bids": [[71826.5, 4100.0], [71823.5, 14040.0], [71823.0, 3030.0], [71820.0, 37910.0], [71817.0, 2570.0], [71816.5, 45660.0], [71812.5, 1230.0], [71811.5, 4180.0], [71811.0, 14000.0], [71810.0, 2890.0], [71809.5, 30630.0], [71809.0, 2220.0], [71808.5, 33800.0], [71808.0, 14990.0], [71807.5, 7510.0], [71804.0, 100.0], [71801.0, 15970.0], [71800.0, 37990.0], [71798.0, 5490.0], [71797.5, 12510.0]], "asks": [[71827.0, 2280.0], [71827.5, 10090.0], [71828.0, 33800.0], [71831.5, 2890.0], [71833.0, 10090.0], [71833.5, 33800.0], [71836.0, 1790.0], [71837.0, 500.0], [71837.5, 3620.0], [71838.0, 6850.0], [71838.5, 2350.0], [71839.0, 10.0], [71840.0, 50.0], [71844.5, 1500.0], [71846.0, 7510.0], [71848.0, 24350.0], [71850.5, 81630.0], [71851.0, 7510.0], [71855.5, 5870.0], [71857.0, 13120.0]]}}}
{"jsonrpc": "2.0", "method": "subscription", "params": {"channel": "book.BTC-PERPETUAL.none.20.100ms", "data": {"timestamp": 1773417836354, "change_id": 145407449968, "instrument_name": "BTC-PERPETUAL", "bids": [[71827.0, 87340.0], [71821.5, 19410.0], [71821.0, 24140.0], [71820.0, 33810.0], [71819.5, 2490.0], [71816.5, 8350.0], [71813.0, 490.0], [71811.5, 15210.0], [71811.0, 14000.0], [71809.5, 36950.0], [71809.0, 20660.0], [71808.5, 33800.0], [71808.0, 2120.0], [71807.5, 7510.0], [71806.5, 5490.0], [71806.0, 2530.0], [71805.5, 30490.0], [71805.0, 2890.0], [71804.0, 100.0], [71802.5, 8550.0]], "asks": [[71831.0, 7640.0], [71832.0, 1640.0], [71832.5, 5500.0], [71837.5, 2760.0], [71838.0, 6000.0], [71838.5, 2350.0], [71839.0, 10.0], [71840.0, 50.0], [71841.0, 3720.0], [71843.5, 1000.0], [71844.5, 500.0], [71845.5, 3930.0], [71846.0, 7510.0], [71847.5, 6600.0], [71848.0, 3720.0], [71850.5, 2240.0], [71851.0, 7510.0], [71854.5, 22400.0], [71855.0, 75030.0], [71855.5, 15850.0]]}}}
{"jsonrpc": "2.0", "method": "subscription", "params": {"channel": "book.BTC-PERPETUAL.none.20.100ms", "data": {"timestamp": 1773417836681, "change_id": 145407452034, "instrument_name": "BTC-PERPETUAL", "bids": [[71838.5, 24140.0], [71836.5, 25060.0], [71836.0, 750.0], [71826.0, 990.0], [71821.5, 20050.0], [71821.0, 1060.0], [71820.5, 36950.0], [71820.0, 33810.0], [71818.0, 2220.0], [71817.5, 4970.0], [71817.0, 7510.0], [71816.5, 14000.0], [71815.5, 11200.0], [71815.0, 30000.0], [71814.0, 5490.0], [71813.0, 7510.0], [71812.5, 9470.0], [71812.0, 6590.0], [71811.5, 2890.0], [71809.5, 5490.0]], "asks": [[71839.0, 3340.0], [71840.0, 220.0], [71843.5, 1790.0], [71844.0, 5500.0], [71848.5, 2350.0], [71850.0, 5500.0], [71851.0, 7510.0], [71852.0, 500.0], [71853.0, 4190.0], [71853.5, 3720.0], [71855.5, 22110.0], [71857.5, 81630.0], [71858.0, 7510.0], [71861.0, 2240.0], [71861.5, 7510.0], [71864.5, 11680.0], [71865.0, 38000.0], [71865.5, 18070.0], [71866.0, 100.0], [71868.5, 36970.0]]}}}
{"jsonrpc": "2.0", "method": "subscription", "params": {"channel": "book.BTC-PERPETUAL.none.20.100ms", "data": {"timestamp": 1773417837015, "change_id": 145407454370, "instrument_name": "BTC-PERPETUAL", "bids": [[71839.5, 31650.0], [71839.0, 10.0], [71826.5, 490.0], [71825.5, 2220.0], [71822.5, 26940.0], [71822.0, 50950.0], [71820.5, 5490.0], [71820.0, 33810.0], [71819.0, 4740.0], [71818.5, 2890.0], [71817.0, 14100.0], [71816.0, 20650.0], [71815.5, 30000.0], [71814.5, 25000.0], [71813.0, 7510.0], [71809.0, 12990.0], [71808.5, 40110.0], [71808.0, 74980.0], [71807.5, 12510.0], [71804.0, 100.0]], "asks": [[71840.0, 4060.0], [71843.5, 500.0], [71846.5, 3070.0], [71847.0, 5500.0], [71848.0, 5500.0], [71848.5, 2350.0], [71852.0, 500.0], [71853.0, 1110.0], [71853.5, 3720.0], [71857.5, 2240.0], [71858.0, 7510.0], [71860.0, 24350.0], [71861.5, 7510.0], [71863.5, 4210.0], [71864.0, 81630.0], [71865.5, 7510.0], [71866.0, 100.0], [71868.5, 2240.0], [71869.0, 7510.0], [71871.5, 3880.0]]}}}
{"jsonrpc": "2.0", "method": "subscription", "params": {"channel": "book.BTC-PERPETUAL.none.20.100ms", "data": {"timestamp": 1773417837347, "change_id": 145407456842, "instrument_name": "BTC-PERPETUAL", "bids": [[71846.0, 18170.0], [71839.5, 990.0], [71839.0, 10.0], [71827.5, 14490.0], [71826.5, 7510.0], [71826.0, 36950.0], [71825.5, 5110.0], [71823.5, 7130.0], [71821.0, 5490.0], [71820.0, 5860.0], [71819.5, 6590.0], [71817.0, 7510.0], [71816.5, 20220.0], [71816.0, 30000.0], [71814.5, 25000.0], [71814.0, 12990.0], [71813.0, 12510.0], [71810.0, 500.0], [71809.0, 88960.0], [71807.5, 7510.0]], "asks": [[71846.5, 26560.0], [71848.0, 5500.0], [71850.0, 1640.0], [71850.5, 5500.0], [71859.5, 2850.0], [71861.5, 7510.0], [71863.5, 22110.0], [71864.5, 81630.0], [71865.5, 7510.0], [71866.0, 100.0], [71867.5, 5950.0], [71869.0, 7510.0], [71870.5, 10.0], [71871.0, 3880.0], [71871.5, 13000.0], [71873.0, 2240.0], [71873.5, 7510.0], [71875.5, 100.0], [71876.0, 10750.0], [71877.0, 36970.0]]}}}
{"jsonrpc": "2.0", "method": "subscription", "params": {"channel": "book.BTC-PERPETUAL.none.20.100ms", "data": {"timestamp": 1773417837674, "change_id": 145407459090, "instrument_name": "BTC-PERPETUAL", "bids": [[71858.0, 14980.0], [71846.0, 990.0], [71839.5, 2240.0], [71839.0, 7520.0], [71833.5, 5890.0], [71833.0, 14000.0], [71831.5, 7510.0], [71829.0, 23020.0], [71828.5, 30000.0], [71828.0, 36950.0], [71827.0, 12860.0], [71826.5, 14100.0], [71825.5, 5110.0], [71824.0, 5490.0], [71820.0, 15080.0], [71819.5, 37990.0], [71818.0, 13990.0], [71817.5, 5000.0], [71817.0, 7510.0], [71815.0, 24620.0]], "asks": [[71858.5, 33770.0], [71859.0, 5500.0], [71859.5, 2850.0], [71867.0, 3350.0], [71867.5, 3710.0], [71869.0, 7510.0], [71870.5, 10.0], [71872.0, 1970.0], [71872.5, 31270.0], [71873.0, 75030.0], [71873.5, 7510.0], [71875.5, 100.0], [71876.0, 5840.0], [71878.0, 13000.0], [71879.0, 7510.0], [71882.0, 11140.0], [71882.5, 36970.0], [71883.0, 16720.0], [71883.5, 55880.0], [71886.0, 120.0]]}}}
{"jsonrpc": "2.0", "method": "subscription", "params": {"channel": "book.BTC-PERPETUAL.none.20.100ms", "data": {"timestamp": 1773417838005, "change_id": 145407461449, "instrument_name": "BTC-PERPETUAL", "bids": [[71858.0, 19900.0], [71839.5, 6420.0], [71839.0, 7520.0], [71838.5, 14000.0], [71835.5, 11840.0], [71835.0, 37440.0], [71834.5, 2220.0], [71833.5, 2890.0], [71832.5, 6000.0], [71832.0, 5490.0], [71831.5, 7510.0], [71830.5, 16060.0], [71830.0, 30000.0], [71826.5, 7510.0], [71824.5, 5490.0], [71823.0, 5000.0], [71821.5, 37900.0], [71821.0, 112960.0], [71820.5, 13990.0], [71820.0, 10.0]], "asks": [[71858.5, 29030.0], [71866.0, 5990.0], [71866.5, 5500.0], [71867.0, 500.0], [71867.5, 3710.0], [71868.5, 1000.0], [71869.0, 9860.0], [71870.5, 10.0], [71873.0, 2240.0], [71873.5, 7510.0], [71876.5, 26610.0], [71877.0, 81630.0], [71879.0, 7510.0], [71882.0, 13000.0], [71882.5, 36970.0], [71883.0, 16720.0], [71883.5, 55880.0], [71887.0, 7510.0], [71888.0, 5000.0], [71890.0, 27240.0]]}}}
{"jsonrpc": "2.0", "method": "subscription", "params": {"channel": "book.BTC-PERPETUAL.none.20.100ms", "data": {"timestamp": 1773417838336, "change_id": 145407463364, "instrument_name": "BTC-PERPETUAL", "bids": [[71858.0, 14500.0], [71839.5, 6420.0], [71839.0, 7520.0], [71838.5, 14000.0], [71835.0, 490.0], [71834.5, 2220.0], [71833.5, 23550.0], [71833.0, 36950.0], [71831.5, 7510.0], [71830.5, 30510.0], [71828.5, 1640.0], [71828.0, 5490.0], [71827.0, 5420.0], [71826.5, 7510.0], [71825.0, 6590.0], [71824.5, 5490.0], [71823.5, 5520.0], [71823.0, 5000.0], [71822.5, 500.0], [71820.5, 12990.0]], "asks": [[71858.5, 57290.0], [71866.0, 4200.0], [71867.0, 500.0], [71867.5, 3710.0], [71869.0, 9860.0], [71870.5, 10.0], [71872.5, 4070.0], [71873.0, 6600.0], [71873.5, 7510.0], [71874.0, 500.0], [71878.0, 24640.0], [71878.5, 75030.0], [71879.0, 7510.0], [71882.5, 11040.0], [71883.0, 52210.0], [71883.5, 7510.0], [71886.5, 7180.0], [71887.0, 7510.0], [71890.0, 32500.0], [71890.5, 7510.0]]}}}
{"jsonrpc": "2.0", "method": "subscription", "params": {"channel": "book.BTC-PERPETUAL.none.20.100ms", "data": {"timestamp": 1773417838669, "change_id": 145407465432, "instrument_name": "BTC-PERPETUAL", "bids": [[71839.5, 25480.0], [71839.0, 10.0], [71836.0, 31410.0], [71835.5, 30000.0], [71834.5, 2220.0], [71832.5, 18300.0], [71830.5, 510.0], [71830.0, 1970.0], [71829.5, 490.0], [71827.0, 10910.0], [71826.5, 7510.0], [71824.5, 5490.0], [71822.5, 500.0], [71820.5, 5490.0], [71820.0, 10.0], [71818.5, 13130.0], [71818.0, 11590.0], [71817.0, 7510.0], [71815.0, 9700.0], [71814.5, 25000.0]], "asks": [[71840.0, 33800.0], [71844.5, 2890.0], [71857.5, 39130.0], [71858.0, 39800.0], [71858.5, 64850.0], [71859.0, 7510.0], [71866.0, 26020.0], [71866.5, 6600.0], [71867.0, 500.0], [71868.5, 75020.0], [71869.0, 9860.0], [71870.5, 10.0], [71871.5, 3880.0], [71872.0, 13000.0], [71872.5, 26050.0], [71873.5, 7510.0], [71876.0, 25000.0], [71877.5, 36970.0], [71878.5, 2240.0], [71879.0, 7510.0]]}}}
{"jsonrpc": "2.0", "method": "subscription", "params": {"channel": "book.BTC-PERPETUAL.none.20.100ms", "data": {"timestamp": 1773417838986, "change_id": 145407467954, "instrument_name": "BTC-PERPETUAL", "bids": [[71839.0, 7430.0], [71833.0, 1490.0], [71832.5, 5000.0], [71830.5, 4180.0], [71829.5, 14000.0], [71827.0, 20620.0], [71825.5, 30000.0], [71825.0, 36950.0], [71824.5, 5490.0], [71824.0, 2220.0], [71823.0, 490.0], [71820.0, 3600.0], [71818.5, 5490.0], [71817.0, 7510.0], [71816.5, 12680.0], [71816.0, 25000.0], [71815.5, 6590.0], [71815.0, 500.0], [71814.0, 2890.0], [71813.0, 7510.0]], "asks": [[71839.5, 20570.0], [71843.0, 500.0], [71843.5, 8860.0], [71844.0, 33700.0], [71844.5, 6000.0], [71857.5, 33790.0], [71858.0, 39800.0], [71858.5, 49990.0], [71859.0, 7510.0], [71860.5, 3710.0], [71865.0, 22140.0], [71865.5, 81630.0], [71867.0, 500.0], [71868.0, 2240.0], [71869.0, 7510.0], [71870.5, 11190.0], [71871.0, 36970.0], [71871.5, 13000.0], [71872.0, 500.0], [71873.0, 9700.0]]}}}
{"jsonrpc": "2.0", "method": "subscription", "params": {"channel": "book.BTC-PERPETUAL.none.20.100ms", "data": {"timestamp": 1773417839324, "change_id": 145407469955, "instrument_name": "BTC-PERPETUAL", "bids": [[71839.0, 12410.0], [71833.5, 1490.0], [71833.0, 5000.0], [71830.5, 4180.0], [71829.5, 14000.0], [71827.0, 20620.0], [71826.0, 490.0], [71825.5, 30000.0], [71825.0, 36950.0], [71824.5, 5490.0], [71824.0, 2220.0], [71820.5, 7470.0], [71820.0, 30400.0], [71818.5, 5490.0], [71818.0, 6590.0], [71817.5, 5000.0], [71817.0, 7510.0], [71815.0, 500.0], [71814.5, 3100.0], [71814.0, 2890.0]], "asks": [[71839.5, 16900.0], [71842.0, 24690.0], [71842.5, 42500.0], [71843.0, 500.0], [71844.0, 33700.0], [71844.5, 6000.0], [71857.5, 34790.0], [71858.0, 39800.0], [71858.5, 49990.0], [71859.0, 7510.0], [71860.5, 3710.0], [71863.0, 24370.0], [71863.5, 75030.0], [71865.5, 6600.0], [71867.0, 500.0], [71868.0, 2240.0], [71869.0, 7510.0], [71870.0, 13000.0], [71870.5, 17230.0], [71871.0, 36980.0]]}}}
{"jsonrpc": "2.0", "method": "subscription", "params": {"channel": "book.BTC-PERPETUAL.none.20.100ms", "data": {"timestamp": 1773417839660, "change_id": 145407471732, "instrument_name": "BTC-PERPETUAL", "bids": [[71839.0, 8450.0], [71832.0, 780.0], [71830.5, 4180.0], [71829.5, 14000.0], [71825.0, 11690.0], [71824.5, 37440.0], [71824.0, 2220.0], [71822.5, 16420.0], [71822.0, 30000.0], [71820.0, 36750.0], [71819.5, 8950.0], [71818.0, 6590.0], [71817.0, 7510.0], [71816.0, 2120.0], [71815.0, 500.0], [71813.0, 34570.0], [71812.5, 5000.0], [71810.0, 87960.0], [71809.5, 6420.0], [71808.0, 13990.0]], "asks": [[71839.5, 17580.0], [71842.0, 24690.0], [71842.5, 42500.0], [71843.0, 160.0], [71843.5, 500.0], [71844.0, 33700.0], [71844.5, 6000.0], [71852.5, 4880.0], [71853.0, 11750.0], [71853.5, 6000.0], [71855.5, 7000.0], [71857.0, 5500.0], [71857.5, 28290.0], [71858.0, 39800.0], [71858.5, 52680.0], [71859.0, 7510.0], [71860.5, 3710.0], [71865.0, 24110.0], [71865.5, 81630.0], [71867.0, 500.0]]}}}
{"jsonrpc": "2.0", "method": "subscription", "params": {"channel": "book.BTC-PERPETUAL.none.20.100ms", "data": {"timestamp": 1773417839993, "change_id": 145407473573, "instrument_name": "BTC-PERPETUAL", "bids": [[71839.0, 11760.0], [71833.0, 13400.0], [71832.5, 50950.0], [71831.0, 490.0], [71830.5, 10670.0], [71827.5, 30000.0], [71826.5, 1970.0], [71826.0, 12080.0], [71823.5, 39390.0], [71822.5, 12990.0], [71821.5, 74970.0], [71820.0, 33470.0], [71819.5, 8950.0], [71817.5, 13990.0], [71817.0, 7510.0], [71815.5, 3880.0], [71815.0, 5500.0], [71813.0, 9230.0], [71812.5, 5750.0], [71808.0, 2240.0]], "asks": [[71839.5, 10.0], [71843.0, 160.0], [71852.5, 3580.0], [71853.0, 6500.0], [71853.5, 6000.0], [71855.5, 6000.0], [71857.5, 28290.0], [71858.0, 39800.0], [71858.5, 55390.0], [71859.0, 7510.0], [71860.5, 3710.0], [71862.5, 21590.0], [71863.0, 58210.0], [71864.0, 7510.0], [71867.0, 4460.0], [71867.5, 5750.0], [71869.0, 7510.0], [71870.5, 10.0], [71872.0, 2470.0], [71872.5, 6600.0]]}}}
{"jsonrpc": "2.0", "method": "subscription", "params": {"channel": "book.BTC-PERPETUAL.none.20.100ms", "data": {"timestamp": 1773417840323, "change_id": 145407474951, "instrument_name": "BTC-PERPETUAL", "bids": [[71839.0, 10980.0], [71836.0, 780.0], [71833.5, 15400.0], [71833.0, 16220.0], [71831.0, 36950.0], [71830.5, 490.0], [71828.0, 8960.0], [71827.5, 30000.0], [71825.0, 7460.0], [71824.5, 25000.0], [71824.0, 5490.0], [71822.5, 1970.0], [71821.0, 6590.0], [71820.0, 8170.0], [71819.5, 8950.0], [71817.5, 17990.0], [71817.0, 7510.0], [71816.5, 28950.0], [71815.0, 500.0], [71814.0, 74980.0]], "asks": [[71839.5, 10.0], [71843.0, 160.0], [71852.0, 6000.0], [71852.5, 3580.0], [71853.0, 6000.0], [71853.5, 6000.0], [71855.5, 6000.0], [71857.5, 28290.0], [71858.0, 39800.0], [71858.5, 51010.0], [71859.0, 7510.0], [71860.5, 3710.0], [71862.5, 21590.0], [71863.0, 58210.0], [71864.0, 7510.0], [71866.0, 6080.0], [71866.5, 6600.0], [71867.0, 500.0], [71867.5, 5750.0], [71869.0, 7510.0]]}}}
{"jsonrpc": "2.0", "method": "subscription", "params": {"channel": "book.BTC-PERPETUAL.none.20.100ms", "data": {"timestamp": 1773417840651, "change_id": 145407477741, "instrument_name": "BTC-PERPETUAL", "bids": [[71804.5, 1440.0], [71804.0, 100.0], [71802.5, 3730.0], [71800.5, 1320.0], [71799.0, 7780.0], [71798.5, 6590.0], [71798.0, 90.0], [71796.5, 510.0], [71791.0, 5000.0], [71789.0, 7510.0], [71786.0, 4180.0], [71785.5, 14000.0], [71784.5, 44300.0], [71784.0, 7510.0], [71781.5, 63610.0], [71781.0, 133240.0], [71780.5, 60.0], [71780.0, 7520.0], [71779.0, 41000.0], [71777.0, 490.0]], "asks": [[71805.0, 5750.0], [71808.5, 24210.0], [71816.0, 11890.0], [71816.5, 47520.0], [71817.5, 26480.0], [71818.0, 103250.0], [71819.5, 21610.0], [71821.5, 15240.0], [71822.5, 15130.0], [71823.0, 33700.0], [71823.5, 16230.0], [71825.0, 6840.0], [71827.5, 7520.0], [71828.0, 7660.0], [71828.5, 25000.0], [71831.0, 17570.0], [71831.5, 19200.0], [71833.0, 21610.0], [71836.0, 39300.0], [71836.5, 14000.0]]}}}
{"jsonrpc": "2.0", "method": "subscription", "params": {"channel": "book.BTC-PERPETUAL.none.20.100ms", "data": {"timestamp": 1773417840984, "change_id": 145407480196, "instrument_name": "BTC-PERPETUAL", "bids": [[71804.0, 100.0], [71800.5, 1320.0], [71797.0, 6590.0], [71791.5, 2240.0], [71789.0, 7510.0], [71787.0, 1640.0], [71786.0, 4180.0], [71785.0, 3450.0], [71784.5, 5500.0], [71784.0, 7510.0], [71781.5, 46030.0], [71781.0, 133240.0], [71780.0, 7520.0], [71779.0, 100.0], [71777.0, 490.0], [71776.0, 7520.0], [71774.5, 9670.0], [71771.0, 2250.0], [71770.5, 7530.0], [71768.0, 5490.0]], "asks": [[71804.5, 65280.0], [71805.0, 20460.0], [71807.5, 10210.0], [71808.0, 13690.0], [71808.5, 35890.0], [71812.0, 6720.0], [71812.5, 22500.0], [71813.0, 19360.0], [71813.5, 21610.0], [71814.0, 21610.0], [71816.0, 11890.0], [71816.5, 35610.0], [71817.5, 10.0], [71818.0, 67410.0], [71821.0, 75030.0], [71821.5, 1240.0], [71822.0, 15750.0], [71823.0, 36050.0], [71823.5, 21520.0], [71824.5, 20460.0]]}}}
{"jsonrpc": "2.0", "method": "subscription", "params": {"channel": "book.BTC-PERPETUAL.none.20.100ms", "data": {"timestamp": 1773417841315, "change_id": 145407481850, "instrument_name": "BTC-PERPETUAL", "bids": [[71800.5, 1320.0], [71793.5, 100.0], [71784.0, 7510.0], [71782.0, 3730.0], [71781.5, 78250.0], [71781.0, 139830.0], [71780.0, 7520.0], [71779.0, 100.0], [71776.5, 14490.0], [71776.0, 7520.0], [71771.0, 2250.0], [71770.5, 7530.0], [71767.5, 3450.0], [71766.0, 7520.0], [71765.5, 5000.0], [71765.0, 5000.0], [71762.5, 74980.0], [71762.0, 7520.0], [71761.0, 12990.0], [71760.5, 14460.0]], "asks": [[71801.0, 43960.0], [71801.5, 6000.0], [71803.5, 2940.0], [71804.0, 25990.0], [71804.5, 42710.0], [71805.0, 11850.0], [71808.0, 10.0], [71817.0, 20850.0], [71817.5, 75040.0], [71818.0, 39700.0], [71820.5, 13000.0], [71821.0, 38880.0], [71822.5, 16630.0], [71823.0, 34200.0], [71823.5, 7520.0], [71824.5, 1500.0], [71826.0, 5000.0], [71827.5, 7520.0], [71828.0, 700.0], [71831.0, 7520.0]]}}}
{"jsonrpc": "2.0", "method": "subscription", "params": {"channel": "book.BTC-PERPETUAL.none.20.100ms", "data": {"timestamp": 1773417841635, "change_id": 145407483504, "instrument_name": "BTC-PERPETUAL", "bids": [[71800.5, 1890.0], [71793.5, 100.0], [71788.0, 4480.0], [71787.5, 15000.0], [71784.0, 7510.0], [71783.5, 15210.0], [71783.0, 15000.0], [71782.0, 3730.0], [71781.5, 76030.0], [71781.0, 133240.0], [71780.0, 7520.0], [71777.0, 6420.0], [71776.5, 14000.0], [71776.0, 7520.0], [71772.0, 3650.0], [71771.5, 10490.0], [71771.0, 4470.0], [71770.5, 7530.0], [71767.5, 3730.0], [71766.0, 7520.0]], "asks": [[71801.0, 57340.0], [71801.5, 6000.0], [71804.0, 16900.0], [71804.5, 44860.0], [71805.0, 11750.0], [71807.5, 1000.0], [71808.0, 10.0], [71816.0, 500.0], [71816.5, 106680.0], [71817.5, 10.0], [71818.0, 6000.0], [71820.0, 13910.0], [71820.5, 38000.0], [71822.0, 3730.0], [71823.0, 500.0], [71823.5, 7520.0], [71824.5, 1500.0], [71826.0, 5000.0], [71827.0, 2450.0], [71827.5, 7520.0]]}}}
{"jsonrpc": "2.0", "method": "subscription", "params": {"channel": "book.BTC-PERPETUAL.none.20.100ms", "data": {"timestamp": 1773417841972, "change_id": 145407485224, "instrument_name": "BTC-PERPETUAL", "bids": [[71796.0, 4000.0], [71794.5, 2720.0], [71794.0, 4000.0], [71793.5, 100.0], [71789.0, 8960.0], [71788.0, 15000.0], [71784.5, 13430.0], [71784.0, 30000.0], [71783.5, 4620.0], [71783.0, 15000.0], [71781.5, 46520.0], [71781.0, 133240.0], [71780.0, 7520.0], [71777.0, 6420.0], [71776.5, 14000.0], [71776.0, 7520.0], [71771.0, 15590.0], [71770.5, 7530.0], [71769.0, 10000.0], [71768.0, 36950.0]], "asks": [[71801.0, 73530.0], [71803.5, 6250.0], [71804.0, 14580.0], [71804.5, 42500.0], [71805.0, 6000.0], [71808.0, 10.0], [71809.0, 100.0], [71814.0, 3760.0], [71815.5, 5500.0], [71816.0, 500.0], [71816.5, 6600.0], [71817.5, 10.0], [71818.0, 6000.0], [71819.5, 13000.0], [71822.5, 24640.0], [71823.0, 75030.0], [71823.5, 7520.0], [71824.5, 10.0], [71825.5, 36970.0], [71826.0, 5000.0]]}}}
{"jsonrpc": "2.0", "method": "subscription", "params": {"channel": "book.BTC-PERPETUAL.none.20.100ms", "data": {"timestamp": 1773417842306, "change_id": 145407486902, "instrument_name": "BTC-PERPETUAL", "bids": [[71793.5, 100.0], [71783.5, 13430.0], [71783.0, 15000.0], [71781.5, 76030.0], [71781.0, 148240.0], [71776.0, 9740.0], [71773.0, 1260.0], [71772.5, 3730.0], [71771.5, 490.0], [71770.5, 7530.0], [71769.5, 7000.0], [71767.0, 2680.0], [71766.5, 15000.0], [71766.0, 7520.0], [71765.5, 500.0], [71764.5, 5490.0], [71762.0, 7520.0], [71760.0, 2240.0], [71757.0, 7520.0], [71756.5, 25860.0]], "asks": [[71794.0, 71490.0], [71794.5, 6000.0], [71796.0, 2420.0], [71796.5, 600.0], [71800.5, 10.0], [71801.0, 1470.0], [71803.0, 6000.0], [71803.5, 5750.0], [71804.5, 42500.0], [71805.0, 6000.0], [71809.0, 600.0], [71810.0, 2350.0], [71815.0, 3340.0], [71815.5, 7530.0], [71817.0, 1790.0], [71817.5, 13010.0], [71818.0, 6000.0], [71819.0, 75030.0], [71820.0, 6600.0], [71820.5, 25000.0]]}}}
{"jsonrpc": "2.0", "method": "subscription", "params": {"channel": "book.BTC-PERPETUAL.none.20.100ms", "data": {"timestamp": 1773417842632, "change_id": 145407488552, "instrument_name": "BTC-PERPETUAL", "bids": [[71793.5, 100.0], [71783.5, 8960.0], [71781.5, 76030.0], [71781.0, 148240.0], [71776.5, 2910.0], [71776.0, 9740.0], [71773.0, 1600.0], [71772.5, 3730.0], [71771.0, 4340.0], [71770.5, 7530.0], [71769.5, 7000.0], [71767.5, 4030.0], [71767.0, 5490.0], [71766.0, 7520.0], [71765.5, 500.0], [71763.0, 9440.0], [71762.5, 5490.0], [71762.0, 27520.0], [71760.0, 27760.0], [71757.0, 82500.0]], "asks": [[71794.0, 84030.0], [71794.5, 6000.0], [71796.5, 1000.0], [71800.5, 10.0], [71801.0, 2350.0], [71803.0, 6000.0], [71803.5, 5750.0], [71804.0, 14480.0], [71804.5, 42500.0], [71805.0, 6000.0], [71809.0, 600.0], [71809.5, 7460.0], [71810.0, 25000.0], [71814.5, 23380.0], [71815.0, 78760.0], [71815.5, 7530.0], [71817.0, 28910.0], [71817.5, 13010.0], [71818.0, 6000.0], [71818.5, 63170.0]]}}}
{"jsonrpc": "2.0", "method": "subscription", "params": {"channel": "book.BTC-PERPETUAL.none.20.100ms", "data": {"timestamp": 1773417842964, "change_id": 145407490406, "instrument_name": "BTC-PERPETUAL", "bids": [[71781.5, 30000.0], [71781.0, 133240.0], [71775.5, 1490.0], [71773.0, 1110.0], [71772.5, 3730.0], [71771.0, 6590.0], [71770.5, 7530.0], [71767.5, 2240.0], [71766.0, 7520.0], [71765.5, 2220.0], [71764.0, 2240.0], [71763.5, 490.0], [71762.0, 7520.0], [71760.5, 18320.0], [71760.0, 20000.0], [71758.5, 48420.0], [71757.0, 7520.0], [71754.5, 1970.0], [71754.0, 6590.0], [71753.5, 5840.0]], "asks": [[71782.0, 63480.0], [71784.0, 33700.0], [71784.5, 6000.0], [71790.5, 3500.0], [71793.0, 5750.0], [71793.5, 6910.0], [71794.0, 46090.0], [71794.5, 6000.0], [71796.5, 100.0], [71800.5, 10.0], [71801.0, 2350.0], [71803.0, 13530.0], [71804.0, 89510.0], [71804.5, 42500.0], [71805.0, 6000.0], [71808.0, 24270.0], [71808.5, 6600.0], [71809.0, 600.0], [71809.5, 12640.0], [71810.0, 32530.0]]}}}
{"jsonrpc": "2.0", "method": "subscription", "params": {"channel": "book.BTC-PERPETUAL.none.20.100ms", "data": {"timestamp": 1773417843294, "change_id": 145407493295, "instrument_name": "BTC-PERPETUAL", "bids": [[71781.0, 163240.0], [71771.5, 4480.0], [71771.0, 17250.0], [71770.5, 7530.0], [71766.5, 2910.0], [71766.0, 7520.0], [71764.0, 3000.0], [71762.0, 7520.0], [71761.0, 4220.0], [71760.5, 9710.0], [71759.5, 10500.0], [71757.5, 25000.0], [71757.0, 7520.0], [71756.0, 2220.0], [71755.0, 15220.0], [71754.5, 5490.0], [71754.0, 36950.0], [71753.5, 4030.0], [71753.0, 7520.0], [71751.5, 500.0]], "asks": [[71781.5, 87920.0], [71782.0, 56950.0], [71784.0, 35450.0], [71784.5, 6000.0], [71789.0, 11610.0], [71792.0, 2350.0], [71793.5, 6910.0], [71794.0, 58430.0], [71794.5, 6000.0], [71796.5, 100.0], [71800.5, 6610.0], [71801.5, 22550.0], [71802.0, 75530.0], [71802.5, 18520.0], [71803.0, 13530.0], [71804.0, 13000.0], [71804.5, 42500.0], [71805.0, 6000.0], [71806.5, 18870.0], [71808.0, 25000.0]]}}}
{"jsonrpc": "2.0", "method": "subscription", "params": {"channel": "book.BTC-PERPETUAL.none.20.100ms", "data": {"timestamp": 1773417843628, "change_id": 145407495045, "instrument_name": "BTC-PERPETUAL", "bids": [[71781.0, 163240.0], [71772.0, 100.0], [71771.5, 4480.0], [71771.0, 17250.0], [71770.5, 7530.0], [71766.5, 2910.0], [71766.0, 7520.0], [71764.0, 3000.0], [71762.0, 7520.0], [71761.5, 490.0], [71761.0, 3730.0], [71760.5, 5530.0], [71759.5, 10500.0], [71757.0, 7520.0], [71756.0, 2220.0], [71753.5, 20850.0], [71753.0, 32520.0], [71752.0, 36950.0], [71751.5, 500.0], [71750.5, 5490.0]], "asks": [[71781.5, 102860.0], [71782.0, 11750.0], [71783.5, 12370.0], [71784.0, 33700.0], [71784.5, 6000.0], [71792.0, 2350.0], [71793.0, 6600.0], [71793.5, 18790.0], [71794.0, 33700.0], [71794.5, 6000.0], [71799.5, 37460.0], [71800.5, 10.0], [71801.0, 13000.0], [71801.5, 36970.0], [71802.0, 75530.0], [71802.5, 31060.0], [71803.0, 13530.0], [71803.5, 25000.0], [71804.5, 42500.0], [71805.0, 6000.0]]}}}
{"jsonrpc": "2.0", "method": "subscription", "params": {"channel": "book.BTC-PERPETUAL.none.20.100ms", "data": {"timestamp": 1773417843963, "change_id": 145407496418, "instrument_name": "BTC-PERPETUAL", "bids": [[71781.0, 133240.0], [71778.0, 30000.0], [71772.0, 100.0], [71771.5, 4480.0], [71771.0, 21440.0], [71770.5, 7530.0], [71768.0, 15000.0], [71766.5, 2910.0], [71766.0, 7520.0], [71764.5, 490.0], [71764.0, 3000.0], [71762.0, 7520.0], [71761.0, 3730.0], [71760.5, 15700.0], [71759.5, 10500.0], [71757.5, 36950.0], [71757.0, 7520.0], [71756.0, 2220.0], [71754.5, 7460.0], [71753.5, 30670.0]], "asks": [[71781.5, 103530.0], [71782.0, 11750.0], [71783.5, 12370.0], [71784.0, 33700.0], [71784.5, 6000.0], [71790.5, 1000.0], [71792.0, 2350.0], [71793.5, 18790.0], [71794.0, 33700.0], [71794.5, 6000.0], [71797.5, 1970.0], [71798.0, 6600.0], [71800.5, 10.0], [71802.0, 500.0], [71802.5, 58060.0], [71803.0, 13530.0], [71804.0, 150000.0], [71804.5, 42500.0], [71805.0, 6000.0], [71806.0, 1530.0]]}}}
{"jsonrpc": "2.0", "method": "subscription", "params": {"channel": "book.BTC-PERPETUAL.none.20.100ms", "data": {"timestamp": 1773417844293, "change_id": 145407497996, "instrument_name": "BTC-PERPETUAL", "bids": [[71781.0, 93240.0], [71778.0, 30000.0], [71772.0, 100.0], [71770.5, 10.0], [71766.5, 6350.0], [71766.0, 7520.0], [71765.5, 15000.0], [71764.0, 4470.0], [71762.0, 7520.0], [71761.0, 3730.0], [71760.5, 5530.0], [71759.5, 10500.0], [71757.5, 490.0], [71757.0, 7520.0], [71756.0, 2220.0], [71753.5, 20690.0], [71753.0, 7520.0], [71751.5, 25500.0], [71751.0, 36950.0], [71750.0, 5490.0]], "asks": [[71781.5, 113770.0], [71782.0, 11750.0], [71783.5, 12370.0], [71784.0, 33700.0], [71784.5, 6000.0], [71785.5, 1000.0], [71789.5, 2670.0], [71791.5, 6600.0], [71792.0, 2350.0], [71793.5, 18790.0], [71794.0, 33700.0], [71794.5, 6000.0], [71800.5, 10.0], [71801.0, 37460.0], [71801.5, 49970.0], [71802.0, 75530.0], [71802.5, 29860.0], [71803.0, 13530.0], [71803.5, 25000.0], [71804.5, 42500.0]]}}}
{"jsonrpc": "2.0", "method": "subscription", "params": {"channel": "book.BTC-PERPETUAL.none.20.100ms", "data": {"timestamp": 1773417844623, "change_id": 145407500690, "instrument_name": "BTC-PERPETUAL", "bids": [[71772.0, 100.0], [71770.5, 10.0], [71766.5, 4110.0], [71765.5, 15000.0], [71759.0, 3880.0], [71757.5, 490.0], [71757.0, 7520.0], [71756.0, 2220.0], [71753.5, 5380.0], [71753.0, 18020.0], [71749.5, 16050.0], [71749.0, 11260.0], [71747.5, 60.0], [71746.5, 42440.0], [71744.5, 27310.0], [71743.5, 6590.0], [71743.0, 29830.0], [71742.5, 7520.0], [71740.0, 74970.0], [71739.0, 6070.0]], "asks": [[71772.5, 68020.0], [71773.0, 6000.0], [71781.0, 57790.0], [71781.5, 97300.0], [71782.0, 11750.0], [71784.0, 33700.0], [71784.5, 6000.0], [71788.5, 500.0], [71791.0, 4580.0], [71791.5, 14130.0], [71792.0, 2350.0], [71792.5, 13910.0], [71793.0, 25000.0], [71794.0, 33700.0], [71794.5, 6000.0], [71795.5, 2250.0], [71798.5, 7530.0], [71799.0, 37320.0], [71800.5, 36980.0], [71802.5, 21080.0]]}}}
{"jsonrpc": "2.0", "method": "subscription", "params": {"channel": "book.BTC-PERPETUAL.none.20.100ms", "data": {"timestamp": 1773417844953, "change_id": 145407502868, "instrument_name": "BTC-PERPETUAL", "bids": [[71772.0, 100.0], [71770.5, 10.0], [71756.5, 490.0], [71756.0, 2220.0], [71753.0, 7520.0], [71751.5, 3740.0], [71750.0, 36950.0], [71749.5, 2620.0], [71749.0, 7520.0], [71747.5, 10560.0], [71747.0, 35490.0], [71746.5, 500.0], [71745.0, 5490.0], [71743.0, 4210.0], [71742.5, 7520.0], [71740.5, 6590.0], [71739.5, 21490.0], [71739.0, 60960.0], [71738.5, 7520.0], [71736.5, 12990.0]], "asks": [[71772.5, 52340.0], [71773.0, 6000.0], [71780.0, 5500.0], [71780.5, 5500.0], [71781.0, 33700.0], [71781.5, 39730.0], [71782.0, 6000.0], [71782.5, 13790.0], [71783.0, 1000.0], [71784.0, 33700.0], [71784.5, 6000.0], [71786.5, 1720.0], [71787.0, 5750.0], [71790.5, 6600.0], [71791.5, 7530.0], [71792.0, 2350.0], [71793.5, 15580.0], [71794.0, 33700.0], [71794.5, 6000.0], [71796.0, 9860.0]]}}}
{"jsonrpc": "2.0", "method": "subscription", "params": {"channel": "book.BTC-PERPETUAL.none.20.100ms", "data": {"timestamp": 1773417845284, "change_id": 145407503983, "instrument_name": "BTC-PERPETUAL", "bids": [[71772.0, 100.0], [71770.5, 10.0], [71761.0, 5000.0], [71757.0, 490.0], [71756.0, 2220.0], [71755.0, 3130.0], [71754.5, 10500.0], [71753.0, 7520.0], [71752.5, 8580.0], [71751.5, 28740.0], [71750.0, 15080.0], [71749.5, 36950.0], [71749.0, 7520.0], [71747.5, 60.0], [71747.0, 5490.0], [71746.5, 3850.0], [71744.0, 5490.0], [71743.0, 24320.0], [71742.5, 7520.0], [71740.5, 52850.0]], "asks": [[71772.5, 51840.0], [71773.0, 6000.0], [71779.5, 11500.0], [71780.5, 21920.0], [71781.0, 33700.0], [71781.5, 39730.0], [71782.0, 6000.0], [71782.5, 13790.0], [71784.0, 33700.0], [71784.5, 6000.0], [71786.0, 1720.0], [71787.0, 5750.0], [71790.5, 4920.0], [71791.0, 6600.0], [71791.5, 7530.0], [71792.0, 2350.0], [71793.5, 15580.0], [71794.0, 33700.0], [71794.5, 6000.0], [71796.5, 61970.0]]}}}
{"jsonrpc": "2.0", "method": "subscription", "params": {"channel": "book.BTC-PERPETUAL.none.20.100ms", "data": {"timestamp": 1773417845612, "change_id": 145407505334, "instrument_name": "BTC-PERPETUAL", "bids": [[71772.0, 100.0], [71770.5, 10.0], [71760.0, 5000.0], [71756.5, 490.0], [71756.0, 2220.0], [71755.0, 3130.0], [71754.5, 10500.0], [71753.0, 7520.0], [71752.5, 26200.0], [71752.0, 30000.0], [71751.5, 28740.0], [71750.5, 36950.0], [71749.5, 5210.0], [71749.0, 7520.0], [71747.5, 5550.0], [71747.0, 5490.0], [71746.5, 500.0], [71745.0, 18660.0], [71743.5, 6590.0], [71743.0, 56240.0]], "asks": [[71772.5, 85620.0], [71773.0, 6000.0], [71778.5, 5500.0], [71779.0, 500.0], [71779.5, 5500.0], [71780.5, 21920.0], [71781.0, 33700.0], [71781.5, 39730.0], [71782.0, 6000.0], [71782.5, 13790.0], [71784.0, 33700.0], [71784.5, 6000.0], [71786.0, 1720.0], [71787.0, 5750.0], [71789.5, 4920.0], [71790.0, 6600.0], [71791.5, 7530.0], [71792.0, 2350.0], [71793.0, 2900.0], [71793.5, 3730.0]]}}}
{"jsonrpc": "2.0", "method": "subscription", "params": {"channel": "book.BTC-PERPETUAL.none.20.100ms", "data": {"timestamp": 1773417845945, "change_id": 145407506146, "instrument_name": "BTC-PERPETUAL", "bids": [[71772.0, 100.0], [71770.5, 10.0], [71757.5, 120.0], [71756.5, 490.0], [71756.0, 2220.0], [71755.0, 3130.0], [71754.5, 10500.0], [71753.0, 7520.0], [71752.5, 26200.0], [71751.5, 3740.0], [71751.0, 25000.0], [71750.5, 36950.0], [71750.0, 9120.0], [71749.5, 2410.0], [71749.0, 7520.0], [71747.5, 60.0], [71746.5, 500.0], [71746.0, 3610.0], [71745.5, 5490.0], [71744.0, 5490.0]], "asks": [[71772.5, 82390.0], [71773.0, 6000.0], [71777.0, 1640.0], [71777.5, 5500.0], [71778.5, 5500.0], [71780.5, 21920.0], [71781.0, 33700.0], [71781.5, 39730.0], [71782.0, 7000.0], [71782.5, 13790.0], [71784.0, 33700.0], [71784.5, 6000.0], [71786.0, 1720.0], [71787.0, 5750.0], [71789.5, 4920.0], [71791.0, 6600.0], [71791.5, 7530.0], [71792.0, 2350.0], [71793.0, 2900.0], [71793.5, 3730.0]]}}}
{"jsonrpc": "2.0", "method": "subscription", "params": {"channel": "book.BTC-PERPETUAL.none.20.100ms", "data": {"timestamp": 1773417846272, "change_id": 145407508773, "instrument_name": "BTC-PERPETUAL", "bids": [[71757.5, 120.0], [71746.0, 2220.0], [71745.0, 490.0], [71744.5, 4180.0], [71744.0, 14000.0], [71743.0, 14450.0], [71742.5, 7520.0], [71740.0, 36950.0], [71739.0, 2240.0], [71738.5, 7520.0], [71735.5, 500.0], [71735.0, 7520.0], [71734.5, 10.0], [71734.0, 12080.0], [71732.5, 2250.0], [71731.5, 5490.0], [71731.0, 11260.0], [71729.0, 28510.0], [71728.5, 74970.0], [71727.0, 7520.0]], "asks": [[71758.0, 101820.0], [71764.0, 1720.0], [71764.5, 5750.0], [71768.0, 10940.0], [71768.5, 39700.0], [71772.0, 16520.0], [71772.5, 45240.0], [71773.0, 6000.0], [71773.5, 2350.0], [71775.5, 1870.0], [71777.0, 7530.0], [71779.0, 3730.0], [71780.5, 21920.0], [71781.0, 33700.0], [71781.5, 39730.0], [71782.0, 12600.0], [71782.5, 19800.0], [71783.5, 13000.0], [71784.0, 66230.0], [71784.5, 6000.0]]}}}
{"jsonrpc": "2.0", "method": "subscription", "params": {"channel": "book.BTC-PERPETUAL.none.20.100ms", "data": {"timestamp": 1773417846607, "change_id": 145407511225, "instrument_name": "BTC-PERPETUAL", "bids": [[71757.5, 120.0], [71743.0, 120.0], [71740.0, 4180.0], [71739.5, 36480.0], [71739.0, 55490.0], [71738.5, 7520.0], [71737.0, 5960.0], [71736.0, 36950.0], [71735.0, 7520.0], [71734.5, 10.0], [71732.0, 11340.0], [71731.0, 7520.0], [71729.5, 12080.0], [71728.0, 500.0], [71727.5, 2240.0], [71727.0, 7520.0], [71725.5, 27780.0], [71723.5, 12990.0], [71723.0, 74970.0], [71722.5, 7520.0]], "asks": [[71758.0, 130910.0], [71763.0, 1410.0], [71763.5, 11000.0], [71764.5, 5750.0], [71768.5, 6000.0], [71772.5, 33740.0], [71773.0, 6000.0], [71773.5, 2350.0], [71774.5, 4220.0], [71776.5, 6600.0], [71777.0, 7530.0], [71778.0, 500.0], [71778.5, 24960.0], [71779.0, 3730.0], [71781.0, 75030.0], [71781.5, 24820.0], [71782.0, 6000.0], [71783.5, 13000.0], [71784.0, 7530.0], [71784.5, 6000.0]]}}}
{"jsonrpc": "2.0", "method": "subscription", "params": {"channel": "book.BTC-PERPETUAL.none.20.100ms", "data": {"timestamp": 1773417846937, "change_id": 145407512665, "instrument_name": "BTC-PERPETUAL", "bids": [[71757.5, 120.0], [71745.0, 100.0], [71743.0, 120.0], [71740.0, 4180.0], [71739.5, 18170.0], [71738.5, 7520.0], [71737.0, 6450.0], [71736.0, 16260.0], [71735.5, 36950.0], [71735.0, 7520.0], [71734.5, 10.0], [71734.0, 9980.0], [71732.0, 3880.0], [71731.0, 7520.0], [71730.5, 5490.0], [71729.0, 4030.0], [71728.5, 5490.0], [71728.0, 500.0], [71727.5, 6590.0], [71727.0, 7520.0]], "asks": [[71758.0, 136410.0], [71761.0, 1940.0], [71761.5, 5500.0], [71763.0, 100.0], [71764.0, 1720.0], [71764.5, 5750.0], [71768.0, 1790.0], [71768.5, 6000.0], [71772.0, 12560.0], [71772.5, 33740.0], [71773.0, 12600.0], [71773.5, 2350.0], [71774.5, 2400.0], [71777.0, 7530.0], [71778.0, 75530.0], [71778.5, 12070.0], [71779.0, 3730.0], [71780.5, 49970.0], [71781.5, 19820.0], [71782.0, 6000.0]]}}}
{"jsonrpc": "2.0", "method": "subscription", "params": {"channel": "book.BTC-PERPETUAL.none.20.100ms", "data": {"timestamp": 1773417847266, "change_id": 145407513864, "instrument_name": "BTC-PERPETUAL", "bids": [[71757.5, 120.0], [71745.0, 100.0], [71743.5, 1530.0], [71743.0, 5120.0], [71740.0, 4180.0], [71739.5, 18170.0], [71738.5, 7520.0], [71737.5, 490.0], [71737.0, 5960.0], [71736.0, 16260.0], [71735.0, 7520.0], [71734.5, 10.0], [71734.0, 9980.0], [71733.0, 25000.0], [71732.5, 36950.0], [71732.0, 2240.0], [71731.0, 7520.0], [71729.0, 4030.0], [71728.5, 5490.0], [71728.0, 500.0]], "asks": [[71758.0, 108550.0], [71763.0, 100.0], [71764.0, 1720.0], [71764.5, 5750.0], [71765.5, 1000.0], [71768.0, 1790.0], [71768.5, 6000.0], [71772.0, 12560.0], [71772.5, 40300.0], [71773.0, 6000.0], [71773.5, 2350.0], [71774.5, 2400.0], [71777.0, 7530.0], [71778.0, 500.0], [71778.5, 29340.0], [71779.0, 78760.0], [71780.0, 36970.0], [71780.5, 13000.0], [71781.5, 19820.0], [71782.0, 6000.0]]}}}
{"jsonrpc": "2.0", "method": "subscription", "params": {"channel": "book.BTC-PERPETUAL.none.20.100ms", "data": {"timestamp": 1773417847598, "change_id": 145407514768, "instrument_name": "BTC-PERPETUAL", "bids": [[71757.5, 120.0], [71745.0, 100.0], [71743.0, 120.0], [71740.0, 4180.0], [71739.5, 18170.0], [71738.5, 7520.0], [71737.5, 490.0], [71737.0, 5960.0], [71736.0, 16260.0], [71735.0, 7520.0], [71734.5, 10.0], [71734.0, 9980.0], [71733.5, 36950.0], [71732.0, 9450.0], [71731.0, 32520.0], [71729.0, 5440.0], [71728.5, 5490.0], [71728.0, 500.0], [71727.5, 5490.0], [71727.0, 7520.0]], "asks": [[71758.0, 108550.0], [71763.0, 1100.0], [71764.0, 1720.0], [71764.5, 5750.0], [71768.0, 1790.0], [71768.5, 6000.0], [71771.5, 6600.0], [71772.0, 12560.0], [71772.5, 33700.0], [71773.0, 6000.0], [71774.5, 2400.0], [71777.0, 7530.0], [71778.0, 500.0], [71779.0, 40700.0], [71779.5, 37100.0], [71780.0, 75030.0], [71780.5, 13000.0], [71781.5, 19080.0], [71782.0, 31000.0], [71784.0, 7540.0]]}}}
{"jsonrpc": "2.0", "method": "subscription", "params": {"channel": "book.BTC-PERPETUAL.none.20.100ms", "data": {"timestamp": 1773417847926, "change_id": 145407517469, "instrument_name": "BTC-PERPETUAL", "bids": [[71743.0, 120.0], [71734.5, 10.0], [71729.0, 120.0], [71727.5, 2220.0], [71724.5, 7330.0], [71723.0, 490.0], [71722.5, 25020.0], [71720.5, 3370.0], [71720.0, 3780.0], [71719.0, 7510.0], [71718.5, 5490.0], [71718.0, 17580.0], [71717.0, 36950.0], [71715.0, 7520.0], [71713.5, 1820.0], [71713.0, 6090.0], [71711.0, 25040.0], [71710.5, 21180.0], [71710.0, 6590.0], [71709.0, 74980.0]], "asks": [[71743.5, 89960.0], [71744.5, 32830.0], [71745.0, 33710.0], [71745.5, 80620.0], [71753.5, 5750.0], [71755.5, 2350.0], [71757.0, 27050.0], [71757.5, 40300.0], [71758.0, 50920.0], [71761.5, 18680.0], [71762.0, 44440.0], [71763.0, 600.0], [71764.0, 80620.0], [71764.5, 7530.0], [71767.5, 13000.0], [71768.0, 1790.0], [71768.5, 6000.0], [71771.5, 7530.0], [71773.0, 6000.0], [71774.5, 6120.0]]}}}
{"jsonrpc": "2.0", "method": "subscription", "params": {"channel": "book.BTC-PERPETUAL.none.20.100ms", "data": {"timestamp": 1773417848257, "change_id": 145407519401, "instrument_name": "BTC-PERPETUAL", "bids": [[71743.0, 120.0], [71734.5, 10.0], [71729.0, 120.0], [71723.0, 12470.0], [71722.5, 25020.0], [71720.5, 3860.0], [71720.0, 3780.0], [71719.0, 7510.0], [71718.5, 2910.0], [71718.0, 2220.0], [71715.0, 7520.0], [71714.0, 18670.0], [71713.5, 36950.0], [71713.0, 600.0], [71712.0, 25000.0], [71711.0, 40.0], [71710.0, 5520.0], [71709.5, 5490.0], [71709.0, 5490.0], [71708.5, 7520.0]], "asks": [[71743.5, 104600.0], [71744.5, 31420.0], [71745.0, 33710.0], [71745.5, 68550.0], [71752.0, 3690.0], [71752.5, 6600.0], [71753.5, 5750.0], [71755.5, 2350.0], [71756.0, 500.0], [71757.0, 25260.0], [71757.5, 33700.0], [71758.0, 50920.0], [71761.0, 54070.0], [71761.5, 36970.0], [71762.0, 25000.0], [71763.0, 100.0], [71763.5, 75030.0], [71764.0, 3860.0], [71764.5, 11260.0], [71768.0, 3280.0]]}}}
{"jsonrpc": "2.0", "method": "subscription", "params": {"channel": "book.BTC-PERPETUAL.none.20.100ms", "data": {"timestamp": 1773417848587, "change_id": 145407520762, "instrument_name": "BTC-PERPETUAL", "bids": [[71734.5, 10.0], [71730.5, 100.0], [71729.0, 120.0], [71723.0, 5220.0], [71722.5, 17500.0], [71721.0, 490.0], [71720.5, 3370.0], [71720.0, 3780.0], [71719.0, 7510.0], [71718.5, 2910.0], [71718.0, 2220.0], [71715.0, 7520.0], [71714.0, 18670.0], [71713.5, 36950.0], [71711.5, 25000.0], [71711.0, 3920.0], [71709.5, 5490.0], [71708.5, 7520.0], [71707.0, 10.0], [71705.0, 5490.0]], "asks": [[71735.0, 71390.0], [71736.0, 3130.0], [71739.0, 7100.0], [71739.5, 23780.0], [71743.0, 94850.0], [71743.5, 54890.0], [71745.0, 33710.0], [71745.5, 66040.0], [71747.0, 2350.0], [71752.0, 3690.0], [71752.5, 6600.0], [71754.0, 7530.0], [71756.0, 500.0], [71757.0, 25260.0], [71757.5, 33700.0], [71758.0, 48500.0], [71761.0, 41070.0], [71762.5, 25000.0], [71763.0, 50070.0], [71764.0, 85420.0]]}}}
{"jsonrpc": "2.0", "method": "subscription", "params": {"channel": "book.BTC-PERPETUAL.none.20.100ms", "data": {"timestamp": 1773417848917, "change_id": 145407523107, "instrument_name": "BTC-PERPETUAL", "bids": [[71730.5, 100.0], [71729.0, 120.0], [71720.0, 50.0], [71711.5, 3370.0], [71709.0, 490.0], [71708.5, 13470.0], [71707.0, 10.0], [71706.5, 5370.0], [71706.0, 17500.0], [71704.0, 10530.0], [71703.5, 10.0], [71703.0, 7520.0], [71701.5, 36950.0], [71700.0, 2640.0], [71699.5, 7510.0], [71698.5, 5490.0], [71696.0, 9520.0], [71695.5, 7510.0], [71695.0, 10.0], [71694.0, 28970.0]], "asks": [[71731.0, 143290.0], [71731.5, 6000.0], [71733.0, 16780.0], [71733.5, 33700.0], [71734.0, 14930.0], [71734.5, 6000.0], [71735.0, 20820.0], [71738.0, 2350.0], [71740.5, 6600.0], [71741.0, 5750.0], [71743.0, 62210.0], [71743.5, 39840.0], [71745.0, 33710.0], [71745.5, 31000.0], [71746.0, 13000.0], [71748.0, 36970.0], [71748.5, 500.0], [71749.5, 2250.0], [71750.0, 44840.0], [71750.5, 75030.0]]}}}
{"jsonrpc": "2.0", "method": "subscription", "params": {"channel": "book.BTC-PERPETUAL.none.20.100ms", "data": {"timestamp": 1773417849247, "change_id": 145407524718, "instrument_name": "BTC-PERPETUAL", "bids": [[71730.5, 100.0], [71729.0, 120.0], [71720.0, 50.0], [71714.0, 5000.0], [71709.0, 490.0], [71708.5, 13470.0], [71707.0, 10.0], [71706.5, 10370.0], [71706.0, 17500.0], [71705.0, 36950.0], [71703.5, 3890.0], [71703.0, 7520.0], [71701.0, 5490.0], [71700.5, 4000.0], [71700.0, 5890.0], [71699.5, 7510.0], [71697.0, 6590.0], [71696.0, 75080.0], [71695.5, 7510.0], [71695.0, 10.0]], "asks": [[71731.0, 162650.0], [71731.5, 6000.0], [71734.5, 6000.0], [71735.0, 6490.0], [71738.0, 2350.0], [71741.0, 5750.0], [71743.0, 33700.0], [71743.5, 6040.0], [71744.5, 6600.0], [71745.0, 33710.0], [71745.5, 6000.0], [71748.5, 500.0], [71749.5, 2250.0], [71750.0, 7530.0], [71751.0, 38430.0], [71751.5, 36970.0], [71752.0, 3730.0], [71753.5, 88030.0], [71754.0, 7530.0], [71754.5, 5000.0]]}}}
{"jsonrpc": "2.0", "method": "subscription", "params": {"channel": "book.BTC-PERPETUAL.none.20.100ms", "data": {"timestamp": 1773417849576, "change_id": 145407526080, "instrument_name": "BTC-PERPETUAL", "bids": [[71730.5, 16040.0], [71729.0, 120.0], [71720.0, 50.0], [71719.0, 2220.0], [71715.0, 1530.0], [71714.5, 35600.0], [71714.0, 42930.0], [71713.0, 5000.0], [71711.5, 17500.0], [71709.5, 5490.0], [71709.0, 3360.0], [71708.5, 11250.0], [71707.5, 22380.0], [71707.0, 108560.0], [71703.5, 2250.0], [71703.0, 7520.0], [71702.0, 25000.0], [71700.0, 400.0], [71699.5, 7510.0], [71696.0, 2340.0]], "asks": [[71731.0, 78130.0], [71741.0, 5750.0], [71742.0, 500.0], [71742.5, 10060.0], [71743.0, 33700.0], [71743.5, 6000.0], [71744.5, 17350.0], [71745.0, 33710.0], [71745.5, 6000.0], [71746.5, 4040.0], [71748.0, 5500.0], [71748.5, 500.0], [71750.0, 7530.0], [71750.5, 1820.0], [71751.0, 2350.0], [71752.0, 3730.0], [71752.5, 10.0], [71753.5, 5230.0], [71754.0, 7530.0], [71755.5, 6600.0]]}}}
