{"jsonrpc": "2.0", "id": 1, "result": ["book.BTC-PERPETUAL.none.20.100ms"], "usIn": 1762997516719659, "usOut": 1762997516724704, "usDiff": 5045, "testnet": false}
{"jsonrpc": "2.0", "method": "subscription", "params": {"channel": "book.BTC-PERPETUAL.none.20.100ms", "data": {"timestamp": 1762997516717, "change_id": 126639718658, "instrument_name": "BTC-PERPETUAL", "bids": [[102249.5, 417380.0], [102249.0, 62700.0], [102248.5, 250.0], [102245.0, 11340.0], [102241.5, 38000.0], [102237.0, 32710.0], [102236.5, 6370.0], [102236.0, 45000.0], [102235.0, 101010.0], [102234.0, 42900.0], [102232.0, 5000.0], [102230.5, 88000.0], [102228.0, 18900.0], [102227.5, 63320.0], [102222.5, 63100.0], [102221.5, 20990.0], [102221.0, 11300.0], [102220.0, 27830.0], [102217.5, 22400.0], [102216.5, 38000.0]], "asks": [[102250.0, 40.0], [102272.5, 20.0], [102276.0, 10000.0], [102276.5, 11340.0], [102278.0, 38000.0], [102281.5, 500.0], [102282.0, 3310.0], [102283.0, 11770.0], [102286.0, 32790.0], [102288.0, 61600.0], [102288.5, 38000.0], [102289.5, 200.0], [102295.5, 20070.0], [102296.0, 14980.0], [102297.5, 45000.0], [102298.5, 50000.0], [102299.5, 38000.0], [102300.0, 25000.0], [102300.5, 2560.0], [102301.0, 9360.0]]}}}
{"jsonrpc": "2.0", "method": "subscription", "params": {"channel": "book.BTC-PERPETUAL.none.20.100ms", "data": {"timestamp": 1762997516894, "change_id": 126639719198, "instrument_name": "BTC-PERPETUAL", "bids": [[102249.5, 423880.0], [102249.0, 62700.0], [102248.5, 250.0], [102245.0, 11340.0], [102241.5, 38000.0], [102237.0, 19040.0], [102236.5, 6370.0], [102236.0, 45000.0], [102235.0, 39440.0], [102234.5, 61570.0], [102234.0, 42900.0], [102232.0, 5000.0], [102230.5, 88000.0], [102228.0, 39890.0], [102227.5, 63320.0], [102222.5, 63100.0], [102221.0, 11300.0], [102220.0, 27830.0], [102217.5, 22400.0], [102216.5, 38000.0]], "asks": [[102250.0, 40.0], [102272.5, 20.0], [102276.0, 10000.0], [102276.5, 11340.0], [102278.0, 38000.0], [102282.0, 3310.0], [102283.0, 11770.0], [102285.5, 500.0], [102286.0, 11550.0], [102287.5, 14980.0], [102288.5, 38000.0], [102289.5, 200.0], [102294.5, 18390.0], [102295.0, 61600.0], [102295.5, 20070.0], [102296.0, 14980.0], [102297.0, 25000.0], [102297.5, 45000.0], [102298.5, 50000.0], [102299.5, 38000.0]]}}}
{"jsonrpc": "2.0", "method": "subscription", "params": {"channel": "book.BTC-PERPETUAL.none.20.100ms", "data": {"timestamp": 1762997517222, "change_id": 126639720223, "instrument_name": "BTC-PERPETUAL", "bids": [[102272.0, 264940.0], [102267.0, 7760.0], [102266.0, 25990.0], [102265.0, 4840.0], [102264.5, 9230.0], [102264.0, 6470.0], [102260.0, 25280.0], [102259.5, 45000.0], [102256.0, 38000.0], [102250.0, 12630.0], [102249.5, 44850.0], [102245.0, 27550.0], [102243.5, 14980.0], [102241.5, 38000.0], [102241.0, 22380.0], [102238.0, 20280.0], [102236.5, 6370.0], [102235.5, 61570.0], [102235.0, 78360.0], [102234.0, 42900.0]], "asks": [[102272.5, 10320.0], [102276.0, 10000.0], [102276.5, 11340.0], [102278.0, 38000.0], [102281.5, 500.0], [102282.0, 3310.0], [102283.0, 11770.0], [102286.0, 11550.0], [102288.5, 38000.0], [102293.5, 540.0], [102294.5, 18390.0], [102295.0, 61600.0], [102295.5, 34140.0], [102296.0, 14980.0], [102297.5, 45000.0], [102299.5, 38000.0], [102300.0, 20760.0], [102300.5, 52560.0], [102301.0, 120.0], [102304.0, 25000.0]]}}}
{"jsonrpc": "2.0", "method": "subscription", "params": {"channel": "book.BTC-PERPETUAL.none.20.100ms", "data": {"timestamp": 1762997517554, "change_id": 126639721337, "instrument_name": "BTC-PERPETUAL", "bids": [[102272.0, 214940.0], [102270.0, 39730.0], [102269.5, 50000.0], [102268.0, 25000.0], [102267.5, 32100.0], [102265.5, 25990.0], [102265.0, 4840.0], [102264.0, 6470.0], [102260.5, 9230.0], [102260.0, 25280.0], [102259.5, 45000.0], [102256.0, 38000.0], [102250.0, 3900.0], [102249.5, 12950.0], [102245.0, 27550.0], [102243.5, 14980.0], [102241.5, 38000.0], [102241.0, 22380.0], [102238.0, 20280.0], [102236.5, 6370.0]], "asks": [[102272.5, 13770.0], [102275.0, 10000.0], [102275.5, 33040.0], [102276.0, 62700.0], [102278.0, 38000.0], [102281.5, 500.0], [102282.0, 3310.0], [102283.0, 11770.0], [102286.0, 11550.0], [102288.5, 39000.0], [102289.0, 61600.0], [102290.5, 18390.0], [102295.5, 34140.0], [102296.0, 14980.0], [102297.5, 45000.0], [102299.5, 38000.0], [102300.0, 20760.0], [102300.5, 52740.0], [102302.0, 25000.0], [102305.0, 7230.0]]}}}
{"jsonrpc": "2.0", "method": "subscription", "params": {"channel": "book.BTC-PERPETUAL.none.20.100ms", "data": {"timestamp": 1762997517883, "change_id": 126639722212, "instrument_name": "BTC-PERPETUAL", "bids": [[102272.0, 215440.0], [102271.5, 57760.0], [102265.5, 25990.0], [102264.5, 12300.0], [102264.0, 25000.0], [102262.5, 6470.0], [102260.5, 9230.0], [102260.0, 11840.0], [102256.0, 38000.0], [102251.5, 13430.0], [102251.0, 45000.0], [102250.0, 1820.0], [102249.5, 6100.0], [102245.0, 27550.0], [102243.5, 14980.0], [102241.5, 38000.0], [102241.0, 22380.0], [102239.0, 20280.0], [102236.5, 6370.0], [102235.5, 61570.0]], "asks": [[102272.5, 63300.0], [102275.5, 33040.0], [102276.0, 62700.0], [102278.0, 38000.0], [102281.5, 500.0], [102282.0, 1580.0], [102283.0, 6470.0], [102286.0, 40000.0], [102288.0, 61600.0], [102288.5, 38000.0], [102289.5, 45000.0], [102295.5, 20070.0], [102296.0, 14980.0], [102299.5, 38000.0], [102300.0, 38230.0], [102300.5, 52740.0], [102302.0, 25000.0], [102305.0, 13390.0], [102306.0, 14980.0], [102308.0, 23740.0]]}}}
{"jsonrpc": "2.0", "method": "subscription", "params": {"channel": "book.BTC-PERPETUAL.none.20.100ms", "data": {"timestamp": 1762997518218, "change_id": 126639722697, "instrument_name": "BTC-PERPETUAL", "bids": [[102272.0, 133640.0], [102267.0, 17790.0], [102266.5, 11000.0], [102265.0, 57000.0], [102260.5, 25990.0], [102260.0, 23830.0], [102259.0, 25000.0], [102256.5, 9230.0], [102256.0, 38000.0], [102252.0, 500.0], [102251.5, 13430.0], [102251.0, 45000.0], [102250.0, 1820.0], [102249.5, 6100.0], [102245.0, 27550.0], [102243.5, 14980.0], [102241.5, 38000.0], [102241.0, 22380.0], [102239.0, 1900.0], [102236.5, 6370.0]], "asks": [[102272.5, 63830.0], [102275.0, 500.0], [102275.5, 11490.0], [102278.0, 38000.0], [102282.0, 20280.0], [102282.5, 61600.0], [102283.0, 6470.0], [102284.5, 540.0], [102286.0, 24780.0], [102288.5, 38000.0], [102289.5, 45000.0], [102293.0, 10220.0], [102293.5, 25000.0], [102295.0, 9240.0], [102295.5, 30940.0], [102296.0, 14980.0], [102299.0, 50000.0], [102299.5, 38000.0], [102300.0, 40.0], [102300.5, 2740.0]]}}}
{"jsonrpc": "2.0", "method": "subscription", "params": {"channel": "book.BTC-PERPETUAL.none.20.100ms", "data": {"timestamp": 1762997518547, "change_id": 126639723803, "instrument_name": "BTC-PERPETUAL", "bids": [[102272.0, 144140.0], [102269.5, 29190.0], [102269.0, 50000.0], [102267.5, 47800.0], [102265.0, 17150.0], [102264.5, 25990.0], [102261.0, 25000.0], [102260.0, 17810.0], [102259.5, 9730.0], [102256.0, 38000.0], [102251.5, 13430.0], [102251.0, 45000.0], [102250.0, 1820.0], [102249.5, 6100.0], [102245.0, 27550.0], [102243.5, 14980.0], [102241.5, 38000.0], [102241.0, 22380.0], [102239.0, 1900.0], [102236.5, 6370.0]], "asks": [[102272.5, 22560.0], [102275.5, 11490.0], [102278.0, 38000.0], [102279.5, 6470.0], [102284.0, 500.0], [102285.0, 43160.0], [102288.0, 61600.0], [102288.5, 38000.0], [102289.5, 45000.0], [102291.5, 540.0], [102295.5, 20070.0], [102296.0, 14980.0], [102299.5, 38000.0], [102300.0, 9280.0], [102300.5, 25980.0], [102303.0, 50000.0], [102303.5, 25000.0], [102305.0, 13050.0], [102306.0, 14980.0], [102308.0, 23740.0]]}}}
{"jsonrpc": "2.0", "method": "subscription", "params": {"channel": "book.BTC-PERPETUAL.none.20.100ms", "data": {"timestamp": 1762997518875, "change_id": 126639724513, "instrument_name": "BTC-PERPETUAL", "bids": [[102272.0, 144140.0], [102266.0, 14930.0], [102265.5, 50000.0], [102265.0, 9690.0], [102260.5, 25990.0], [102260.0, 26730.0], [102259.5, 25000.0], [102256.5, 9230.0], [102256.0, 38000.0], [102251.5, 13930.0], [102251.0, 45000.0], [102250.0, 1820.0], [102249.5, 6040.0], [102245.0, 27550.0], [102243.5, 14980.0], [102241.5, 38000.0], [102241.0, 22380.0], [102239.0, 1900.0], [102236.5, 6370.0], [102235.0, 43340.0]], "asks": [[102272.5, 60540.0], [102273.0, 10000.0], [102275.5, 11490.0], [102277.5, 500.0], [102278.0, 38000.0], [102279.5, 6470.0], [102283.5, 1000.0], [102286.5, 43160.0], [102287.0, 61600.0], [102288.5, 38000.0], [102289.5, 45000.0], [102292.5, 7460.0], [102293.0, 25000.0], [102295.5, 32440.0], [102296.0, 14980.0], [102297.5, 50000.0], [102299.0, 5000.0], [102299.5, 38000.0], [102300.0, 9280.0], [102300.5, 2740.0]]}}}
{"jsonrpc": "2.0", "method": "subscription", "params": {"channel": "book.BTC-PERPETUAL.none.20.100ms", "data": {"timestamp": 1762997519208, "change_id": 126639725056, "instrument_name": "BTC-PERPETUAL", "bids": [[102272.0, 144140.0], [102268.0, 39600.0], [102267.5, 14930.0], [102266.0, 50000.0], [102261.0, 9690.0], [102260.5, 25990.0], [102260.0, 20260.0], [102259.0, 25000.0], [102256.5, 9230.0], [102256.0, 38000.0], [102252.5, 500.0], [102251.5, 13430.0], [102251.0, 45000.0], [102250.0, 1820.0], [102249.5, 6040.0], [102245.0, 27550.0], [102243.5, 14980.0], [102241.5, 38000.0], [102241.0, 22380.0], [102239.0, 1900.0]], "asks": [[102272.5, 115430.0], [102275.5, 11490.0], [102277.5, 500.0], [102278.0, 38000.0], [102279.5, 6470.0], [102287.0, 25000.0], [102287.5, 48460.0], [102288.0, 61600.0], [102288.5, 38000.0], [102289.5, 45000.0], [102292.5, 1000.0], [102295.5, 20070.0], [102296.0, 14980.0], [102298.5, 9240.0], [102299.0, 5000.0], [102299.5, 38000.0], [102300.0, 40.0], [102300.5, 2740.0], [102301.0, 14930.0], [102301.5, 50000.0]]}}}
{"jsonrpc": "2.0", "method": "subscription", "params": {"channel": "book.BTC-PERPETUAL.none.20.100ms", "data": {"timestamp": 1762997519538, "change_id": 126639726160, "instrument_name": "BTC-PERPETUAL", "bids": [[102262.5, 22000.0], [102261.5, 15000.0], [102252.0, 25990.0], [102250.0, 50000.0], [102249.5, 5840.0], [102245.5, 9730.0], [102245.0, 18020.0], [102241.5, 38000.0], [102241.0, 22380.0], [102239.0, 1900.0], [102236.5, 6370.0], [102235.0, 60360.0], [102234.5, 180.0], [102234.0, 42900.0], [102233.5, 14980.0], [102230.5, 38000.0], [102230.0, 63320.0], [102225.0, 57950.0], [102222.5, 63100.0], [102222.0, 52480.0]], "asks": [[102263.0, 160100.0], [102266.5, 20130.0], [102267.5, 38000.0], [102269.5, 6470.0], [102272.0, 21890.0], [102272.5, 95520.0], [102275.5, 11490.0], [102277.0, 61600.0], [102278.0, 38000.0], [102287.0, 9240.0], [102287.5, 43160.0], [102288.5, 38000.0], [102290.0, 25000.0], [102295.5, 32440.0], [102296.0, 14980.0], [102297.0, 50000.0], [102299.0, 5000.0], [102299.5, 38000.0], [102300.0, 26050.0], [102300.5, 2740.0]]}}}
{"jsonrpc": "2.0", "method": "subscription", "params": {"channel": "book.BTC-PERPETUAL.none.20.100ms", "data": {"timestamp": 1762997519864, "change_id": 126639727476, "instrument_name": "BTC-PERPETUAL", "bids": [[102262.5, 92060.0], [102254.0, 34490.0], [102253.5, 75990.0], [102252.0, 38000.0], [102250.5, 500.0], [102250.0, 37240.0], [102249.5, 5840.0], [102249.0, 45000.0], [102248.5, 26500.0], [102246.5, 25000.0], [102245.0, 18020.0], [102244.0, 6470.0], [102241.5, 38000.0], [102241.0, 22380.0], [102239.0, 1900.0], [102236.5, 6370.0], [102234.5, 28800.0], [102234.0, 42900.0], [102233.5, 14980.0], [102230.5, 38000.0]], "asks": [[102263.0, 29180.0], [102264.0, 10000.0], [102266.5, 14970.0], [102267.5, 38000.0], [102269.0, 6470.0], [102271.0, 29870.0], [102272.5, 88980.0], [102274.5, 500.0], [102275.0, 24780.0], [102277.5, 61600.0], [102278.0, 38000.0], [102281.0, 20500.0], [102281.5, 5000.0], [102284.0, 45000.0], [102284.5, 25000.0], [102286.5, 26320.0], [102288.5, 38000.0], [102289.0, 50000.0], [102289.5, 180.0], [102293.5, 2760.0]]}}}
{"jsonrpc": "2.0", "method": "subscription", "params": {"channel": "book.BTC-PERPETUAL.none.20.100ms", "data": {"timestamp": 1762997520199, "change_id": 126639728307, "instrument_name": "BTC-PERPETUAL", "bids": [[102262.5, 206860.0], [102261.0, 14270.0], [102257.0, 25990.0], [102256.5, 25000.0], [102253.0, 9230.0], [102252.5, 16180.0], [102252.0, 38000.0], [102251.5, 500.0], [102251.0, 6470.0], [102250.0, 19870.0], [102249.5, 5840.0], [102249.0, 45000.0], [102245.5, 180.0], [102245.0, 18020.0], [102241.5, 38000.0], [102241.0, 22380.0], [102239.0, 1900.0], [102236.5, 6370.0], [102234.5, 26740.0], [102234.0, 42900.0]], "asks": [[102263.0, 25540.0], [102263.5, 2990.0], [102264.0, 10000.0], [102272.5, 60.0], [102274.5, 500.0], [102275.0, 11340.0], [102275.5, 6470.0], [102276.0, 5300.0], [102278.0, 38000.0], [102280.0, 39280.0], [102280.5, 61600.0], [102284.0, 45000.0], [102285.0, 25000.0], [102286.0, 11340.0], [102288.5, 38000.0], [102295.0, 32450.0], [102296.0, 14980.0], [102297.0, 50000.0], [102298.0, 9240.0], [102299.5, 38000.0]]}}}
{"jsonrpc": "2.0", "method": "subscription", "params": {"channel": "book.BTC-PERPETUAL.none.20.100ms", "data": {"timestamp": 1762997520530, "change_id": 126639729381, "instrument_name": "BTC-PERPETUAL", "bids": [[102251.5, 1930.0], [102250.0, 11960.0], [102249.5, 5840.0], [102245.5, 9230.0], [102245.0, 11430.0], [102241.0, 14920.0], [102239.0, 1900.0], [102238.0, 25000.0], [102236.5, 6370.0], [102234.5, 26740.0], [102234.0, 43080.0], [102233.5, 14980.0], [102231.0, 45000.0], [102230.5, 38000.0], [102227.0, 63310.0], [102221.0, 61300.0], [102220.0, 49410.0], [102216.5, 38000.0], [102215.5, 191240.0], [102214.0, 100.0]], "asks": [[102263.0, 61740.0], [102263.5, 4530.0], [102264.0, 10000.0], [102268.5, 6470.0], [102271.0, 18410.0], [102272.5, 60.0], [102274.0, 61600.0], [102275.0, 31790.0], [102275.5, 45000.0], [102276.0, 5300.0], [102278.0, 38000.0], [102283.5, 16700.0], [102285.0, 25000.0], [102286.0, 29070.0], [102288.5, 38000.0], [102289.0, 50180.0], [102290.0, 5000.0], [102295.0, 15830.0], [102296.0, 14980.0], [102296.5, 26010.0]]}}}
{"jsonrpc": "2.0", "method": "subscription", "params": {"channel": "book.BTC-PERPETUAL.none.20.100ms", "data": {"timestamp": 1762997520855, "change_id": 126639730948, "instrument_name": "BTC-PERPETUAL", "bids": [[102249.5, 5840.0], [102242.5, 11000.0], [102242.0, 15000.0], [102240.0, 19450.0], [102236.5, 6370.0], [102234.5, 42350.0], [102234.0, 42900.0], [102231.0, 52490.0], [102230.5, 44470.0], [102228.0, 9230.0], [102221.5, 490.0], [102221.0, 24590.0], [102220.5, 22390.0], [102220.0, 59990.0], [102219.0, 180.0], [102216.5, 38000.0], [102215.0, 25000.0], [102214.0, 100.0], [102211.5, 4470.0], [102211.0, 14990.0]], "asks": [[102250.0, 120420.0], [102251.5, 20620.0], [102252.0, 63100.0], [102253.5, 6470.0], [102256.0, 28280.0], [102256.5, 61600.0], [102260.0, 38000.0], [102261.0, 10000.0], [102262.5, 24440.0], [102263.0, 32350.0], [102264.5, 50300.0], [102267.0, 9240.0], [102267.5, 9870.0], [102269.0, 25000.0], [102272.5, 60.0], [102275.0, 17710.0], [102276.5, 180.0], [102278.0, 38000.0], [102280.0, 26010.0], [102280.5, 14980.0]]}}}
{"jsonrpc": "2.0", "method": "subscription", "params": {"channel": "book.BTC-PERPETUAL.none.20.100ms", "data": {"timestamp": 1762997521192, "change_id": 126639732003, "instrument_name": "BTC-PERPETUAL", "bids": [[102245.5, 189700.0], [102244.0, 14800.0], [102243.5, 14510.0], [102242.0, 11340.0], [102241.5, 38000.0], [102237.0, 1900.0], [102236.5, 6370.0], [102234.5, 26740.0], [102234.0, 42900.0], [102231.0, 32970.0], [102230.0, 11340.0], [102229.5, 38000.0], [102224.5, 18620.0], [102223.0, 25000.0], [102220.5, 22390.0], [102220.0, 14990.0], [102219.0, 180.0], [102216.5, 38000.0], [102214.0, 100.0], [102212.0, 82560.0]], "asks": [[102246.0, 62600.0], [102253.5, 50000.0], [102260.5, 10000.0], [102262.5, 13430.0], [102264.5, 45000.0], [102265.0, 1490.0], [102267.0, 5000.0], [102270.0, 19180.0], [102272.5, 20.0], [102273.5, 70840.0], [102274.5, 14980.0], [102275.0, 18420.0], [102278.0, 2560.0], [102280.0, 30480.0], [102280.5, 14980.0], [102283.5, 540.0], [102285.0, 25000.0], [102286.0, 11340.0], [102288.5, 38000.0], [102290.5, 14980.0]]}}}
{"jsonrpc": "2.0", "method": "subscription", "params": {"channel": "book.BTC-PERPETUAL.none.20.100ms", "data": {"timestamp": 1762997521512, "change_id": 126639734581, "instrument_name": "BTC-PERPETUAL", "bids": [[102257.5, 169150.0], [102251.0, 25990.0], [102250.0, 6470.0], [102246.5, 500.0], [102246.0, 35730.0], [102245.5, 82950.0], [102244.0, 14800.0], [102241.5, 38000.0], [102240.5, 25000.0], [102238.0, 45000.0], [102234.5, 12810.0], [102234.0, 42900.0], [102230.0, 21090.0], [102229.5, 38180.0], [102229.0, 14970.0], [102226.5, 22370.0], [102221.5, 61570.0], [102220.5, 4470.0], [102220.0, 14990.0], [102218.5, 30240.0]], "asks": [[102258.0, 300.0], [102259.0, 2990.0], [102259.5, 10000.0], [102266.5, 10000.0], [102267.0, 11340.0], [102267.5, 38000.0], [102268.5, 6470.0], [102272.5, 20.0], [102275.0, 41720.0], [102277.5, 500.0], [102278.0, 43300.0], [102280.0, 85440.0], [102280.5, 15980.0], [102283.5, 45000.0], [102285.0, 25000.0], [102285.5, 5000.0], [102288.0, 9240.0], [102289.0, 50000.0], [102290.5, 14980.0], [102293.5, 38180.0]]}}}
{"jsonrpc": "2.0", "method": "subscription", "params": {"channel": "book.BTC-PERPETUAL.none.20.100ms", "data": {"timestamp": 1762997521859, "change_id": 126639736827, "instrument_name": "BTC-PERPETUAL", "bids": [[102257.5, 33770.0], [102246.0, 11000.0], [102245.5, 69950.0], [102241.0, 15000.0], [102236.0, 11000.0], [102235.5, 14930.0], [102235.0, 50000.0], [102234.5, 12810.0], [102234.0, 42900.0], [102230.0, 34710.0], [102229.5, 38000.0], [102229.0, 39970.0], [102226.5, 22370.0], [102223.0, 12380.0], [102222.5, 35220.0], [102220.5, 490.0], [102220.0, 14990.0], [102219.0, 24830.0], [102218.5, 45000.0], [102216.5, 38000.0]], "asks": [[102258.0, 193960.0], [102258.5, 10000.0], [102260.0, 19210.0], [102260.5, 10000.0], [102261.5, 6470.0], [102262.0, 50000.0], [102265.5, 18810.0], [102266.5, 9240.0], [102267.5, 38540.0], [102269.5, 25000.0], [102272.5, 20.0], [102274.0, 7760.0], [102274.5, 26000.0], [102275.0, 24830.0], [102275.5, 45000.0], [102278.0, 38000.0], [102280.0, 4470.0], [102280.5, 14980.0], [102290.5, 14980.0], [102293.5, 38000.0]]}}}
{"jsonrpc": "2.0", "method": "subscription", "params": {"channel": "book.BTC-PERPETUAL.none.20.100ms", "data": {"timestamp": 1762997522183, "change_id": 126639737821, "instrument_name": "BTC-PERPETUAL", "bids": [[102245.5, 69950.0], [102236.0, 11000.0], [102234.0, 42900.0], [102233.0, 10000.0], [102232.5, 15000.0], [102231.0, 11000.0], [102227.5, 14930.0], [102227.0, 50000.0], [102225.0, 7760.0], [102220.5, 25990.0], [102219.5, 26500.0], [102219.0, 40550.0], [102217.0, 24200.0], [102216.5, 38000.0], [102216.0, 180.0], [102215.5, 63310.0], [102215.0, 23400.0], [102214.5, 22370.0], [102212.0, 490.0], [102211.0, 14990.0]], "asks": [[102246.0, 248820.0], [102246.5, 20670.0], [102247.0, 6470.0], [102248.5, 1000.0], [102249.5, 62600.0], [102250.0, 29890.0], [102251.5, 38000.0], [102252.0, 50000.0], [102255.5, 30570.0], [102257.5, 34240.0], [102258.0, 38740.0], [102258.5, 45000.0], [102260.0, 10000.0], [102265.5, 17650.0], [102267.0, 26000.0], [102267.5, 38000.0], [102272.5, 20.0], [102274.5, 14970.0], [102278.0, 38000.0], [102280.0, 4470.0]]}}}
{"jsonrpc": "2.0", "method": "subscription", "params": {"channel": "book.BTC-PERPETUAL.none.20.100ms", "data": {"timestamp": 1762997522518, "change_id": 126639739284, "instrument_name": "BTC-PERPETUAL", "bids": [[102245.5, 70450.0], [102234.0, 42900.0], [102225.5, 11000.0], [102221.5, 21750.0], [102221.0, 76000.0], [102219.0, 11340.0], [102216.5, 38000.0], [102215.0, 29190.0], [102214.5, 22370.0], [102213.0, 26500.0], [102211.5, 32460.0], [102211.0, 25000.0], [102210.5, 9230.0], [102210.0, 11930.0], [102209.5, 7430.0], [102206.0, 490.0], [102205.5, 14950.0], [102205.0, 400.0], [102204.0, 11350.0], [102203.5, 38000.0]], "asks": [[102246.0, 335110.0], [102246.5, 48380.0], [102247.0, 6470.0], [102249.0, 9240.0], [102249.5, 62600.0], [102251.0, 11340.0], [102251.5, 38000.0], [102255.5, 30570.0], [102258.0, 5230.0], [102258.5, 45000.0], [102259.5, 36000.0], [102265.5, 11340.0], [102267.5, 38000.0], [102272.5, 20.0], [102273.0, 5000.0], [102274.5, 17530.0], [102278.0, 38000.0], [102280.0, 4470.0], [102280.5, 14980.0], [102282.0, 73640.0]]}}}
{"jsonrpc": "2.0", "method": "subscription", "params": {"channel": "book.BTC-PERPETUAL.none.20.100ms", "data": {"timestamp": 1762997522842, "change_id": 126639740802, "instrument_name": "BTC-PERPETUAL", "bids": [[102245.5, 70450.0], [102234.0, 42900.0], [102228.0, 11000.0], [102227.5, 15000.0], [102223.5, 18210.0], [102223.0, 61000.0], [102220.0, 14630.0], [102216.5, 38000.0], [102215.0, 44340.0], [102214.5, 22370.0], [102213.0, 26500.0], [102212.0, 25000.0], [102211.5, 32460.0], [102211.0, 45000.0], [102210.0, 6900.0], [102207.0, 9230.0], [102206.0, 490.0], [102205.5, 14950.0], [102205.0, 400.0], [102204.0, 11350.0]], "asks": [[102246.0, 377930.0], [102246.5, 35310.0], [102247.0, 56470.0], [102249.5, 62600.0], [102251.0, 20580.0], [102251.5, 38000.0], [102255.5, 14930.0], [102258.0, 5000.0], [102258.5, 45000.0], [102261.5, 9250.0], [102262.0, 26000.0], [102263.0, 5000.0], [102265.5, 11340.0], [102267.5, 38000.0], [102272.5, 20.0], [102274.5, 17530.0], [102278.0, 38000.0], [102280.0, 4470.0], [102280.5, 14980.0], [102282.0, 73640.0]]}}}
{"jsonrpc": "2.0", "method": "subscription", "params": {"channel": "book.BTC-PERPETUAL.none.20.100ms", "data": {"timestamp": 1762997523195, "change_id": 126639741375, "instrument_name": "BTC-PERPETUAL", "bids": [[102245.5, 69950.0], [102234.0, 42900.0], [102228.0, 11000.0], [102227.5, 15000.0], [102225.0, 68910.0], [102220.5, 26500.0], [102220.0, 31050.0], [102217.0, 14960.0], [102216.5, 38000.0], [102215.5, 25000.0], [102215.0, 22190.0], [102214.5, 22370.0], [102212.0, 35710.0], [102211.5, 6470.0], [102211.0, 45000.0], [102210.0, 4580.0], [102205.5, 14950.0], [102205.0, 400.0], [102204.0, 11350.0], [102203.5, 38000.0]], "asks": [[102246.0, 355360.0], [102246.5, 104460.0], [102247.0, 56470.0], [102251.0, 11340.0], [102251.5, 38000.0], [102255.0, 9240.0], [102255.5, 14930.0], [102258.5, 45000.0], [102261.5, 9250.0], [102262.5, 26000.0], [102263.0, 5000.0], [102265.5, 11340.0], [102267.5, 38000.0], [102272.5, 20.0], [102274.5, 17530.0], [102278.0, 38000.0], [102280.0, 4470.0], [102280.5, 14980.0], [102290.5, 14980.0], [102293.0, 5000.0]]}}}
{"jsonrpc": "2.0", "method": "subscription", "params": {"channel": "book.BTC-PERPETUAL.none.20.100ms", "data": {"timestamp": 1762997523538, "change_id": 126639742775, "instrument_name": "BTC-PERPETUAL", "bids": [[102234.0, 42900.0], [102225.0, 11000.0], [102224.5, 15000.0], [102221.5, 7910.0], [102221.0, 11000.0], [102220.5, 26500.0], [102219.0, 33820.0], [102218.5, 50000.0], [102215.5, 63300.0], [102215.0, 15360.0], [102211.5, 6470.0], [102211.0, 45000.0], [102210.0, 20740.0], [102208.0, 25000.0], [102206.0, 25990.0], [102205.5, 14950.0], [102205.0, 890.0], [102204.5, 28050.0], [102203.5, 38000.0], [102203.0, 22360.0]], "asks": [[102234.5, 313410.0], [102239.0, 2990.0], [102239.5, 10000.0], [102240.0, 2110.0], [102242.0, 39930.0], [102242.5, 50000.0], [102245.5, 128300.0], [102246.0, 102670.0], [102246.5, 71840.0], [102247.0, 45000.0], [102251.0, 11340.0], [102251.5, 38000.0], [102260.5, 12950.0], [102261.0, 26000.0], [102263.0, 19950.0], [102265.5, 11340.0], [102267.5, 38000.0], [102268.0, 46110.0], [102271.5, 73630.0], [102272.5, 20.0]]}}}
{"jsonrpc": "2.0", "method": "subscription", "params": {"channel": "book.BTC-PERPETUAL.none.20.100ms", "data": {"timestamp": 1762997523872, "change_id": 126639743735, "instrument_name": "BTC-PERPETUAL", "bids": [[102234.0, 42900.0], [102225.0, 11000.0], [102221.0, 11000.0], [102220.0, 33830.0], [102216.0, 103000.0], [102215.5, 63300.0], [102215.0, 15360.0], [102211.5, 6470.0], [102211.0, 45000.0], [102210.0, 20740.0], [102208.5, 25990.0], [102208.0, 25000.0], [102207.0, 26500.0], [102205.5, 14950.0], [102205.0, 890.0], [102204.5, 28050.0], [102203.5, 38000.0], [102203.0, 22360.0], [102200.0, 40.0], [102199.5, 180.0]], "asks": [[102234.5, 324020.0], [102237.0, 7460.0], [102237.5, 25000.0], [102242.0, 14930.0], [102242.5, 50000.0], [102245.5, 128300.0], [102246.0, 67760.0], [102246.5, 71840.0], [102247.0, 45000.0], [102251.0, 11340.0], [102251.5, 38000.0], [102260.5, 12950.0], [102262.5, 26000.0], [102263.0, 19950.0], [102265.5, 11340.0], [102267.5, 38000.0], [102271.0, 5240.0], [102272.5, 20.0], [102274.5, 17530.0], [102277.5, 11340.0]]}}}
{"jsonrpc": "2.0", "method": "subscription", "params": {"channel": "book.BTC-PERPETUAL.none.20.100ms", "data": {"timestamp": 1762997524197, "change_id": 126639745097, "instrument_name": "BTC-PERPETUAL", "bids": [[102216.5, 25490.0], [102213.0, 61000.0], [102212.5, 3280.0], [102212.0, 11000.0], [102210.0, 8030.0], [102207.0, 26500.0], [102205.0, 400.0], [102204.5, 35530.0], [102203.5, 38000.0], [102202.5, 45000.0], [102200.0, 40.0], [102198.0, 25000.0], [102197.5, 15120.0], [102196.5, 35710.0], [102195.5, 14950.0], [102194.0, 100.0], [102190.5, 4470.0], [102190.0, 30980.0], [102189.5, 11280.0], [102188.5, 180.0]], "asks": [[102217.0, 131900.0], [102217.5, 6470.0], [102221.0, 11340.0], [102221.5, 38000.0], [102222.0, 490.0], [102229.5, 1000.0], [102232.0, 49270.0], [102232.5, 50000.0], [102233.5, 71610.0], [102234.5, 56140.0], [102235.5, 19940.0], [102237.5, 25000.0], [102238.5, 45000.0], [102240.0, 2760.0], [102240.5, 9240.0], [102245.5, 1500.0], [102246.0, 5040.0], [102250.0, 23570.0], [102250.5, 40950.0], [102251.5, 38000.0]]}}}
{"jsonrpc": "2.0", "method": "subscription", "params": {"channel": "book.BTC-PERPETUAL.none.20.100ms", "data": {"timestamp": 1762997524531, "change_id": 126639746421, "instrument_name": "BTC-PERPETUAL", "bids": [[102214.5, 20490.0], [102213.0, 11000.0], [102211.0, 50000.0], [102208.0, 3400.0], [102207.5, 11000.0], [102205.0, 400.0], [102204.5, 29060.0], [102203.5, 38000.0], [102202.5, 45000.0], [102200.0, 530.0], [102198.5, 24630.0], [102198.0, 25000.0], [102196.0, 25990.0], [102195.5, 14950.0], [102191.5, 7230.0], [102191.0, 9230.0], [102190.0, 30980.0], [102189.5, 11280.0], [102188.5, 180.0], [102188.0, 38000.0]], "asks": [[102215.0, 174030.0], [102216.5, 27020.0], [102217.0, 67900.0], [102217.5, 6470.0], [102220.5, 28410.0], [102221.5, 38000.0], [102224.0, 62110.0], [102232.0, 35410.0], [102232.5, 50000.0], [102233.5, 10000.0], [102234.5, 38310.0], [102235.0, 34240.0], [102235.5, 12480.0], [102238.5, 45000.0], [102243.0, 4460.0], [102243.5, 14950.0], [102245.0, 7770.0], [102246.0, 40.0], [102249.5, 26000.0], [102250.0, 15810.0]]}}}
{"jsonrpc": "2.0", "method": "subscription", "params": {"channel": "book.BTC-PERPETUAL.none.20.100ms", "data": {"timestamp": 1762997524863, "change_id": 126639747332, "instrument_name": "BTC-PERPETUAL", "bids": [[102214.5, 25000.0], [102212.0, 61000.0], [102206.0, 3400.0], [102205.5, 11000.0], [102205.0, 8320.0], [102204.5, 26500.0], [102200.0, 40.0], [102199.0, 21610.0], [102198.5, 31470.0], [102197.0, 490.0], [102196.0, 25990.0], [102195.5, 14950.0], [102194.5, 17910.0], [102194.0, 45000.0], [102192.0, 9230.0], [102190.0, 30980.0], [102189.5, 11280.0], [102188.5, 180.0], [102188.0, 38000.0], [102185.5, 22350.0]], "asks": [[102215.0, 179330.0], [102216.5, 27020.0], [102217.0, 62600.0], [102217.5, 6470.0], [102219.0, 500.0], [102220.5, 31250.0], [102221.5, 38000.0], [102223.0, 61610.0], [102223.5, 10000.0], [102228.0, 50000.0], [102229.5, 14930.0], [102230.0, 35350.0], [102230.5, 45000.0], [102234.5, 73420.0], [102235.0, 1650.0], [102235.5, 5000.0], [102243.0, 11650.0], [102243.5, 14950.0], [102244.5, 26000.0], [102250.0, 15810.0]]}}}
{"jsonrpc": "2.0", "method": "subscription", "params": {"channel": "book.BTC-PERPETUAL.none.20.100ms", "data": {"timestamp": 1762997525197, "change_id": 126639748191, "instrument_name": "BTC-PERPETUAL", "bids": [[102214.5, 32000.0], [102207.0, 14930.0], [102206.5, 72000.0], [102202.5, 13440.0], [102202.0, 45000.0], [102200.0, 40.0], [102194.5, 29000.0], [102194.0, 6470.0], [102192.5, 25990.0], [102191.0, 26500.0], [102190.0, 22660.0], [102189.5, 11280.0], [102188.0, 38000.0], [102185.5, 22350.0], [102185.0, 4290.0], [102184.5, 25000.0], [102183.0, 43390.0], [102182.5, 14950.0], [102180.5, 132310.0], [102180.0, 4470.0]], "asks": [[102215.0, 169330.0], [102216.5, 27020.0], [102217.0, 62600.0], [102217.5, 6470.0], [102219.5, 47500.0], [102220.0, 500.0], [102221.0, 14330.0], [102221.5, 38000.0], [102223.0, 10000.0], [102227.5, 540.0], [102229.0, 18390.0], [102229.5, 61610.0], [102233.5, 14150.0], [102234.5, 38180.0], [102235.0, 35500.0], [102237.5, 50000.0], [102239.0, 45000.0], [102242.0, 21170.0], [102242.5, 25000.0], [102243.5, 14950.0]]}}}
{"jsonrpc": "2.0", "method": "subscription", "params": {"channel": "book.BTC-PERPETUAL.none.20.100ms", "data": {"timestamp": 1762997525530, "change_id": 126639749138, "instrument_name": "BTC-PERPETUAL", "bids": [[102214.5, 25000.0], [102212.5, 11000.0], [102209.0, 3280.0], [102208.5, 11000.0], [102205.0, 50000.0], [102204.5, 15380.0], [102202.0, 45000.0], [102201.0, 6470.0], [102200.0, 40.0], [102198.5, 14410.0], [102198.0, 25000.0], [102195.5, 26480.0], [102195.0, 2760.0], [102194.5, 9230.0], [102189.5, 11280.0], [102188.5, 18070.0], [102188.0, 38000.0], [102187.5, 180.0], [102185.5, 22350.0], [102185.0, 4290.0]], "asks": [[102215.0, 164030.0], [102215.5, 10000.0], [102216.5, 27020.0], [102217.0, 63100.0], [102217.5, 6470.0], [102221.0, 14330.0], [102221.5, 38000.0], [102223.0, 10000.0], [102225.5, 19770.0], [102226.0, 5300.0], [102227.0, 61610.0], [102230.5, 29790.0], [102234.0, 50000.0], [102234.5, 38180.0], [102235.0, 14180.0], [102238.5, 9240.0], [102239.0, 45000.0], [102242.0, 11930.0], [102242.5, 25000.0], [102243.5, 14950.0]]}}}
{"jsonrpc": "2.0", "method": "subscription", "params": {"channel": "book.BTC-PERPETUAL.none.20.100ms", "data": {"timestamp": 1762997525844, "change_id": 126639749772, "instrument_name": "BTC-PERPETUAL", "bids": [[102214.5, 25000.0], [102205.5, 61000.0], [102205.0, 37500.0], [102204.5, 1940.0], [102201.0, 6470.0], [102200.0, 40.0], [102195.0, 21920.0], [102193.5, 25000.0], [102193.0, 45000.0], [102190.0, 35710.0], [102189.5, 11280.0], [102188.5, 18070.0], [102188.0, 38000.0], [102187.5, 180.0], [102185.5, 22350.0], [102185.0, 4290.0], [102183.0, 4460.0], [102182.5, 14950.0], [102180.0, 4470.0], [102177.5, 14970.0]], "asks": [[102215.0, 169830.0], [102215.5, 10000.0], [102216.5, 38540.0], [102217.0, 62600.0], [102217.5, 6470.0], [102218.5, 10000.0], [102220.0, 61610.0], [102221.0, 14330.0], [102221.5, 38000.0], [102223.0, 25000.0], [102225.5, 16420.0], [102227.0, 50000.0], [102228.5, 5000.0], [102230.5, 39030.0], [102231.0, 45000.0], [102234.5, 38180.0], [102241.0, 12220.0], [102241.5, 26000.0], [102243.5, 14950.0], [102250.0, 15810.0]]}}}
{"jsonrpc": "2.0", "method": "subscription", "params": {"channel": "book.BTC-PERPETUAL.none.20.100ms", "data": {"timestamp": 1762997526192, "change_id": 126639750184, "instrument_name": "BTC-PERPETUAL", "bids": [[102214.5, 10000.0], [102205.5, 22000.0], [102201.5, 50000.0], [102201.0, 6470.0], [102200.0, 4520.0], [102199.5, 15000.0], [102195.0, 21920.0], [102193.5, 25000.0], [102193.0, 45000.0], [102190.5, 35220.0], [102189.5, 11280.0], [102188.5, 25040.0], [102188.0, 64500.0], [102186.0, 490.0], [102185.5, 22350.0], [102185.0, 4290.0], [102184.0, 4460.0], [102182.5, 14950.0], [102180.0, 4470.0], [102177.5, 14970.0]], "asks": [[102215.0, 170030.0], [102215.5, 52260.0], [102216.0, 62500.0], [102217.0, 62600.0], [102217.5, 6470.0], [102218.5, 10000.0], [102220.0, 37200.0], [102220.5, 61610.0], [102221.5, 38000.0], [102223.0, 25000.0], [102225.5, 16420.0], [102227.0, 50000.0], [102228.5, 5000.0], [102230.5, 29790.0], [102231.0, 45000.0], [102234.0, 9240.0], [102234.5, 38000.0], [102240.0, 11650.0], [102240.5, 26000.0], [102243.5, 14950.0]]}}}
{"jsonrpc": "2.0", "method": "subscription", "params": {"channel": "book.BTC-PERPETUAL.none.20.100ms", "data": {"timestamp": 1762997526522, "change_id": 126639750974, "instrument_name": "BTC-PERPETUAL", "bids": [[102214.5, 25000.0], [102206.5, 22000.0], [102205.0, 50000.0], [102204.5, 1940.0], [102201.0, 6470.0], [102200.0, 40.0], [102197.5, 15370.0], [102196.5, 25000.0], [102196.0, 26500.0], [102194.0, 21190.0], [102193.5, 25990.0], [102193.0, 45000.0], [102191.0, 9230.0], [102189.5, 11280.0], [102189.0, 490.0], [102188.5, 25040.0], [102188.0, 38000.0], [102185.5, 22350.0], [102185.0, 4290.0], [102184.0, 4460.0]], "asks": [[102215.0, 169830.0], [102215.5, 52260.0], [102216.0, 62500.0], [102217.0, 62600.0], [102217.5, 6470.0], [102218.5, 10000.0], [102220.0, 37200.0], [102221.5, 38000.0], [102222.5, 61610.0], [102225.0, 25000.0], [102225.5, 16420.0], [102226.5, 200.0], [102228.5, 5000.0], [102229.5, 50000.0], [102230.5, 29790.0], [102231.0, 45000.0], [102234.0, 9240.0], [102234.5, 38000.0], [102240.0, 11650.0], [102243.0, 26000.0]]}}}
{"jsonrpc": "2.0", "method": "subscription", "params": {"channel": "book.BTC-PERPETUAL.none.20.100ms", "data": {"timestamp": 1762997526856, "change_id": 126639752423, "instrument_name": "BTC-PERPETUAL", "bids": [[102207.0, 17400.0], [102202.0, 11000.0], [102200.0, 40.0], [102198.5, 15000.0], [102197.0, 11000.0], [102196.5, 50000.0], [102189.0, 21110.0], [102188.5, 26500.0], [102187.5, 6470.0], [102186.0, 25990.0], [102185.5, 7460.0], [102185.0, 4290.0], [102184.0, 14100.0], [102183.5, 38000.0], [102180.5, 9230.0], [102180.0, 11420.0], [102179.0, 25000.0], [102178.0, 490.0], [102177.5, 14970.0], [102176.0, 200.0]], "asks": [[102207.5, 156530.0], [102211.5, 6470.0], [102214.5, 39410.0], [102215.0, 208970.0], [102216.0, 72500.0], [102220.0, 35000.0], [102220.5, 25000.0], [102221.5, 38000.0], [102223.0, 45000.0], [102225.0, 9240.0], [102233.5, 19100.0], [102234.0, 26000.0], [102234.5, 38000.0], [102235.5, 4460.0], [102236.0, 14950.0], [102243.0, 4460.0], [102243.5, 14950.0], [102250.0, 15810.0], [102250.5, 14950.0], [102251.5, 38000.0]]}}}
{"jsonrpc": "2.0", "method": "subscription", "params": {"channel": "book.BTC-PERPETUAL.none.20.100ms", "data": {"timestamp": 1762997527169, "change_id": 126639752978, "instrument_name": "BTC-PERPETUAL", "bids": [[102207.0, 25400.0], [102200.0, 40.0], [102198.0, 72000.0], [102190.0, 28570.0], [102188.5, 26500.0], [102187.5, 6470.0], [102187.0, 25000.0], [102186.0, 25990.0], [102185.5, 7460.0], [102185.0, 4290.0], [102184.0, 14100.0], [102183.5, 38000.0], [102181.5, 9720.0], [102180.0, 4470.0], [102177.5, 14970.0], [102176.0, 200.0], [102174.5, 20240.0], [102174.0, 14880.0], [102172.5, 38000.0], [102170.5, 14930.0]], "asks": [[102207.5, 157220.0], [102209.0, 52400.0], [102209.5, 63500.0], [102210.5, 38000.0], [102211.5, 6470.0], [102214.0, 61610.0], [102215.0, 22700.0], [102216.0, 60000.0], [102217.5, 25000.0], [102220.0, 24780.0], [102220.5, 5000.0], [102221.5, 38000.0], [102223.0, 45000.0], [102233.0, 9240.0], [102233.5, 19100.0], [102234.0, 26000.0], [102234.5, 38000.0], [102235.5, 4460.0], [102236.0, 14950.0], [102243.0, 4460.0]]}}}
{"jsonrpc": "2.0", "method": "subscription", "params": {"channel": "book.BTC-PERPETUAL.none.20.100ms", "data": {"timestamp": 1762997527530, "change_id": 126639754037, "instrument_name": "BTC-PERPETUAL", "bids": [[102200.0, 40.0], [102197.0, 11000.0], [102191.5, 15000.0], [102190.5, 61000.0], [102185.0, 4290.0], [102184.0, 21030.0], [102183.5, 38000.0], [102181.0, 6470.0], [102180.0, 7100.0], [102176.0, 200.0], [102175.0, 34230.0], [102174.5, 20240.0], [102174.0, 14880.0], [102172.5, 38000.0], [102170.5, 14930.0], [102169.5, 3470.0], [102165.5, 11280.0], [102164.5, 15230.0], [102163.5, 14930.0], [102160.5, 38000.0]], "asks": [[102200.5, 202270.0], [102201.5, 10080.0], [102202.0, 62500.0], [102207.0, 21330.0], [102207.5, 67600.0], [102210.0, 28200.0], [102210.5, 38000.0], [102214.0, 95000.0], [102215.0, 10450.0], [102215.5, 10000.0], [102219.5, 9240.0], [102220.0, 37840.0], [102220.5, 5000.0], [102221.5, 38000.0], [102229.0, 14940.0], [102233.5, 17650.0], [102234.5, 38000.0], [102235.0, 26000.0], [102235.5, 4460.0], [102236.0, 14950.0]]}}}
{"jsonrpc": "2.0", "method": "subscription", "params": {"channel": "book.BTC-PERPETUAL.none.20.100ms", "data": {"timestamp": 1762997527856, "change_id": 126639755946, "instrument_name": "BTC-PERPETUAL", "bids": [[102200.0, 40.0], [102186.5, 61000.0], [102183.5, 26000.0], [102176.5, 6000.0], [102175.0, 26500.0], [102174.5, 29650.0], [102173.5, 25990.0], [102173.0, 45000.0], [102172.5, 38000.0], [102171.0, 25000.0], [102168.5, 10990.0], [102168.0, 7460.0], [102166.5, 9230.0], [102165.5, 6470.0], [102165.0, 14880.0], [102164.5, 15950.0], [102163.5, 14930.0], [102160.5, 38000.0], [102160.0, 10.0], [102155.5, 14950.0]], "asks": [[102200.5, 321170.0], [102201.5, 35080.0], [102202.0, 62500.0], [102204.0, 18720.0], [102205.5, 10000.0], [102207.5, 29300.0], [102210.0, 32240.0], [102210.5, 38000.0], [102213.5, 9240.0], [102214.0, 45000.0], [102220.5, 16340.0], [102221.5, 38000.0], [102225.0, 5000.0], [102226.0, 26000.0], [102229.0, 14940.0], [102231.0, 22600.0], [102233.5, 67080.0], [102234.5, 38000.0], [102235.5, 4460.0], [102236.0, 14950.0]]}}}
{"jsonrpc": "2.0", "method": "subscription", "params": {"channel": "book.BTC-PERPETUAL.none.20.100ms", "data": {"timestamp": 1762997528185, "change_id": 126639756441, "instrument_name": "BTC-PERPETUAL", "bids": [[102200.0, 15040.0], [102199.0, 10000.0], [102188.0, 50000.0], [102184.5, 11000.0], [102180.0, 11000.0], [102179.5, 7910.0], [102175.0, 26500.0], [102174.5, 29650.0], [102173.0, 45000.0], [102172.5, 44470.0], [102171.0, 25000.0], [102170.0, 490.0], [102169.5, 17790.0], [102169.0, 50100.0], [102168.0, 7460.0], [102165.0, 14880.0], [102164.5, 15950.0], [102163.5, 14930.0], [102160.5, 38000.0], [102160.0, 10.0]], "asks": [[102200.5, 313500.0], [102201.0, 62500.0], [102201.5, 10080.0], [102202.0, 62500.0], [102202.5, 50000.0], [102205.5, 10000.0], [102209.5, 9240.0], [102210.0, 32240.0], [102210.5, 38000.0], [102214.0, 45000.0], [102218.5, 7760.0], [102219.0, 26000.0], [102220.5, 11340.0], [102221.5, 38000.0], [102225.0, 5000.0], [102229.0, 14940.0], [102231.0, 25160.0], [102233.0, 31370.0], [102233.5, 67080.0], [102234.5, 38000.0]]}}}
{"jsonrpc": "2.0", "method": "subscription", "params": {"channel": "book.BTC-PERPETUAL.none.20.100ms", "data": {"timestamp": 1762997528517, "change_id": 126639757239, "instrument_name": "BTC-PERPETUAL", "bids": [[102200.0, 40.0], [102191.5, 15000.0], [102185.5, 11000.0], [102183.0, 50000.0], [102182.5, 26500.0], [102175.0, 11000.0], [102174.5, 29650.0], [102173.0, 45000.0], [102172.5, 38000.0], [102171.0, 25000.0], [102169.5, 17790.0], [102169.0, 14880.0], [102168.0, 7460.0], [102166.0, 25990.0], [102165.0, 9720.0], [102164.5, 15950.0], [102163.5, 14930.0], [102160.5, 38000.0], [102160.0, 10.0], [102155.5, 14950.0]], "asks": [[102200.5, 347250.0], [102201.0, 62500.0], [102201.5, 24360.0], [102202.0, 62500.0], [102202.5, 9200.0], [102204.5, 5000.0], [102205.0, 12230.0], [102205.5, 10000.0], [102210.0, 32240.0], [102210.5, 38000.0], [102214.0, 45000.0], [102218.5, 7760.0], [102219.0, 26000.0], [102220.5, 11340.0], [102221.5, 38000.0], [102225.0, 5000.0], [102229.0, 14940.0], [102231.0, 25160.0], [102234.5, 38000.0], [102235.5, 4460.0]]}}}
{"jsonrpc": "2.0", "method": "subscription", "params": {"channel": "book.BTC-PERPETUAL.none.20.100ms", "data": {"timestamp": 1762997528845, "change_id": 126639757942, "instrument_name": "BTC-PERPETUAL", "bids": [[102200.0, 40.0], [102191.5, 15000.0], [102183.5, 11000.0], [102182.5, 26500.0], [102175.0, 61000.0], [102174.5, 29650.0], [102173.0, 45000.0], [102172.5, 38000.0], [102171.0, 31470.0], [102169.5, 32740.0], [102169.0, 14880.0], [102168.0, 7460.0], [102165.5, 25990.0], [102165.0, 9230.0], [102164.5, 15950.0], [102164.0, 490.0], [102163.5, 14930.0], [102160.5, 38000.0], [102160.0, 10.0], [102155.5, 14950.0]], "asks": [[102200.5, 399670.0], [102201.0, 62500.0], [102201.5, 24360.0], [102202.0, 62500.0], [102202.5, 9200.0], [102204.5, 5000.0], [102205.0, 2990.0], [102209.5, 9240.0], [102210.0, 32240.0], [102210.5, 38000.0], [102214.0, 45000.0], [102218.5, 7760.0], [102219.0, 26000.0], [102220.5, 11340.0], [102221.5, 38000.0], [102225.0, 5000.0], [102229.0, 14940.0], [102231.0, 25160.0], [102234.5, 38000.0], [102235.5, 4460.0]]}}}
{"jsonrpc": "2.0", "method": "subscription", "params": {"channel": "book.BTC-PERPETUAL.none.20.100ms", "data": {"timestamp": 1762997529181, "change_id": 126639758548, "instrument_name": "BTC-PERPETUAL", "bids": [[102191.5, 25000.0], [102183.5, 11000.0], [102182.5, 26500.0], [102176.0, 50000.0], [102175.5, 11000.0], [102174.5, 29650.0], [102173.0, 45000.0], [102172.5, 38000.0], [102171.0, 6470.0], [102169.5, 13280.0], [102169.0, 14880.0], [102168.0, 7460.0], [102167.0, 25000.0], [102164.5, 24130.0], [102164.0, 35710.0], [102163.5, 14930.0], [102160.5, 38000.0], [102160.0, 10.0], [102156.0, 4460.0], [102155.5, 14950.0]], "asks": [[102192.0, 250300.0], [102193.5, 36570.0], [102194.0, 124110.0], [102198.0, 10000.0], [102198.5, 50000.0], [102200.0, 37090.0], [102200.5, 52960.0], [102202.5, 9200.0], [102204.5, 50000.0], [102209.0, 2760.0], [102209.5, 9240.0], [102210.0, 11340.0], [102210.5, 38000.0], [102217.5, 7760.0], [102219.5, 26010.0], [102220.0, 17300.0], [102220.5, 14950.0], [102221.5, 38000.0], [102225.0, 5000.0], [102228.5, 16440.0]]}}}
{"jsonrpc": "2.0", "method": "subscription", "params": {"channel": "book.BTC-PERPETUAL.none.20.100ms", "data": {"timestamp": 1762997529513, "change_id": 126639759346, "instrument_name": "BTC-PERPETUAL", "bids": [[102191.5, 25000.0], [102184.0, 61000.0], [102183.5, 11000.0], [102182.5, 26500.0], [102174.5, 29650.0], [102173.0, 45000.0], [102172.5, 63000.0], [102171.0, 6470.0], [102170.0, 25990.0], [102169.5, 16040.0], [102169.0, 14880.0], [102168.0, 7460.0], [102165.0, 490.0], [102164.5, 15950.0], [102163.5, 14930.0], [102160.5, 38000.0], [102160.0, 10.0], [102156.0, 4460.0], [102155.5, 14950.0], [102152.5, 600.0]], "asks": [[102192.0, 249300.0], [102193.5, 51160.0], [102194.0, 62500.0], [102198.0, 10000.0], [102199.5, 61610.0], [102200.0, 11080.0], [102201.5, 25000.0], [102202.5, 9200.0], [102204.5, 540.0], [102205.0, 17840.0], [102205.5, 50000.0], [102209.5, 9240.0], [102210.0, 23330.0], [102210.5, 38000.0], [102213.0, 45000.0], [102217.5, 7760.0], [102219.5, 26010.0], [102220.0, 17300.0], [102220.5, 14950.0], [102221.5, 38000.0]]}}}
{"jsonrpc": "2.0", "method": "subscription", "params": {"channel": "book.BTC-PERPETUAL.none.20.100ms", "data": {"timestamp": 1762997529851, "change_id": 126639760633, "instrument_name": "BTC-PERPETUAL", "bids": [[102175.0, 83000.0], [102173.5, 11000.0], [102164.5, 34810.0], [102162.5, 45000.0], [102160.5, 45410.0], [102160.0, 10.0], [102159.0, 14830.0], [102158.5, 25000.0], [102156.5, 490.0], [102156.0, 25990.0], [102155.5, 14950.0], [102153.5, 2950.0], [102153.0, 9230.0], [102152.5, 600.0], [102150.0, 19230.0], [102149.5, 14920.0], [102149.0, 100.0], [102148.0, 11260.0], [102145.0, 38000.0], [102144.5, 4170.0]], "asks": [[102175.5, 147400.0], [102176.0, 10000.0], [102178.5, 1930.0], [102179.0, 6470.0], [102180.5, 11340.0], [102181.0, 38000.0], [102191.5, 39910.0], [102192.0, 144370.0], [102195.0, 50000.0], [102195.5, 5740.0], [102196.0, 10000.0], [102197.5, 9240.0], [102200.0, 16250.0], [102202.5, 9200.0], [102204.0, 14940.0], [102204.5, 45000.0], [102205.0, 9060.0], [102205.5, 5000.0], [102209.5, 26000.0], [102210.0, 31030.0]]}}}
{"jsonrpc": "2.0", "method": "subscription", "params": {"channel": "book.BTC-PERPETUAL.none.20.100ms", "data": {"timestamp": 1762997530181, "change_id": 126639761174, "instrument_name": "BTC-PERPETUAL", "bids": [[102175.0, 213770.0], [102167.0, 6470.0], [102165.5, 16980.0], [102165.0, 50990.0], [102164.5, 34810.0], [102163.0, 9720.0], [102162.5, 45000.0], [102160.5, 45410.0], [102160.0, 10.0], [102156.0, 4460.0], [102155.5, 14950.0], [102152.5, 200.0], [102151.0, 5460.0], [102150.5, 18250.0], [102150.0, 38520.0], [102149.5, 14920.0], [102149.0, 100.0], [102148.0, 11260.0], [102147.5, 72850.0], [102145.0, 38000.0]], "asks": [[102175.5, 14080.0], [102178.5, 23340.0], [102179.0, 6470.0], [102180.0, 62500.0], [102180.5, 11340.0], [102181.0, 38000.0], [102185.5, 1000.0], [102191.0, 500.0], [102191.5, 55770.0], [102192.0, 80040.0], [102193.0, 50000.0], [102195.0, 71680.0], [102195.5, 10000.0], [102197.5, 25000.0], [102200.0, 16250.0], [102202.5, 9200.0], [102204.0, 14940.0], [102204.5, 54240.0], [102205.0, 1490.0], [102205.5, 5000.0]]}}}
{"jsonrpc": "2.0", "method": "subscription", "params": {"channel": "book.BTC-PERPETUAL.none.20.100ms", "data": {"timestamp": 1762997530511, "change_id": 126639762193, "instrument_name": "BTC-PERPETUAL", "bids": [[102178.0, 263640.0], [102176.0, 14800.0], [102175.0, 49590.0], [102172.0, 7760.0], [102171.5, 35220.0], [102168.0, 9390.0], [102167.0, 31470.0], [102164.5, 34810.0], [102162.5, 45000.0], [102160.5, 45410.0], [102160.0, 10.0], [102156.0, 4460.0], [102155.5, 14950.0], [102152.5, 200.0], [102151.0, 5460.0], [102150.5, 18250.0], [102150.0, 58880.0], [102149.5, 14920.0], [102149.0, 100.0], [102148.0, 11260.0]], "asks": [[102178.5, 3000.0], [102180.5, 11340.0], [102181.0, 38000.0], [102185.5, 1930.0], [102186.0, 6470.0], [102191.5, 23150.0], [102192.0, 77070.0], [102195.0, 17910.0], [102195.5, 10000.0], [102196.5, 50000.0], [102199.5, 500.0], [102200.0, 24730.0], [102202.0, 61610.0], [102202.5, 9200.0], [102203.0, 200.0], [102204.0, 14940.0], [102205.0, 7460.0], [102207.5, 25000.0], [102210.0, 27220.0], [102210.5, 38000.0]]}}}
{"jsonrpc": "2.0", "method": "subscription", "params": {"channel": "book.BTC-PERPETUAL.none.20.100ms", "data": {"timestamp": 1762997530834, "change_id": 126639762878, "instrument_name": "BTC-PERPETUAL", "bids": [[102178.0, 263640.0], [102176.0, 40790.0], [102175.5, 25000.0], [102175.0, 49100.0], [102170.0, 4830.0], [102169.5, 9720.0], [102167.0, 6470.0], [102164.5, 34810.0], [102163.5, 200.0], [102162.5, 45000.0], [102160.5, 45410.0], [102160.0, 10.0], [102156.0, 4460.0], [102155.5, 14950.0], [102154.0, 32750.0], [102153.5, 41250.0], [102150.5, 73540.0], [102150.0, 42060.0], [102149.5, 14920.0], [102149.0, 100.0]], "asks": [[102178.5, 3000.0], [102180.5, 11340.0], [102181.0, 38000.0], [102185.5, 4670.0], [102186.0, 16470.0], [102191.5, 12930.0], [102192.0, 43300.0], [102193.0, 10000.0], [102195.0, 17910.0], [102196.0, 500.0], [102196.5, 50000.0], [102200.0, 24730.0], [102202.5, 9200.0], [102203.0, 200.0], [102203.5, 61610.0], [102204.0, 14940.0], [102205.0, 7460.0], [102207.5, 25000.0], [102210.0, 27220.0], [102210.5, 38000.0]]}}}
{"jsonrpc": "2.0", "method": "subscription", "params": {"channel": "book.BTC-PERPETUAL.none.20.100ms", "data": {"timestamp": 1762997531170, "change_id": 126639763369, "instrument_name": "BTC-PERPETUAL", "bids": [[102178.0, 263640.0], [102176.5, 9230.0], [102176.0, 25990.0], [102173.5, 1930.0], [102173.0, 6470.0], [102170.5, 490.0], [102168.5, 9540.0], [102168.0, 25000.0], [102164.5, 34810.0], [102163.5, 200.0], [102162.5, 45000.0], [102160.5, 45410.0], [102160.0, 10.0], [102156.0, 4460.0], [102155.5, 14950.0], [102154.0, 32750.0], [102153.5, 41250.0], [102150.5, 73540.0], [102150.0, 42060.0], [102149.5, 14920.0]], "asks": [[102178.5, 3000.0], [102191.5, 12930.0], [102192.0, 43300.0], [102193.0, 10000.0], [102195.0, 17910.0], [102196.5, 50000.0], [102199.5, 500.0], [102200.0, 24730.0], [102202.5, 9200.0], [102203.0, 200.0], [102203.5, 61610.0], [102204.0, 14940.0], [102205.0, 7460.0], [102207.0, 25000.0], [102210.0, 27220.0], [102210.5, 38000.0], [102214.0, 59940.0], [102218.0, 2760.0], [102218.5, 9240.0], [102220.0, 17300.0]]}}}
{"jsonrpc": "2.0", "method": "subscription", "params": {"channel": "book.BTC-PERPETUAL.none.20.100ms", "data": {"timestamp": 1762997531502, "change_id": 126639764089, "instrument_name": "BTC-PERPETUAL", "bids": [[102178.0, 278340.0], [102174.5, 9690.0], [102174.0, 25990.0], [102173.5, 490.0], [102173.0, 6470.0], [102169.0, 10220.0], [102168.5, 34230.0], [102164.5, 34810.0], [102163.5, 200.0], [102162.5, 45000.0], [102160.5, 45410.0], [102160.0, 10.0], [102156.0, 4460.0], [102155.5, 14950.0], [102154.0, 32750.0], [102153.5, 41250.0], [102150.5, 73540.0], [102150.0, 77820.0], [102149.5, 14920.0], [102149.0, 100.0]], "asks": [[102178.5, 3000.0], [102191.5, 19400.0], [102192.0, 43300.0], [102193.0, 10000.0], [102195.0, 17910.0], [102196.5, 50000.0], [102199.5, 500.0], [102200.0, 49730.0], [102203.0, 200.0], [102203.5, 61610.0], [102204.0, 14940.0], [102210.0, 15800.0], [102210.5, 38000.0], [102211.0, 5000.0], [102213.5, 9240.0], [102214.0, 14940.0], [102220.0, 17300.0], [102220.5, 14950.0], [102221.5, 38000.0], [102224.5, 26000.0]]}}}
{"jsonrpc": "2.0", "method": "subscription", "params": {"channel": "book.BTC-PERPETUAL.none.20.100ms", "data": {"timestamp": 1762997531831, "change_id": 126639765248, "instrument_name": "BTC-PERPETUAL", "bids": [[102178.0, 118740.0], [102174.5, 50000.0], [102163.5, 32320.0], [102161.0, 25990.0], [102160.5, 45410.0], [102160.0, 10.0], [102159.0, 6470.0], [102158.0, 14830.0], [102157.5, 25000.0], [102156.5, 9230.0], [102155.5, 14950.0], [102154.5, 490.0], [102154.0, 32750.0], [102153.5, 41250.0], [102153.0, 45000.0], [102150.5, 73540.0], [102150.0, 78020.0], [102149.5, 14920.0], [102149.0, 100.0], [102148.5, 132790.0]], "asks": [[102178.5, 36040.0], [102184.0, 490.0], [102187.5, 22390.0], [102188.0, 25000.0], [102190.0, 50000.0], [102191.0, 49230.0], [102191.5, 10000.0], [102192.0, 38000.0], [102194.0, 61610.0], [102194.5, 45000.0], [102199.0, 2760.0], [102199.5, 9240.0], [102200.0, 4520.0], [102203.0, 200.0], [102204.0, 14940.0], [102209.5, 7760.0], [102210.0, 49040.0], [102210.5, 38000.0], [102211.0, 5000.0], [102214.0, 14940.0]]}}}
{"jsonrpc": "2.0", "method": "subscription", "params": {"channel": "book.BTC-PERPETUAL.none.20.100ms", "data": {"timestamp": 1762997532160, "change_id": 126639765708, "instrument_name": "BTC-PERPETUAL", "bids": [[102178.0, 180320.0], [102166.5, 9390.0], [102166.0, 25000.0], [102164.5, 27000.0], [102164.0, 35220.0], [102163.5, 32020.0], [102162.5, 45000.0], [102160.5, 45410.0], [102160.0, 10.0], [102156.0, 4460.0], [102155.5, 14950.0], [102154.0, 32750.0], [102153.5, 41250.0], [102150.5, 73540.0], [102150.0, 78020.0], [102149.5, 14920.0], [102149.0, 100.0], [102148.5, 132790.0], [102148.0, 11260.0], [102147.0, 14910.0]], "asks": [[102178.5, 3000.0], [102179.5, 1930.0], [102184.5, 6470.0], [102187.5, 1880.0], [102190.0, 19630.0], [102191.0, 10000.0], [102192.0, 38000.0], [102195.0, 33460.0], [102195.5, 50000.0], [102199.5, 62110.0], [102200.0, 20130.0], [102203.0, 200.0], [102204.0, 14940.0], [102204.5, 45000.0], [102206.0, 7460.0], [102206.5, 25000.0], [102209.0, 9240.0], [102210.0, 23040.0], [102210.5, 38000.0], [102211.0, 5000.0]]}}}
{"jsonrpc": "2.0", "method": "subscription", "params": {"channel": "book.BTC-PERPETUAL.none.20.100ms", "data": {"timestamp": 1762997532459, "change_id": 126639766397, "instrument_name": "BTC-PERPETUAL", "bids": [[102178.0, 206820.0], [102172.5, 10180.0], [102172.0, 25990.0], [102171.5, 6470.0], [102167.5, 10220.0], [102167.0, 34230.0], [102163.5, 32020.0], [102162.5, 45000.0], [102160.5, 45610.0], [102160.0, 10.0], [102156.0, 4460.0], [102155.5, 14950.0], [102150.0, 23680.0], [102149.5, 14920.0], [102149.0, 100.0], [102148.0, 11260.0], [102147.0, 14910.0], [102145.0, 38000.0], [102141.0, 18380.0], [102140.5, 61570.0]], "asks": [[102178.5, 3000.0], [102183.0, 2990.0], [102183.5, 10000.0], [102187.5, 1880.0], [102190.0, 19630.0], [102190.5, 6470.0], [102191.0, 10000.0], [102192.0, 38000.0], [102194.5, 500.0], [102195.0, 33460.0], [102195.5, 50000.0], [102199.5, 61610.0], [102200.0, 20130.0], [102203.0, 200.0], [102204.0, 14940.0], [102204.5, 45000.0], [102206.0, 7460.0], [102206.5, 25000.0], [102209.0, 9240.0], [102210.0, 15800.0]]}}}
{"jsonrpc": "2.0", "method": "subscription", "params": {"channel": "book.BTC-PERPETUAL.none.20.100ms", "data": {"timestamp": 1762997532815, "change_id": 126639766980, "instrument_name": "BTC-PERPETUAL", "bids": [[102178.0, 206820.0], [102173.0, 490.0], [102172.5, 9440.0], [102172.0, 25990.0], [102171.5, 6470.0], [102167.5, 10220.0], [102167.0, 34230.0], [102163.5, 32020.0], [102162.5, 45000.0], [102160.5, 45610.0], [102160.0, 10.0], [102156.0, 4460.0], [102155.5, 14950.0], [102150.0, 23680.0], [102149.5, 14920.0], [102149.0, 100.0], [102148.0, 11260.0], [102147.0, 14910.0], [102145.0, 38000.0], [102140.5, 61570.0]], "asks": [[102178.5, 3080.0], [102184.0, 2990.0], [102184.5, 10000.0], [102187.5, 4330.0], [102189.5, 10000.0], [102190.0, 19630.0], [102190.5, 6470.0], [102192.0, 38000.0], [102194.5, 500.0], [102195.0, 33460.0], [102195.5, 50000.0], [102199.5, 61610.0], [102200.0, 20130.0], [102203.0, 200.0], [102204.0, 14940.0], [102204.5, 45000.0], [102206.0, 7460.0], [102206.5, 25000.0], [102209.0, 9240.0], [102210.0, 15800.0]]}}}
{"jsonrpc": "2.0", "method": "subscription", "params": {"channel": "book.BTC-PERPETUAL.none.20.100ms", "data": {"timestamp": 1762997533153, "change_id": 126639767548, "instrument_name": "BTC-PERPETUAL", "bids": [[102178.0, 295210.0], [102173.5, 48600.0], [102173.0, 12650.0], [102172.5, 34230.0], [102171.5, 6470.0], [102163.5, 32020.0], [102162.5, 45000.0], [102160.5, 45610.0], [102160.0, 10.0], [102156.0, 4460.0], [102155.5, 14950.0], [102154.0, 67120.0], [102151.0, 73540.0], [102150.0, 23680.0], [102149.5, 14920.0], [102149.0, 100.0], [102148.5, 61570.0], [102148.0, 11260.0], [102147.0, 14910.0], [102146.5, 132400.0]], "asks": [[102178.5, 3080.0], [102186.5, 2990.0], [102189.5, 10000.0], [102190.0, 14330.0], [102191.0, 6470.0], [102192.0, 38000.0], [102195.0, 15070.0], [102197.5, 50000.0], [102199.5, 500.0], [102200.0, 22330.0], [102200.5, 5300.0], [102203.0, 200.0], [102203.5, 61610.0], [102204.0, 14940.0], [102210.0, 15800.0], [102210.5, 38000.0], [102213.0, 45000.0], [102213.5, 25000.0], [102214.0, 14940.0], [102219.5, 9240.0]]}}}
{"jsonrpc": "2.0", "method": "subscription", "params": {"channel": "book.BTC-PERPETUAL.none.20.100ms", "data": {"timestamp": 1762997533474, "change_id": 126639768201, "instrument_name": "BTC-PERPETUAL", "bids": [[102178.0, 269220.0], [102174.5, 490.0], [102174.0, 25990.0], [102173.0, 12150.0], [102172.5, 9230.0], [102171.5, 6470.0], [102170.0, 25000.0], [102163.5, 32020.0], [102162.5, 45000.0], [102160.5, 45610.0], [102160.0, 10.0], [102156.0, 4460.0], [102155.5, 14950.0], [102154.0, 67120.0], [102151.0, 73540.0], [102150.0, 23680.0], [102149.5, 14920.0], [102149.0, 100.0], [102148.5, 61570.0], [102148.0, 11260.0]], "asks": [[102178.5, 3080.0], [102185.5, 2990.0], [102189.5, 10000.0], [102190.0, 14330.0], [102191.0, 6470.0], [102192.0, 38000.0], [102193.0, 5300.0], [102195.0, 15070.0], [102197.0, 500.0], [102197.5, 50000.0], [102200.0, 22330.0], [102203.0, 200.0], [102203.5, 61610.0], [102204.0, 39940.0], [102208.5, 1490.0], [102209.0, 5000.0], [102210.0, 15800.0], [102210.5, 38000.0], [102213.0, 45000.0], [102214.0, 14940.0]]}}}
{"jsonrpc": "2.0", "method": "subscription", "params": {"channel": "book.BTC-PERPETUAL.none.20.100ms", "data": {"timestamp": 1762997533808, "change_id": 126639768938, "instrument_name": "BTC-PERPETUAL", "bids": [[102178.0, 206420.0], [102165.5, 1930.0], [102165.0, 6470.0], [102164.0, 25990.0], [102163.5, 32020.0], [102162.5, 45000.0], [102161.0, 9720.0], [102160.5, 45610.0], [102160.0, 10.0], [102158.0, 11930.0], [102157.5, 25000.0], [102155.5, 14950.0], [102154.0, 67120.0], [102151.0, 73540.0], [102150.0, 23680.0], [102149.5, 14920.0], [102149.0, 100.0], [102148.0, 11260.0], [102147.0, 14910.0], [102145.0, 38000.0]], "asks": [[102178.5, 13230.0], [102184.5, 1930.0], [102185.0, 6970.0], [102190.0, 45900.0], [102191.0, 10000.0], [102192.0, 38000.0], [102193.0, 66910.0], [102194.5, 50000.0], [102201.5, 25410.0], [102202.0, 45000.0], [102203.0, 200.0], [102203.5, 34240.0], [102204.0, 14940.0], [102208.5, 1490.0], [102209.0, 5000.0], [102210.0, 15800.0], [102210.5, 38000.0], [102213.5, 26000.0], [102214.0, 14940.0], [102220.0, 17300.0]]}}}
{"jsonrpc": "2.0", "method": "subscription", "params": {"channel": "book.BTC-PERPETUAL.none.20.100ms", "data": {"timestamp": 1762997534144, "change_id": 126639769233, "instrument_name": "BTC-PERPETUAL", "bids": [[102178.0, 206420.0], [102165.5, 1930.0], [102165.0, 6470.0], [102164.0, 26480.0], [102163.5, 32020.0], [102162.5, 45000.0], [102161.5, 9230.0], [102160.5, 45610.0], [102160.0, 25010.0], [102158.0, 4460.0], [102155.5, 14950.0], [102150.0, 23680.0], [102149.5, 14920.0], [102149.0, 100.0], [102148.0, 11260.0], [102147.5, 73540.0], [102147.0, 14910.0], [102145.0, 38000.0], [102140.0, 4450.0], [102139.5, 14920.0]], "asks": [[102178.5, 80930.0], [102184.5, 1930.0], [102185.0, 6470.0], [102189.5, 500.0], [102190.0, 45900.0], [102190.5, 25000.0], [102191.0, 10000.0], [102192.0, 38000.0], [102193.0, 61610.0], [102194.5, 50000.0], [102201.5, 25410.0], [102202.0, 45000.0], [102203.0, 9440.0], [102204.0, 14940.0], [102208.5, 1490.0], [102209.0, 5000.0], [102210.0, 15800.0], [102210.5, 38000.0], [102213.5, 26000.0], [102214.0, 14940.0]]}}}
{"jsonrpc": "2.0", "method": "subscription", "params": {"channel": "book.BTC-PERPETUAL.none.20.100ms", "data": {"timestamp": 1762997534474, "change_id": 126639770011, "instrument_name": "BTC-PERPETUAL", "bids": [[102178.0, 112430.0], [102165.5, 50000.0], [102165.0, 6470.0], [102163.5, 10700.0], [102163.0, 25990.0], [102161.5, 9230.0], [102160.5, 33910.0], [102160.0, 10.0], [102159.5, 23270.0], [102159.0, 25000.0], [102156.0, 38000.0], [102155.5, 14950.0], [102154.0, 45000.0], [102150.0, 23680.0], [102149.5, 14920.0], [102148.0, 11260.0], [102147.0, 14910.0], [102146.0, 200.0], [102145.0, 38000.0], [102140.0, 4450.0]], "asks": [[102178.5, 93200.0], [102184.5, 1930.0], [102185.0, 6470.0], [102188.5, 500.0], [102189.0, 18390.0], [102189.5, 61610.0], [102190.0, 45900.0], [102190.5, 25000.0], [102191.0, 10000.0], [102192.0, 38000.0], [102194.0, 45000.0], [102194.5, 50000.0], [102201.5, 7280.0], [102203.0, 9440.0], [102204.0, 14940.0], [102209.0, 7760.0], [102209.5, 26000.0], [102210.0, 15800.0], [102210.5, 38000.0], [102214.0, 14940.0]]}}}
{"jsonrpc": "2.0", "method": "subscription", "params": {"channel": "book.BTC-PERPETUAL.none.20.100ms", "data": {"timestamp": 1762997534803, "change_id": 126639770741, "instrument_name": "BTC-PERPETUAL", "bids": [[102178.0, 158430.0], [102166.5, 5210.0], [102166.0, 11000.0], [102165.0, 6470.0], [102164.5, 20780.0], [102162.0, 25990.0], [102161.0, 490.0], [102160.5, 33910.0], [102160.0, 10.0], [102159.5, 23270.0], [102157.5, 25000.0], [102156.5, 9230.0], [102156.0, 38000.0], [102155.5, 14950.0], [102154.5, 13440.0], [102154.0, 45000.0], [102150.0, 23680.0], [102149.5, 14920.0], [102148.0, 11260.0], [102147.0, 14910.0]], "asks": [[102178.5, 99670.0], [102179.5, 540.0], [102184.0, 2990.0], [102184.5, 10000.0], [102185.0, 33320.0], [102185.5, 500.0], [102189.0, 61610.0], [102189.5, 50000.0], [102190.0, 32300.0], [102190.5, 25000.0], [102192.0, 38000.0], [102192.5, 200.0], [102194.0, 45000.0], [102201.5, 7280.0], [102203.0, 14240.0], [102204.0, 14940.0], [102210.0, 41800.0], [102210.5, 38000.0], [102214.0, 14940.0], [102220.0, 17300.0]]}}}
{"jsonrpc": "2.0", "method": "subscription", "params": {"channel": "book.BTC-PERPETUAL.none.20.100ms", "data": {"timestamp": 1762997535128, "change_id": 126639771216, "instrument_name": "BTC-PERPETUAL", "bids": [[102178.0, 195430.0], [102169.0, 9420.0], [102165.0, 32460.0], [102164.5, 22110.0], [102162.5, 9230.0], [102162.0, 45000.0], [102161.5, 490.0], [102160.5, 7410.0], [102160.0, 10.0], [102159.5, 15810.0], [102156.0, 38000.0], [102155.5, 14950.0], [102154.5, 25000.0], [102150.0, 23680.0], [102149.5, 14920.0], [102148.0, 11260.0], [102147.0, 14910.0], [102146.0, 200.0], [102145.0, 38000.0], [102140.0, 4450.0]], "asks": [[102178.5, 99670.0], [102182.0, 3210.0], [102184.0, 2990.0], [102184.5, 10500.0], [102185.0, 18540.0], [102189.0, 61610.0], [102190.0, 32300.0], [102190.5, 25000.0], [102192.0, 38000.0], [102192.5, 200.0], [102194.0, 45000.0], [102195.0, 50000.0], [102195.5, 1000.0], [102201.5, 7280.0], [102203.0, 14240.0], [102204.0, 14940.0], [102210.0, 15800.0], [102210.5, 38000.0], [102213.5, 26000.0], [102214.0, 14940.0]]}}}
{"jsonrpc": "2.0", "method": "subscription", "params": {"channel": "book.BTC-PERPETUAL.none.20.100ms", "data": {"timestamp": 1762997535464, "change_id": 126639772195, "instrument_name": "BTC-PERPETUAL", "bids": [[102178.0, 15180.0], [102170.0, 50000.0], [102169.5, 21000.0], [102161.0, 11000.0], [102160.0, 10.0], [102159.5, 15810.0], [102158.5, 6470.0], [102156.0, 38000.0], [102155.5, 14950.0], [102153.0, 22730.0], [102152.5, 45000.0], [102150.5, 25990.0], [102150.0, 33120.0], [102149.5, 14920.0], [102148.5, 9230.0], [102148.0, 36260.0], [102147.0, 22330.0], [102146.0, 200.0], [102145.0, 38000.0], [102140.0, 4450.0]], "asks": [[102178.5, 165830.0], [102179.0, 56360.0], [102182.0, 3210.0], [102183.5, 50000.0], [102184.0, 10000.0], [102185.5, 10220.0], [102188.5, 34240.0], [102190.0, 32300.0], [102192.0, 38000.0], [102194.0, 45000.0], [102197.5, 7760.0], [102200.0, 26000.0], [102202.5, 5950.0], [102203.0, 5000.0], [102204.0, 14940.0], [102210.0, 15800.0], [102210.5, 38000.0], [102214.0, 14940.0], [102220.0, 17300.0], [102220.5, 14950.0]]}}}
{"jsonrpc": "2.0", "method": "subscription", "params": {"channel": "book.BTC-PERPETUAL.none.20.100ms", "data": {"timestamp": 1762997535797, "change_id": 126639772743, "instrument_name": "BTC-PERPETUAL", "bids": [[102178.0, 15180.0], [102170.5, 11000.0], [102162.0, 50000.0], [102161.5, 26500.0], [102160.0, 11010.0], [102159.5, 15810.0], [102158.5, 6470.0], [102156.0, 38000.0], [102155.5, 14950.0], [102153.5, 7770.0], [102151.5, 25990.0], [102150.0, 33120.0], [102149.5, 14920.0], [102149.0, 490.0], [102148.5, 9230.0], [102148.0, 25000.0], [102147.0, 22330.0], [102146.0, 200.0], [102145.0, 38000.0], [102143.5, 45000.0]], "asks": [[102178.5, 196040.0], [102179.0, 56360.0], [102182.0, 3210.0], [102182.5, 10000.0], [102183.5, 50000.0], [102185.5, 1490.0], [102186.0, 5000.0], [102190.0, 32300.0], [102191.5, 9240.0], [102192.0, 38000.0], [102194.0, 45000.0], [102202.0, 12220.0], [102202.5, 26000.0], [102204.0, 14940.0], [102210.0, 15800.0], [102210.5, 38000.0], [102214.0, 14940.0], [102220.0, 17300.0], [102220.5, 14950.0], [102221.5, 38000.0]]}}}
{"jsonrpc": "2.0", "method": "subscription", "params": {"channel": "book.BTC-PERPETUAL.none.20.100ms", "data": {"timestamp": 1762997536126, "change_id": 126639774399, "instrument_name": "BTC-PERPETUAL", "bids": [[102162.5, 11000.0], [102160.0, 10.0], [102154.5, 50000.0], [102150.0, 40.0], [102146.0, 11000.0], [102145.0, 38000.0], [102143.0, 23820.0], [102142.5, 6470.0], [102142.0, 26500.0], [102141.0, 22330.0], [102140.5, 25990.0], [102140.0, 11400.0], [102139.5, 14920.0], [102136.5, 25000.0], [102135.0, 200.0], [102134.5, 29240.0], [102134.0, 54720.0], [102133.0, 38000.0], [102130.0, 14950.0], [102128.0, 100.0]], "asks": [[102163.0, 218970.0], [102166.0, 70070.0], [102171.5, 50000.0], [102178.5, 244420.0], [102179.0, 38000.0], [102181.5, 3940.0], [102182.0, 13210.0], [102185.0, 1490.0], [102186.0, 5000.0], [102189.5, 26000.0], [102190.0, 19400.0], [102192.0, 38000.0], [102194.5, 14950.0], [102202.0, 4460.0], [102204.0, 14940.0], [102207.0, 73580.0], [102209.5, 2560.0], [102210.0, 15800.0], [102210.5, 38000.0], [102212.0, 22440.0]]}}}
{"jsonrpc": "2.0", "method": "subscription", "params": {"channel": "book.BTC-PERPETUAL.none.20.100ms", "data": {"timestamp": 1762997536451, "change_id": 126639775623, "instrument_name": "BTC-PERPETUAL", "bids": [[102161.0, 25000.0], [102160.0, 10.0], [102155.5, 11000.0], [102155.0, 61000.0], [102150.0, 40.0], [102145.5, 11340.0], [102145.0, 38000.0], [102143.0, 16510.0], [102142.5, 6470.0], [102142.0, 26500.0], [102141.5, 25990.0], [102141.0, 22330.0], [102140.0, 4660.0], [102139.5, 14920.0], [102138.5, 25000.0], [102136.0, 9230.0], [102135.0, 690.0], [102134.5, 29240.0], [102134.0, 45000.0], [102133.0, 38000.0]], "asks": [[102161.5, 190110.0], [102163.0, 100400.0], [102164.5, 3440.0], [102165.5, 25000.0], [102166.0, 72300.0], [102169.5, 50000.0], [102171.0, 61610.0], [102172.0, 29170.0], [102178.5, 109340.0], [102179.0, 38000.0], [102180.5, 5740.0], [102181.0, 9240.0], [102181.5, 10000.0], [102185.0, 1490.0], [102186.0, 5000.0], [102190.0, 19400.0], [102191.5, 26000.0], [102192.0, 38000.0], [102194.0, 5000.0], [102194.5, 14950.0]]}}}
{"jsonrpc": "2.0", "method": "subscription", "params": {"channel": "book.BTC-PERPETUAL.none.20.100ms", "data": {"timestamp": 1762997536789, "change_id": 126639776201, "instrument_name": "BTC-PERPETUAL", "bids": [[102161.0, 15000.0], [102160.0, 10.0], [102156.0, 11000.0], [102150.5, 26500.0], [102150.0, 40.0], [102146.5, 11000.0], [102143.5, 50000.0], [102142.5, 6470.0], [102141.0, 22330.0], [102139.5, 33100.0], [102139.0, 25000.0], [102135.5, 9230.0], [102135.0, 26680.0], [102134.5, 29240.0], [102134.0, 45000.0], [102133.0, 38000.0], [102130.0, 14950.0], [102128.0, 100.0], [102126.0, 3480.0], [102125.5, 11260.0]], "asks": [[102161.5, 190110.0], [102163.0, 100400.0], [102164.0, 61610.0], [102164.5, 3440.0], [102165.5, 25000.0], [102166.0, 72300.0], [102169.5, 50000.0], [102170.0, 10000.0], [102178.5, 109340.0], [102179.0, 38000.0], [102180.0, 2760.0], [102180.5, 9240.0], [102185.0, 1490.0], [102185.5, 26000.0], [102190.0, 19400.0], [102192.0, 38000.0], [102194.0, 5000.0], [102194.5, 14950.0], [102202.0, 4460.0], [102204.0, 14940.0]]}}}
{"jsonrpc": "2.0", "method": "subscription", "params": {"channel": "book.BTC-PERPETUAL.none.20.100ms", "data": {"timestamp": 1762997537122, "change_id": 126639777057, "instrument_name": "BTC-PERPETUAL", "bids": [[102160.0, 3500.0], [102156.5, 11000.0], [102152.5, 50000.0], [102152.0, 11000.0], [102150.0, 40.0], [102146.0, 15000.0], [102142.5, 6470.0], [102141.0, 22330.0], [102140.0, 25990.0], [102139.5, 24470.0], [102139.0, 25000.0], [102136.5, 9230.0], [102136.0, 490.0], [102134.5, 29240.0], [102134.0, 71500.0], [102133.0, 38000.0], [102130.0, 14950.0], [102128.0, 100.0], [102126.0, 3480.0], [102125.5, 11260.0]], "asks": [[102160.5, 177010.0], [102161.0, 59770.0], [102161.5, 63530.0], [102162.0, 62400.0], [102163.0, 38000.0], [102164.5, 3440.0], [102165.5, 43100.0], [102166.0, 9900.0], [102167.5, 25000.0], [102169.0, 61610.0], [102169.5, 50000.0], [102170.0, 10000.0], [102177.5, 9240.0], [102178.0, 24780.0], [102178.5, 45000.0], [102179.0, 38000.0], [102189.0, 14940.0], [102189.5, 26000.0], [102190.0, 19400.0], [102192.0, 38000.0]]}}}
{"jsonrpc": "2.0", "method": "subscription", "params": {"channel": "book.BTC-PERPETUAL.none.20.100ms", "data": {"timestamp": 1762997537446, "change_id": 126639777776, "instrument_name": "BTC-PERPETUAL", "bids": [[102160.0, 18500.0], [102156.0, 11000.0], [102153.5, 61000.0], [102150.0, 40.0], [102142.5, 6470.0], [102142.0, 22330.0], [102141.5, 26500.0], [102141.0, 22330.0], [102140.0, 40810.0], [102139.5, 14920.0], [102139.0, 25000.0], [102137.0, 490.0], [102136.5, 9230.0], [102134.5, 29240.0], [102134.0, 45000.0], [102133.0, 38000.0], [102130.0, 14950.0], [102128.0, 100.0], [102126.0, 3480.0], [102125.5, 11260.0]], "asks": [[102160.5, 177510.0], [102161.0, 59770.0], [102161.5, 62400.0], [102162.0, 62400.0], [102163.0, 38000.0], [102164.5, 3440.0], [102165.5, 43100.0], [102166.0, 9900.0], [102167.0, 86610.0], [102169.5, 50000.0], [102170.0, 10000.0], [102175.5, 5000.0], [102178.0, 24780.0], [102178.5, 54240.0], [102179.0, 38000.0], [102189.0, 14940.0], [102189.5, 26000.0], [102190.0, 19400.0], [102192.0, 38000.0], [102194.0, 5000.0]]}}}
{"jsonrpc": "2.0", "method": "subscription", "params": {"channel": "book.BTC-PERPETUAL.none.20.100ms", "data": {"timestamp": 1762997537779, "change_id": 126639778174, "instrument_name": "BTC-PERPETUAL", "bids": [[102160.0, 15010.0], [102154.5, 61000.0], [102154.0, 11000.0], [102150.0, 40.0], [102149.0, 26500.0], [102142.5, 6470.0], [102142.0, 6670.0], [102141.0, 22330.0], [102140.0, 20680.0], [102139.5, 40910.0], [102139.0, 25000.0], [102135.5, 490.0], [102135.0, 9230.0], [102134.5, 29240.0], [102134.0, 45000.0], [102133.0, 38000.0], [102130.0, 14950.0], [102128.0, 100.0], [102126.0, 3480.0], [102125.5, 11260.0]], "asks": [[102160.5, 177510.0], [102161.0, 59770.0], [102161.5, 62400.0], [102162.0, 62400.0], [102163.0, 38000.0], [102164.0, 61610.0], [102164.5, 3440.0], [102165.5, 28330.0], [102166.0, 9900.0], [102166.5, 35000.0], [102169.5, 50000.0], [102175.5, 5000.0], [102178.0, 24780.0], [102178.5, 54240.0], [102179.0, 38000.0], [102189.0, 14940.0], [102189.5, 26000.0], [102190.0, 19400.0], [102192.0, 38000.0], [102194.0, 5000.0]]}}}
{"jsonrpc": "2.0", "method": "subscription", "params": {"channel": "book.BTC-PERPETUAL.none.20.100ms", "data": {"timestamp": 1762997538103, "change_id": 126639778726, "instrument_name": "BTC-PERPETUAL", "bids": [[102160.0, 15010.0], [102157.5, 11000.0], [102157.0, 10000.0], [102155.5, 61000.0], [102150.0, 40.0], [102149.0, 26500.0], [102143.0, 16350.0], [102142.5, 6470.0], [102141.5, 25990.0], [102141.0, 22330.0], [102140.0, 14820.0], [102139.5, 14920.0], [102139.0, 25000.0], [102138.0, 490.0], [102136.0, 9230.0], [102134.5, 29240.0], [102134.0, 45000.0], [102133.0, 38000.0], [102130.0, 14950.0], [102128.0, 100.0]], "asks": [[102160.5, 177510.0], [102161.0, 39410.0], [102162.5, 62400.0], [102163.0, 38000.0], [102164.5, 3440.0], [102165.0, 46720.0], [102165.5, 61610.0], [102166.0, 9900.0], [102166.5, 35000.0], [102169.5, 50000.0], [102175.5, 5000.0], [102178.0, 34020.0], [102178.5, 45000.0], [102179.0, 38000.0], [102189.0, 14940.0], [102189.5, 26000.0], [102190.0, 19400.0], [102192.0, 38000.0], [102194.0, 5000.0], [102194.5, 14950.0]]}}}
{"jsonrpc": "2.0", "method": "subscription", "params": {"channel": "book.BTC-PERPETUAL.none.20.100ms", "data": {"timestamp": 1762997538437, "change_id": 126639779330, "instrument_name": "BTC-PERPETUAL", "bids": [[102160.0, 15010.0], [102156.5, 11000.0], [102156.0, 50000.0], [102150.0, 40.0], [102149.5, 11000.0], [102149.0, 26500.0], [102142.5, 6470.0], [102141.0, 22330.0], [102140.0, 20680.0], [102139.5, 14920.0], [102137.0, 490.0], [102136.5, 25990.0], [102136.0, 9230.0], [102135.0, 25000.0], [102134.5, 29240.0], [102134.0, 45000.0], [102133.0, 38000.0], [102130.0, 14950.0], [102126.0, 3480.0], [102125.5, 11260.0]], "asks": [[102160.5, 177510.0], [102161.0, 39410.0], [102162.5, 62400.0], [102163.0, 38000.0], [102164.5, 3440.0], [102165.0, 71720.0], [102165.5, 61610.0], [102166.0, 9900.0], [102166.5, 60000.0], [102177.5, 9240.0], [102178.0, 24780.0], [102178.5, 45000.0], [102179.0, 38000.0], [102189.0, 14940.0], [102189.5, 26000.0], [102190.0, 19400.0], [102192.0, 38000.0], [102194.0, 5000.0], [102194.5, 14950.0], [102202.0, 4460.0]]}}}
{"jsonrpc": "2.0", "method": "subscription", "params": {"channel": "book.BTC-PERPETUAL.none.20.100ms", "data": {"timestamp": 1762997538774, "change_id": 126639779738, "instrument_name": "BTC-PERPETUAL", "bids": [[102160.0, 25010.0], [102158.0, 50000.0], [102157.5, 22000.0], [102150.0, 40.0], [102149.0, 26500.0], [102142.5, 6470.0], [102141.5, 14420.0], [102141.0, 22330.0], [102140.0, 41300.0], [102139.5, 14920.0], [102136.0, 9230.0], [102135.0, 25000.0], [102134.5, 29240.0], [102134.0, 45000.0], [102133.0, 38000.0], [102130.0, 14950.0], [102126.0, 3480.0], [102125.5, 11260.0], [102125.0, 5160.0], [102121.0, 14940.0]], "asks": [[102160.5, 177510.0], [102161.0, 39410.0], [102162.5, 62400.0], [102163.0, 38000.0], [102164.5, 3440.0], [102165.0, 71720.0], [102165.5, 61610.0], [102166.0, 9900.0], [102166.5, 60000.0], [102172.5, 1490.0], [102173.0, 5000.0], [102177.5, 9240.0], [102178.0, 24780.0], [102178.5, 45000.0], [102179.0, 38000.0], [102189.0, 14940.0], [102189.5, 26000.0], [102190.0, 19400.0], [102192.0, 38000.0], [102194.0, 5000.0]]}}}
{"jsonrpc": "2.0", "method": "subscription", "params": {"channel": "book.BTC-PERPETUAL.none.20.100ms", "data": {"timestamp": 1762997539103, "change_id": 126639780336, "instrument_name": "BTC-PERPETUAL", "bids": [[102160.0, 104010.0], [102150.0, 40.0], [102149.5, 7910.0], [102149.0, 26500.0], [102148.5, 6470.0], [102144.5, 490.0], [102144.0, 44030.0], [102143.5, 38000.0], [102143.0, 35220.0], [102142.5, 45000.0], [102142.0, 25000.0], [102141.0, 22330.0], [102140.0, 4450.0], [102139.5, 14920.0], [102133.0, 38000.0], [102131.5, 200.0], [102130.0, 14950.0], [102126.0, 3480.0], [102125.5, 11260.0], [102125.0, 5160.0]], "asks": [[102160.5, 176810.0], [102161.0, 53080.0], [102162.5, 62400.0], [102163.0, 38000.0], [102164.5, 40040.0], [102165.0, 17490.0], [102166.0, 3430.0], [102171.5, 700.0], [102172.0, 19880.0], [102175.0, 61610.0], [102175.5, 39700.0], [102178.5, 95000.0], [102179.0, 43000.0], [102183.0, 7460.0], [102183.5, 25000.0], [102188.0, 7220.0], [102188.5, 9240.0], [102189.0, 14940.0], [102190.0, 19400.0], [102192.0, 38000.0]]}}}
{"jsonrpc": "2.0", "method": "subscription", "params": {"channel": "book.BTC-PERPETUAL.none.20.100ms", "data": {"timestamp": 1762997539349, "change_id": 126639780779, "instrument_name": "BTC-PERPETUAL", "bids": [[102160.0, 130510.0], [102150.0, 40.0], [102149.5, 1930.0], [102148.5, 6470.0], [102144.5, 26480.0], [102144.0, 44030.0], [102143.5, 38000.0], [102143.0, 9230.0], [102142.5, 45000.0], [102142.0, 25000.0], [102141.0, 22330.0], [102140.0, 4450.0], [102139.5, 14920.0], [102133.0, 38000.0], [102131.5, 200.0], [102130.0, 14950.0], [102126.0, 3480.0], [102125.5, 11260.0], [102125.0, 5160.0], [102121.0, 14940.0]], "asks": [[102160.5, 178160.0], [102161.0, 53080.0], [102162.5, 62400.0], [102163.0, 38000.0], [102164.5, 3440.0], [102165.0, 17490.0], [102166.0, 3430.0], [102170.5, 500.0], [102171.0, 31150.0], [102171.5, 200.0], [102175.0, 111610.0], [102175.5, 39700.0], [102178.5, 45000.0], [102179.0, 68000.0], [102188.0, 7220.0], [102188.5, 9240.0], [102189.0, 14940.0], [102190.0, 19400.0], [102192.0, 38000.0], [102193.5, 26000.0]]}}}
{"jsonrpc": "2.0", "method": "subscription", "params": {"channel": "book.BTC-PERPETUAL.none.20.100ms", "data": {"timestamp": 1762997539767, "change_id": 126639781227, "instrument_name": "BTC-PERPETUAL", "bids": [[102160.0, 93010.0], [102151.5, 26500.0], [102150.0, 11040.0], [102149.5, 1930.0], [102148.5, 6470.0], [102144.0, 44030.0], [102143.5, 63990.0], [102143.0, 490.0], [102142.5, 45000.0], [102141.0, 22330.0], [102140.5, 9230.0], [102140.0, 11350.0], [102139.5, 14920.0], [102135.5, 25000.0], [102133.0, 38000.0], [102131.5, 200.0], [102130.0, 14950.0], [102126.0, 3480.0], [102125.5, 11260.0], [102125.0, 5160.0]], "asks": [[102160.5, 179370.0], [102161.0, 53080.0], [102162.5, 62400.0], [102163.0, 38000.0], [102164.5, 3940.0], [102165.0, 11020.0], [102166.0, 3430.0], [102170.0, 33520.0], [102170.5, 61610.0], [102171.5, 200.0], [102172.0, 50000.0], [102175.5, 39700.0], [102177.0, 25000.0], [102178.5, 45000.0], [102179.0, 43000.0], [102188.0, 7220.0], [102188.5, 9240.0], [102189.0, 14940.0], [102189.5, 26000.0], [102190.0, 19400.0]]}}}
{"jsonrpc": "2.0", "method": "subscription", "params": {"channel": "book.BTC-PERPETUAL.none.20.100ms", "data": {"timestamp": 1762997540101, "change_id": 126639781582, "instrument_name": "BTC-PERPETUAL", "bids": [[102160.0, 104010.0], [102151.5, 26500.0], [102150.0, 40.0], [102149.5, 1930.0], [102148.5, 6470.0], [102144.5, 490.0], [102144.0, 44030.0], [102143.5, 63990.0], [102142.5, 45000.0], [102141.5, 9230.0], [102141.0, 22330.0], [102140.0, 11350.0], [102139.5, 14920.0], [102136.0, 25000.0], [102133.0, 38000.0], [102131.5, 200.0], [102130.0, 14950.0], [102126.0, 3480.0], [102125.5, 11260.0], [102125.0, 5160.0]], "asks": [[102160.5, 178130.0], [102161.0, 55530.0], [102162.5, 68870.0], [102163.0, 38000.0], [102164.5, 3440.0], [102165.0, 59660.0], [102165.5, 500.0], [102166.0, 13430.0], [102171.5, 200.0], [102173.0, 33320.0], [102173.5, 61610.0], [102174.0, 50000.0], [102175.5, 39700.0], [102177.0, 25000.0], [102178.5, 45000.0], [102179.0, 38000.0], [102188.0, 7220.0], [102188.5, 9240.0], [102189.0, 14940.0], [102190.0, 19400.0]]}}}
{"jsonrpc": "2.0", "method": "subscription", "params": {"channel": "book.BTC-PERPETUAL.none.20.100ms", "data": {"timestamp": 1762997540381, "change_id": 126639782066, "instrument_name": "BTC-PERPETUAL", "bids": [[102160.0, 104010.0], [102151.5, 26500.0], [102150.0, 40.0], [102149.5, 1930.0], [102148.5, 6470.0], [102144.5, 490.0], [102144.0, 44030.0], [102143.5, 63990.0], [102142.5, 45000.0], [102141.0, 22330.0], [102140.5, 9230.0], [102140.0, 11350.0], [102139.5, 14920.0], [102136.0, 25000.0], [102133.0, 38000.0], [102131.5, 200.0], [102130.0, 14950.0], [102126.0, 3480.0], [102125.5, 11260.0], [102125.0, 5160.0]], "asks": [[102160.5, 179440.0], [102161.0, 55530.0], [102162.5, 68870.0], [102163.0, 38000.0], [102164.5, 3440.0], [102165.0, 59660.0], [102165.5, 500.0], [102166.0, 13430.0], [102171.5, 200.0], [102173.0, 33320.0], [102173.5, 61610.0], [102174.0, 50000.0], [102175.5, 39700.0], [102177.0, 25000.0], [102178.0, 5000.0], [102178.5, 45000.0], [102179.0, 38000.0], [102188.0, 7220.0], [102188.5, 9240.0], [102189.0, 14940.0]]}}}
{"jsonrpc": "2.0", "method": "subscription", "params": {"channel": "book.BTC-PERPETUAL.none.20.100ms", "data": {"timestamp": 1762997540752, "change_id": 126639782377, "instrument_name": "BTC-PERPETUAL", "bids": [[102160.0, 104010.0], [102151.5, 26500.0], [102150.0, 40.0], [102149.5, 1930.0], [102148.5, 6470.0], [102144.5, 490.0], [102144.0, 44030.0], [102143.5, 63990.0], [102142.5, 45000.0], [102141.5, 9230.0], [102141.0, 22330.0], [102140.0, 11350.0], [102139.5, 14920.0], [102136.5, 25000.0], [102133.0, 38000.0], [102131.5, 200.0], [102130.0, 14950.0], [102126.0, 3480.0], [102125.5, 11260.0], [102125.0, 5160.0]], "asks": [[102160.5, 179440.0], [102161.0, 55530.0], [102162.5, 68870.0], [102163.0, 38000.0], [102164.5, 3440.0], [102165.0, 59660.0], [102165.5, 500.0], [102166.0, 13430.0], [102171.5, 200.0], [102173.0, 33320.0], [102173.5, 61610.0], [102174.0, 50000.0], [102175.5, 39700.0], [102177.0, 25000.0], [102178.0, 5000.0], [102178.5, 45000.0], [102179.0, 38000.0], [102188.0, 7220.0], [102188.5, 9240.0], [102189.0, 14940.0]]}}}
{"jsonrpc": "2.0", "method": "subscription", "params": {"channel": "book.BTC-PERPETUAL.none.20.100ms", "data": {"timestamp": 1762997540977, "change_id": 126639782667, "instrument_name": "BTC-PERPETUAL", "bids": [[102160.0, 104010.0], [102151.5, 26500.0], [102150.0, 40.0], [102149.5, 1930.0], [102148.5, 6470.0], [102144.5, 490.0], [102144.0, 44030.0], [102143.5, 63990.0], [102142.5, 45000.0], [102141.5, 9230.0], [102141.0, 22330.0], [102140.0, 11350.0], [102139.5, 14920.0], [102136.0, 25000.0], [102133.0, 38000.0], [102131.5, 200.0], [102130.0, 14950.0], [102126.0, 3480.0], [102125.5, 11260.0], [102125.0, 5160.0]], "asks": [[102160.5, 178100.0], [102161.0, 55530.0], [102162.5, 68870.0], [102163.0, 38000.0], [102164.5, 53740.0], [102165.0, 4160.0], [102165.5, 10500.0], [102166.0, 3430.0], [102171.5, 200.0], [102173.0, 33320.0], [102173.5, 61610.0], [102174.0, 50000.0], [102175.5, 39700.0], [102177.0, 25000.0], [102178.0, 5000.0], [102178.5, 45000.0], [102179.0, 38000.0], [102188.0, 7220.0], [102188.5, 9240.0], [102189.0, 14940.0]]}}}
{"jsonrpc": "2.0", "method": "subscription", "params": {"channel": "book.BTC-PERPETUAL.none.20.100ms", "data": {"timestamp": 1762997541382, "change_id": 126639783207, "instrument_name": "BTC-PERPETUAL", "bids": [[102160.0, 104010.0], [102151.5, 26500.0], [102150.0, 40.0], [102149.5, 1930.0], [102148.5, 6470.0], [102144.5, 490.0], [102144.0, 44030.0], [102143.5, 63990.0], [102142.5, 45000.0], [102141.5, 9230.0], [102141.0, 22330.0], [102140.0, 11350.0], [102139.5, 39920.0], [102133.5, 15870.0], [102133.0, 38000.0], [102131.5, 200.0], [102130.0, 14950.0], [102126.0, 3480.0], [102125.5, 11260.0], [102125.0, 5160.0]], "asks": [[102160.5, 178120.0], [102161.0, 41000.0], [102162.5, 68870.0], [102163.0, 38000.0], [102164.5, 3440.0], [102165.0, 4160.0], [102165.5, 10500.0], [102166.0, 3430.0], [102171.5, 200.0], [102173.0, 33320.0], [102173.5, 61610.0], [102174.0, 50000.0], [102175.5, 39700.0], [102177.0, 25000.0], [102178.0, 5000.0], [102178.5, 45000.0], [102179.0, 38000.0], [102188.0, 7220.0], [102188.5, 9240.0], [102189.0, 14940.0]]}}}
{"jsonrpc": "2.0", "method": "subscription", "params": {"channel": "book.BTC-PERPETUAL.none.20.100ms", "data": {"timestamp": 1762997541740, "change_id": 126639783729, "instrument_name": "BTC-PERPETUAL", "bids": [[102160.0, 15010.0], [102152.5, 50000.0], [102152.0, 22000.0], [102151.5, 26500.0], [102150.0, 40.0], [102141.5, 6470.0], [102141.0, 22330.0], [102140.0, 30440.0], [102139.5, 14920.0], [102134.5, 32690.0], [102134.0, 54230.0], [102133.0, 38000.0], [102131.5, 200.0], [102131.0, 25000.0], [102130.0, 14950.0], [102126.0, 3480.0], [102125.5, 11260.0], [102125.0, 5160.0], [102121.0, 14940.0], [102120.0, 38000.0]], "asks": [[102160.5, 182910.0], [102161.0, 60500.0], [102161.5, 540.0], [102162.5, 130470.0], [102163.0, 38000.0], [102164.5, 3440.0], [102165.0, 33410.0], [102165.5, 25000.0], [102166.0, 3430.0], [102167.5, 50000.0], [102174.5, 2760.0], [102175.0, 9240.0], [102175.5, 29030.0], [102178.5, 45000.0], [102179.0, 38000.0], [102188.0, 14060.0], [102188.5, 26000.0], [102189.0, 14940.0], [102190.0, 19400.0], [102192.0, 38000.0]]}}}
{"jsonrpc": "2.0", "method": "subscription", "params": {"channel": "book.BTC-PERPETUAL.none.20.100ms", "data": {"timestamp": 1762997542083, "change_id": 126639784245, "instrument_name": "BTC-PERPETUAL", "bids": [[102160.0, 26010.0], [102157.5, 10000.0], [102152.5, 50000.0], [102152.0, 11000.0], [102151.5, 26500.0], [102150.0, 40.0], [102142.0, 6470.0], [102141.0, 22330.0], [102140.0, 30440.0], [102139.5, 14920.0], [102135.0, 490.0], [102134.5, 32200.0], [102134.0, 54230.0], [102133.0, 38000.0], [102131.5, 200.0], [102131.0, 25000.0], [102130.0, 14950.0], [102126.0, 3480.0], [102125.5, 11260.0], [102125.0, 5160.0]], "asks": [[102160.5, 181540.0], [102161.0, 84090.0], [102161.5, 540.0], [102162.0, 62400.0], [102162.5, 130470.0], [102163.0, 38000.0], [102164.0, 10000.0], [102164.5, 28440.0], [102166.0, 3430.0], [102167.0, 14930.0], [102167.5, 50000.0], [102172.0, 4250.0], [102172.5, 5000.0], [102175.0, 9240.0], [102175.5, 29030.0], [102178.5, 45000.0], [102179.0, 38000.0], [102188.0, 14060.0], [102188.5, 26000.0], [102189.0, 14940.0]]}}}
{"jsonrpc": "2.0", "method": "subscription", "params": {"channel": "book.BTC-PERPETUAL.none.20.100ms", "data": {"timestamp": 1762997542412, "change_id": 126639784800, "instrument_name": "BTC-PERPETUAL", "bids": [[102160.0, 26010.0], [102157.0, 10000.0], [102156.0, 11000.0], [102152.0, 50000.0], [102151.5, 26500.0], [102150.0, 40.0], [102142.0, 6470.0], [102141.0, 22330.0], [102140.0, 30440.0], [102139.5, 14920.0], [102135.0, 490.0], [102134.5, 32200.0], [102134.0, 54230.0], [102133.0, 38000.0], [102131.5, 200.0], [102131.0, 25000.0], [102130.0, 14950.0], [102126.0, 3480.0], [102125.5, 11260.0], [102125.0, 5160.0]], "asks": [[102160.5, 181490.0], [102161.0, 84090.0], [102161.5, 540.0], [102162.0, 62400.0], [102162.5, 130470.0], [102163.0, 38000.0], [102164.0, 10000.0], [102164.5, 28440.0], [102166.0, 3430.0], [102167.0, 14930.0], [102167.5, 50000.0], [102172.0, 1490.0], [102172.5, 5000.0], [102175.5, 29030.0], [102178.0, 9240.0], [102178.5, 45000.0], [102179.0, 38000.0], [102188.0, 14060.0], [102188.5, 26000.0], [102189.0, 14940.0]]}}}
{"jsonrpc": "2.0", "method": "subscription", "params": {"channel": "book.BTC-PERPETUAL.none.20.100ms", "data": {"timestamp": 1762997542719, "change_id": 126639785159, "instrument_name": "BTC-PERPETUAL", "bids": [[102160.0, 26010.0], [102157.0, 11000.0], [102152.0, 50000.0], [102151.5, 26500.0], [102150.0, 40.0], [102143.0, 16350.0], [102142.0, 6470.0], [102141.5, 25990.0], [102141.0, 22330.0], [102140.0, 4450.0], [102139.5, 14920.0], [102135.0, 490.0], [102134.5, 32200.0], [102134.0, 54230.0], [102133.0, 38000.0], [102131.5, 200.0], [102130.0, 39950.0], [102126.0, 3480.0], [102125.5, 11260.0], [102125.0, 5160.0]], "asks": [[102160.5, 181660.0], [102161.0, 45910.0], [102162.0, 62400.0], [102162.5, 6470.0], [102163.0, 38000.0], [102164.0, 10000.0], [102164.5, 3440.0], [102165.0, 38810.0], [102165.5, 86600.0], [102166.0, 3430.0], [102169.5, 50000.0], [102172.0, 1490.0], [102172.5, 5000.0], [102175.5, 29030.0], [102178.0, 9240.0], [102178.5, 45000.0], [102179.0, 38000.0], [102188.0, 14060.0], [102188.5, 26000.0], [102189.0, 14940.0]]}}}
{"jsonrpc": "2.0", "method": "subscription", "params": {"channel": "book.BTC-PERPETUAL.none.20.100ms", "data": {"timestamp": 1762997543063, "change_id": 126639785598, "instrument_name": "BTC-PERPETUAL", "bids": [[102160.0, 26010.0], [102153.0, 50000.0], [102152.5, 11000.0], [102151.5, 26500.0], [102150.0, 40.0], [102143.0, 16350.0], [102142.0, 6470.0], [102141.5, 25990.0], [102141.0, 22330.0], [102140.0, 4450.0], [102139.5, 14920.0], [102135.0, 490.0], [102134.5, 32200.0], [102134.0, 54230.0], [102133.0, 38000.0], [102132.0, 25000.0], [102131.5, 200.0], [102130.0, 14950.0], [102126.0, 3480.0], [102125.5, 11260.0]], "asks": [[102160.5, 180430.0], [102161.0, 59950.0], [102162.0, 62400.0], [102162.5, 69410.0], [102163.0, 38000.0], [102163.5, 10000.0], [102164.5, 3440.0], [102165.0, 63810.0], [102165.5, 61600.0], [102166.0, 3430.0], [102169.5, 50000.0], [102172.0, 1490.0], [102172.5, 5000.0], [102175.5, 29030.0], [102178.0, 9240.0], [102178.5, 45000.0], [102179.0, 38000.0], [102188.0, 14060.0], [102188.5, 26000.0], [102189.0, 14940.0]]}}}
{"jsonrpc": "2.0", "method": "subscription", "params": {"channel": "book.BTC-PERPETUAL.none.20.100ms", "data": {"timestamp": 1762997543392, "change_id": 126639786110, "instrument_name": "BTC-PERPETUAL", "bids": [[102160.0, 26010.0], [102154.5, 11000.0], [102154.0, 50000.0], [102151.5, 26500.0], [102150.0, 40.0], [102143.0, 16350.0], [102142.0, 6470.0], [102141.5, 25990.0], [102141.0, 22330.0], [102140.0, 4450.0], [102139.5, 14920.0], [102135.0, 490.0], [102134.5, 32200.0], [102134.0, 54230.0], [102133.0, 38000.0], [102132.0, 25000.0], [102131.5, 200.0], [102130.0, 14950.0], [102126.0, 3480.0], [102125.5, 11260.0]], "asks": [[102160.5, 181720.0], [102161.0, 59950.0], [102162.0, 62400.0], [102162.5, 68870.0], [102163.0, 38000.0], [102163.5, 10000.0], [102164.5, 3440.0], [102165.0, 63810.0], [102165.5, 61600.0], [102166.0, 3430.0], [102169.5, 50000.0], [102172.0, 1490.0], [102172.5, 5000.0], [102175.5, 29030.0], [102178.0, 9240.0], [102178.5, 45000.0], [102179.0, 38000.0], [102188.0, 14060.0], [102188.5, 26000.0], [102189.0, 14940.0]]}}}
{"jsonrpc": "2.0", "method": "subscription", "params": {"channel": "book.BTC-PERPETUAL.none.20.100ms", "data": {"timestamp": 1762997543732, "change_id": 126639786725, "instrument_name": "BTC-PERPETUAL", "bids": [[102160.0, 137780.0], [102155.5, 25990.0], [102152.5, 7920.0], [102151.5, 26500.0], [102150.0, 40.0], [102148.0, 1930.0], [102147.5, 6470.0], [102144.5, 20240.0], [102144.0, 45000.0], [102143.5, 9720.0], [102141.0, 22330.0], [102140.0, 11350.0], [102139.5, 14920.0], [102136.0, 25000.0], [102133.0, 38000.0], [102131.5, 200.0], [102130.0, 14950.0], [102126.0, 3480.0], [102125.5, 11260.0], [102125.0, 15590.0]], "asks": [[102160.5, 79810.0], [102161.0, 15350.0], [102163.0, 38000.0], [102163.5, 10000.0], [102164.5, 3440.0], [102165.0, 2460.0], [102166.0, 3430.0], [102169.0, 500.0], [102170.0, 5300.0], [102172.5, 200.0], [102173.5, 540.0], [102175.5, 28130.0], [102177.5, 61600.0], [102179.0, 38000.0], [102182.5, 22390.0], [102183.0, 50000.0], [102183.5, 25000.0], [102188.0, 45000.0], [102189.0, 14940.0], [102190.0, 19400.0]]}}}
{"jsonrpc": "2.0", "method": "subscription", "params": {"channel": "book.BTC-PERPETUAL.none.20.100ms", "data": {"timestamp": 1762997544064, "change_id": 126639787545, "instrument_name": "BTC-PERPETUAL", "bids": [[102160.0, 268370.0], [102159.5, 6470.0], [102153.5, 9230.0], [102150.0, 40.0], [102145.5, 11340.0], [102145.0, 38000.0], [102144.5, 20240.0], [102144.0, 45000.0], [102142.0, 200.0], [102141.0, 22330.0], [102140.0, 11350.0], [102139.5, 39920.0], [102133.0, 38000.0], [102131.0, 73530.0], [102130.5, 61570.0], [102130.0, 14950.0], [102126.5, 20990.0], [102126.0, 3480.0], [102125.5, 11260.0], [102125.0, 15190.0]], "asks": [[102160.5, 2750.0], [102163.0, 48000.0], [102164.5, 3440.0], [102165.5, 1020.0], [102166.0, 3430.0], [102170.5, 1930.0], [102173.5, 6470.0], [102178.5, 11340.0], [102179.0, 38000.0], [102180.5, 7670.0], [102181.0, 25000.0], [102182.0, 500.0], [102184.0, 200.0], [102187.5, 37770.0], [102188.0, 50000.0], [102188.5, 61600.0], [102189.0, 14940.0], [102192.0, 38000.0], [102194.0, 5000.0], [102194.5, 14950.0]]}}}
{"jsonrpc": "2.0", "method": "subscription", "params": {"channel": "book.BTC-PERPETUAL.none.20.100ms", "data": {"timestamp": 1762997544389, "change_id": 126639788523, "instrument_name": "BTC-PERPETUAL", "bids": [[102160.0, 388570.0], [102159.5, 6470.0], [102156.0, 11340.0], [102155.5, 38000.0], [102155.0, 10230.0], [102154.5, 9230.0], [102152.5, 25000.0], [102150.0, 40.0], [102145.5, 11340.0], [102145.0, 38000.0], [102144.5, 20240.0], [102144.0, 45000.0], [102141.0, 22330.0], [102140.0, 4450.0], [102139.5, 14920.0], [102133.5, 73530.0], [102133.0, 38000.0], [102131.0, 73530.0], [102130.5, 61570.0], [102130.0, 14950.0]], "asks": [[102160.5, 90.0], [102164.5, 3440.0], [102166.0, 3430.0], [102178.0, 10000.0], [102178.5, 11340.0], [102179.0, 38000.0], [102186.5, 18540.0], [102187.0, 61600.0], [102187.5, 500.0], [102191.5, 41010.0], [102192.0, 43000.0], [102192.5, 50000.0], [102194.5, 25000.0], [102195.0, 200.0], [102199.0, 9240.0], [102202.0, 4460.0], [102204.0, 19940.0], [102207.0, 45000.0], [102208.0, 26000.0], [102208.5, 22450.0]]}}}
{"jsonrpc": "2.0", "method": "subscription", "params": {"channel": "book.BTC-PERPETUAL.none.20.100ms", "data": {"timestamp": 1762997544725, "change_id": 126639790332, "instrument_name": "BTC-PERPETUAL", "bids": [[102164.0, 421290.0], [102161.0, 63350.0], [102160.5, 62300.0], [102160.0, 115270.0], [102159.5, 6470.0], [102158.5, 11340.0], [102155.5, 38000.0], [102152.0, 7470.0], [102151.5, 25000.0], [102150.0, 40.0], [102146.0, 11340.0], [102145.0, 38000.0], [102144.5, 35890.0], [102144.0, 45000.0], [102141.5, 61570.0], [102141.0, 22330.0], [102140.0, 4450.0], [102139.5, 14920.0], [102133.5, 73530.0], [102133.0, 38000.0]], "asks": [[102164.5, 3440.0], [102166.0, 3430.0], [102178.0, 10000.0], [102178.5, 11340.0], [102179.0, 38000.0], [102185.0, 1580.0], [102190.0, 5300.0], [102191.0, 16010.0], [102191.5, 500.0], [102192.0, 38000.0], [102195.0, 15140.0], [102195.5, 33310.0], [102196.0, 61600.0], [102197.0, 50000.0], [102202.0, 4460.0], [102204.0, 14940.0], [102207.0, 45000.0], [102207.5, 25000.0], [102209.0, 9240.0], [102209.5, 2560.0]]}}}
{"jsonrpc": "2.0", "method": "subscription", "params": {"channel": "book.BTC-PERPETUAL.none.20.100ms", "data": {"timestamp": 1762997545054, "change_id": 126639791076, "instrument_name": "BTC-PERPETUAL", "bids": [[102164.0, 564020.0], [102163.5, 21120.0], [102161.5, 57200.0], [102160.0, 13550.0], [102159.5, 6470.0], [102158.5, 11340.0], [102155.5, 38000.0], [102150.0, 40.0], [102146.0, 28270.0], [102145.0, 99570.0], [102144.5, 20240.0], [102144.0, 45000.0], [102141.0, 22330.0], [102140.0, 4450.0], [102139.5, 14920.0], [102134.5, 5000.0], [102133.0, 38000.0], [102131.5, 20990.0], [102130.0, 14950.0], [102126.0, 3480.0]], "asks": [[102164.5, 3440.0], [102166.0, 3430.0], [102178.0, 10000.0], [102179.0, 38000.0], [102185.0, 3310.0], [102189.5, 6470.0], [102191.0, 16010.0], [102192.0, 38000.0], [102194.0, 25000.0], [102194.5, 500.0], [102195.0, 15140.0], [102195.5, 15520.0], [102197.0, 50000.0], [102201.0, 22850.0], [102201.5, 61600.0], [102204.0, 14940.0], [102207.0, 45000.0], [102210.0, 15800.0], [102210.5, 38000.0], [102213.0, 120.0]]}}}
{"jsonrpc": "2.0", "method": "subscription", "params": {"channel": "book.BTC-PERPETUAL.none.20.100ms", "data": {"timestamp": 1762997545384, "change_id": 126639791978, "instrument_name": "BTC-PERPETUAL", "bids": [[102164.0, 549820.0], [102163.5, 21120.0], [102163.0, 25000.0], [102161.5, 57200.0], [102160.0, 700.0], [102159.5, 6470.0], [102158.5, 11340.0], [102155.5, 38000.0], [102151.0, 21960.0], [102150.5, 73540.0], [102150.0, 40.0], [102148.0, 33290.0], [102147.5, 73540.0], [102145.0, 38000.0], [102144.5, 62630.0], [102144.0, 45000.0], [102142.0, 61570.0], [102141.0, 152480.0], [102140.0, 4450.0], [102139.5, 14920.0]], "asks": [[102164.5, 3440.0], [102166.0, 3430.0], [102177.5, 10000.0], [102178.0, 14330.0], [102178.5, 10000.0], [102179.0, 38000.0], [102185.0, 1580.0], [102189.5, 6470.0], [102191.0, 26550.0], [102191.5, 500.0], [102192.0, 38000.0], [102195.0, 55300.0], [102196.0, 30310.0], [102196.5, 61600.0], [102197.0, 14940.0], [102198.0, 25000.0], [102204.0, 14940.0], [102206.0, 200.0], [102206.5, 13430.0], [102207.0, 45000.0]]}}}
{"jsonrpc": "2.0", "method": "subscription", "params": {"channel": "book.BTC-PERPETUAL.none.20.100ms", "data": {"timestamp": 1762997545712, "change_id": 126639792532, "instrument_name": "BTC-PERPETUAL", "bids": [[102164.0, 578190.0], [102163.5, 21120.0], [102161.5, 57200.0], [102160.0, 10.0], [102159.5, 6470.0], [102158.5, 11340.0], [102155.5, 38000.0], [102151.0, 21960.0], [102150.5, 73540.0], [102150.0, 40.0], [102148.0, 33290.0], [102147.5, 73540.0], [102145.0, 38000.0], [102144.5, 42390.0], [102144.0, 45000.0], [102142.0, 61570.0], [102141.0, 22330.0], [102140.0, 4450.0], [102139.5, 14920.0], [102135.0, 20990.0]], "asks": [[102164.5, 3440.0], [102166.0, 3430.0], [102177.5, 10000.0], [102178.0, 14330.0], [102179.0, 38000.0], [102185.0, 3310.0], [102187.0, 5300.0], [102189.5, 6470.0], [102190.5, 500.0], [102191.0, 26550.0], [102192.0, 38000.0], [102194.5, 25000.0], [102195.0, 50000.0], [102196.0, 30310.0], [102196.5, 61600.0], [102197.0, 14940.0], [102204.0, 14940.0], [102206.0, 200.0], [102206.5, 13430.0], [102207.0, 45000.0]]}}}
{"jsonrpc": "2.0", "method": "subscription", "params": {"channel": "book.BTC-PERPETUAL.none.20.100ms", "data": {"timestamp": 1762997546027, "change_id": 126639793185, "instrument_name": "BTC-PERPETUAL", "bids": [[102164.0, 516990.0], [102160.5, 18600.0], [102160.0, 62310.0], [102159.5, 6470.0], [102158.5, 11340.0], [102155.5, 38000.0], [102151.0, 21960.0], [102150.5, 73540.0], [102150.0, 40.0], [102148.5, 51670.0], [102147.5, 73540.0], [102145.5, 61570.0], [102145.0, 38000.0], [102144.5, 20100.0], [102144.0, 45000.0], [102141.0, 22330.0], [102140.0, 25440.0], [102139.5, 14920.0], [102133.0, 38000.0], [102130.0, 14950.0]], "asks": [[102164.5, 3440.0], [102166.0, 3430.0], [102184.0, 2990.0], [102184.5, 10000.0], [102185.0, 3310.0], [102187.0, 5300.0], [102189.5, 6470.0], [102191.0, 11340.0], [102192.0, 38000.0], [102194.5, 500.0], [102196.0, 25320.0], [102197.0, 64940.0], [102198.0, 25000.0], [102203.0, 22850.0], [102203.5, 61600.0], [102204.0, 14940.0], [102206.0, 200.0], [102206.5, 13430.0], [102207.0, 45000.0], [102210.0, 15800.0]]}}}
{"jsonrpc": "2.0", "method": "subscription", "params": {"channel": "book.BTC-PERPETUAL.none.20.100ms", "data": {"timestamp": 1762997546365, "change_id": 126639794063, "instrument_name": "BTC-PERPETUAL", "bids": [[102164.0, 569080.0], [102160.5, 18600.0], [102160.0, 62310.0], [102159.5, 6470.0], [102158.5, 11340.0], [102155.5, 38000.0], [102152.0, 21960.0], [102150.5, 73540.0], [102150.0, 40.0], [102149.0, 51670.0], [102147.5, 73540.0], [102145.5, 61570.0], [102145.0, 102630.0], [102144.5, 128180.0], [102144.0, 50000.0], [102141.0, 22330.0], [102140.0, 4450.0], [102139.5, 14920.0], [102135.0, 20990.0], [102134.5, 30730.0]], "asks": [[102164.5, 3440.0], [102166.0, 3430.0], [102190.5, 10000.0], [102191.0, 11340.0], [102192.0, 38000.0], [102195.5, 6470.0], [102196.0, 33520.0], [102197.0, 50000.0], [102198.0, 500.0], [102198.5, 5300.0], [102200.0, 61600.0], [102206.0, 200.0], [102208.5, 25000.0], [102210.0, 15800.0], [102210.5, 38000.0], [102213.5, 100.0], [102214.0, 14940.0], [102214.5, 120.0], [102215.5, 24170.0], [102216.0, 45000.0]]}}}
{"jsonrpc": "2.0", "method": "subscription", "params": {"channel": "book.BTC-PERPETUAL.none.20.100ms", "data": {"timestamp": 1762997546707, "change_id": 126639794539, "instrument_name": "BTC-PERPETUAL", "bids": [[102164.0, 546330.0], [102160.5, 18600.0], [102160.0, 62310.0], [102159.5, 6470.0], [102158.5, 11340.0], [102155.5, 38000.0], [102152.0, 21960.0], [102150.5, 98540.0], [102150.0, 40.0], [102149.0, 33290.0], [102147.5, 73540.0], [102145.0, 102630.0], [102144.5, 128180.0], [102144.0, 45000.0], [102141.5, 61570.0], [102141.0, 22330.0], [102140.0, 4450.0], [102139.5, 14920.0], [102135.0, 20990.0], [102134.5, 30730.0]], "asks": [[102164.5, 3440.0], [102166.0, 3430.0], [102182.0, 2990.0], [102182.5, 10000.0], [102190.5, 10000.0], [102191.0, 16640.0], [102192.0, 38000.0], [102195.0, 500.0], [102195.5, 6470.0], [102196.0, 33520.0], [102196.5, 61600.0], [102197.0, 50000.0], [102200.0, 3510.0], [102200.5, 14930.0], [102206.0, 200.0], [102207.5, 25000.0], [102208.0, 45000.0], [102208.5, 14930.0], [102209.0, 9240.0], [102210.0, 20800.0]]}}}
{"jsonrpc": "2.0", "method": "subscription", "params": {"channel": "book.BTC-PERPETUAL.none.20.100ms", "data": {"timestamp": 1762997547038, "change_id": 126639795106, "instrument_name": "BTC-PERPETUAL", "bids": [[102164.0, 607040.0], [102160.5, 18600.0], [102160.0, 62310.0], [102159.5, 6470.0], [102158.5, 11340.0], [102155.5, 38000.0], [102152.0, 7470.0], [102150.5, 25000.0], [102150.0, 40.0], [102149.0, 11340.0], [102145.0, 73910.0], [102144.0, 45000.0], [102142.0, 5000.0], [102141.5, 61570.0], [102141.0, 22330.0], [102140.0, 4450.0], [102139.5, 14920.0], [102135.0, 20990.0], [102134.5, 30730.0], [102134.0, 50000.0]], "asks": [[102164.5, 3440.0], [102166.0, 3430.0], [102190.5, 10000.0], [102191.0, 16640.0], [102192.0, 38000.0], [102195.0, 500.0], [102195.5, 6470.0], [102196.0, 31790.0], [102196.5, 61600.0], [102197.0, 50000.0], [102200.0, 3510.0], [102200.5, 14930.0], [102206.0, 200.0], [102207.5, 25000.0], [102208.0, 45000.0], [102208.5, 14930.0], [102209.0, 9240.0], [102210.0, 20800.0], [102210.5, 38000.0], [102213.5, 100.0]]}}}
{"jsonrpc": "2.0", "method": "subscription", "params": {"channel": "book.BTC-PERPETUAL.none.20.100ms", "data": {"timestamp": 1762997547368, "change_id": 126639795651, "instrument_name": "BTC-PERPETUAL", "bids": [[102164.0, 635200.0], [102160.5, 18600.0], [102160.0, 62310.0], [102159.5, 6470.0], [102158.5, 11340.0], [102155.5, 38000.0], [102154.0, 33970.0], [102153.5, 46140.0], [102150.5, 73540.0], [102150.0, 50130.0], [102149.5, 129820.0], [102145.0, 73910.0], [102144.0, 45000.0], [102142.0, 5000.0], [102141.5, 61570.0], [102141.0, 22330.0], [102140.0, 4450.0], [102139.5, 14920.0], [102135.0, 20990.0], [102134.5, 30730.0]], "asks": [[102164.5, 3440.0], [102166.0, 3430.0], [102183.0, 2990.0], [102183.5, 10000.0], [102190.5, 10000.0], [102191.0, 16640.0], [102192.0, 38000.0], [102195.0, 500.0], [102195.5, 6470.0], [102196.0, 31790.0], [102196.5, 61600.0], [102197.0, 50000.0], [102198.0, 25000.0], [102200.0, 3510.0], [102200.5, 14930.0], [102206.0, 200.0], [102207.5, 22140.0], [102208.0, 45000.0], [102208.5, 14930.0], [102209.0, 9240.0]]}}}
