{"jsonrpc": "2.0", "id": 1, "result": ["book.BTC-PERPETUAL.none.20.100ms"], "usIn": 1772570957667826, "usOut": 1772570957668031, "usDiff": 205, "testnet": false}
{"jsonrpc": "2.0", "method": "subscription", "params": {"channel": "book.BTC-PERPETUAL.none.20.100ms", "data": {"timestamp": 1772570957663, "change_id": 143466739220, "instrument_name": "BTC-PERPETUAL", "bids": [[68384.5, 90250.0], [68384.0, 4340.0], [68382.5, 10750.0], [68382.0, 30000.0], [68380.0, 6000.0], [68379.5, 11470.0], [68378.0, 1360.0], [68377.5, 4550.0], [68376.0, 7780.0], [68375.0, 980.0], [68373.5, 12990.0], [68373.0, 19100.0], [68372.5, 6000.0], [68372.0, 40540.0], [68371.5, 71870.0], [68371.0, 25000.0], [68370.5, 36940.0], [68368.5, 5470.0], [68367.5, 6590.0], [68367.0, 8190.0]], "asks": [[68385.0, 12300.0], [68386.0, 940.0], [68390.5, 210.0], [68391.5, 10.0], [68392.0, 34990.0], [68392.5, 15000.0], [68393.0, 5490.0], [68393.5, 4530.0], [68394.0, 5980.0], [68394.5, 6590.0], [68395.5, 2600.0], [68396.0, 10.0], [68397.5, 31140.0], [68398.0, 58820.0], [68400.5, 6050.0], [68401.0, 6000.0], [68401.5, 7900.0], [68403.5, 4090.0], [68404.0, 17710.0], [68405.5, 7900.0]]}}}
{"jsonrpc": "2.0", "method": "subscription", "params": {"channel": "book.BTC-PERPETUAL.none.20.100ms", "data": {"timestamp": 1772570957952, "change_id": 143466740458, "instrument_name": "BTC-PERPETUAL", "bids": [[68384.5, 90250.0], [68384.0, 4340.0], [68382.5, 10750.0], [68382.0, 30000.0], [68380.5, 5490.0], [68380.0, 6000.0], [68379.5, 3140.0], [68378.0, 5490.0], [68377.5, 4550.0], [68376.5, 490.0], [68376.0, 7780.0], [68375.0, 980.0], [68373.5, 12990.0], [68373.0, 19100.0], [68372.5, 6000.0], [68372.0, 40540.0], [68371.5, 71870.0], [68371.0, 27000.0], [68369.0, 36940.0], [68368.5, 5470.0]], "asks": [[68385.0, 3500.0], [68386.0, 940.0], [68390.5, 210.0], [68391.5, 24340.0], [68392.0, 34990.0], [68392.5, 21590.0], [68393.0, 5490.0], [68395.5, 2600.0], [68396.0, 10.0], [68397.5, 31140.0], [68398.0, 58820.0], [68400.5, 6050.0], [68401.0, 6000.0], [68401.5, 7900.0], [68403.5, 4090.0], [68404.0, 17710.0], [68405.5, 7900.0], [68407.0, 36960.0], [68407.5, 14000.0], [68408.0, 6000.0]]}}}
{"jsonrpc": "2.0", "method": "subscription", "params": {"channel": "book.BTC-PERPETUAL.none.20.100ms", "data": {"timestamp": 1772570958264, "change_id": 143466740958, "instrument_name": "BTC-PERPETUAL", "bids": [[68384.5, 170130.0], [68383.5, 1790.0], [68380.0, 6000.0], [68379.5, 1500.0], [68378.0, 490.0], [68377.5, 4550.0], [68376.0, 7780.0], [68375.0, 980.0], [68373.5, 5490.0], [68373.0, 24590.0], [68372.5, 6000.0], [68372.0, 18470.0], [68371.5, 21870.0], [68371.0, 27000.0], [68368.5, 8650.0], [68367.5, 12990.0], [68367.0, 8190.0], [68366.0, 4130.0], [68365.5, 41320.0], [68364.0, 34180.0]], "asks": [[68385.0, 26990.0], [68386.0, 940.0], [68389.0, 13720.0], [68389.5, 41580.0], [68390.0, 18650.0], [68390.5, 13200.0], [68391.5, 10.0], [68392.5, 500.0], [68393.0, 12000.0], [68395.5, 2600.0], [68396.0, 10.0], [68397.5, 27170.0], [68398.0, 46820.0], [68400.0, 36960.0], [68400.5, 20370.0], [68401.0, 6000.0], [68401.5, 7900.0], [68403.5, 4090.0], [68404.0, 2360.0], [68405.5, 7900.0]]}}}
{"jsonrpc": "2.0", "method": "subscription", "params": {"channel": "book.BTC-PERPETUAL.none.20.100ms", "data": {"timestamp": 1772570958613, "change_id": 143466741929, "instrument_name": "BTC-PERPETUAL", "bids": [[68384.5, 151030.0], [68383.5, 1790.0], [68380.5, 490.0], [68380.0, 6000.0], [68379.5, 2810.0], [68377.5, 4550.0], [68376.5, 5490.0], [68376.0, 7780.0], [68375.5, 5490.0], [68375.0, 980.0], [68373.0, 19100.0], [68372.5, 6000.0], [68372.0, 18470.0], [68371.5, 21870.0], [68371.0, 27000.0], [68369.0, 12990.0], [68368.5, 32340.0], [68367.0, 8190.0], [68366.5, 86940.0], [68366.0, 4130.0]], "asks": [[68385.0, 26990.0], [68386.0, 940.0], [68389.5, 7130.0], [68390.0, 22510.0], [68390.5, 6800.0], [68391.0, 34990.0], [68391.5, 10.0], [68393.0, 12000.0], [68394.5, 4810.0], [68395.0, 13490.0], [68395.5, 2600.0], [68396.0, 10.0], [68397.5, 18150.0], [68398.0, 46820.0], [68400.5, 20450.0], [68401.0, 6000.0], [68401.5, 7900.0], [68403.0, 50960.0], [68403.5, 4090.0], [68404.0, 2360.0]]}}}
{"jsonrpc": "2.0", "method": "subscription", "params": {"channel": "book.BTC-PERPETUAL.none.20.100ms", "data": {"timestamp": 1772570958931, "change_id": 143466742817, "instrument_name": "BTC-PERPETUAL", "bids": [[68384.5, 151030.0], [68383.5, 1790.0], [68380.5, 490.0], [68380.0, 6000.0], [68379.5, 1500.0], [68377.5, 4550.0], [68376.0, 7780.0], [68375.5, 5490.0], [68375.0, 980.0], [68373.5, 5490.0], [68373.0, 19100.0], [68372.5, 6000.0], [68372.0, 18470.0], [68371.5, 21870.0], [68371.0, 27000.0], [68368.5, 12990.0], [68368.0, 20390.0], [68367.0, 8190.0], [68366.0, 54130.0], [68365.5, 6000.0]], "asks": [[68385.0, 20990.0], [68386.0, 60.0], [68387.5, 5490.0], [68388.0, 880.0], [68389.0, 6590.0], [68389.5, 5490.0], [68390.5, 210.0], [68391.5, 10.0], [68392.0, 17900.0], [68392.5, 47980.0], [68393.0, 12000.0], [68395.5, 2600.0], [68396.0, 10.0], [68397.0, 500.0], [68397.5, 18150.0], [68398.0, 46820.0], [68400.0, 14000.0], [68400.5, 20450.0], [68401.0, 42960.0], [68401.5, 7900.0]]}}}
{"jsonrpc": "2.0", "method": "subscription", "params": {"channel": "book.BTC-PERPETUAL.none.20.100ms", "data": {"timestamp": 1772570959272, "change_id": 143466743154, "instrument_name": "BTC-PERPETUAL", "bids": [[68384.5, 151030.0], [68383.5, 1790.0], [68380.5, 490.0], [68380.0, 6000.0], [68379.5, 2810.0], [68377.5, 4550.0], [68376.0, 13270.0], [68375.5, 5490.0], [68375.0, 980.0], [68373.0, 19100.0], [68372.5, 6000.0], [68372.0, 18470.0], [68371.5, 21870.0], [68371.0, 27000.0], [68368.5, 12990.0], [68368.0, 20390.0], [68367.0, 8190.0], [68366.0, 54130.0], [68365.5, 20480.0], [68365.0, 36940.0]], "asks": [[68385.0, 20990.0], [68386.0, 60.0], [68388.0, 880.0], [68388.5, 5490.0], [68389.5, 6590.0], [68390.0, 5490.0], [68390.5, 210.0], [68391.0, 17910.0], [68391.5, 10.0], [68392.0, 34990.0], [68393.0, 12000.0], [68394.5, 4810.0], [68395.0, 12990.0], [68395.5, 2600.0], [68396.0, 10.0], [68397.0, 500.0], [68397.5, 18150.0], [68398.0, 46820.0], [68400.5, 20450.0], [68401.0, 6000.0]]}}}
{"jsonrpc": "2.0", "method": "subscription", "params": {"channel": "book.BTC-PERPETUAL.none.20.100ms", "data": {"timestamp": 1772570959606, "change_id": 143466743848, "instrument_name": "BTC-PERPETUAL", "bids": [[68384.5, 165330.0], [68383.5, 1790.0], [68380.5, 490.0], [68380.0, 6000.0], [68379.5, 1500.0], [68377.5, 4550.0], [68376.0, 7780.0], [68375.5, 5490.0], [68375.0, 980.0], [68373.5, 5490.0], [68373.0, 19100.0], [68372.5, 6000.0], [68372.0, 18470.0], [68371.5, 21870.0], [68371.0, 27000.0], [68368.5, 12990.0], [68368.0, 20390.0], [68367.0, 8190.0], [68366.0, 54130.0], [68365.5, 6000.0]], "asks": [[68385.0, 20990.0], [68386.0, 60.0], [68387.5, 5490.0], [68388.0, 880.0], [68389.5, 6590.0], [68390.0, 5490.0], [68390.5, 35200.0], [68391.0, 7460.0], [68391.5, 10.0], [68392.5, 12990.0], [68393.0, 12000.0], [68395.0, 500.0], [68395.5, 2600.0], [68396.0, 10.0], [68397.5, 18150.0], [68398.0, 46820.0], [68400.5, 20450.0], [68401.0, 42960.0], [68401.5, 7900.0], [68403.0, 14000.0]]}}}
{"jsonrpc": "2.0", "method": "subscription", "params": {"channel": "book.BTC-PERPETUAL.none.20.100ms", "data": {"timestamp": 1772570959933, "change_id": 143466744315, "instrument_name": "BTC-PERPETUAL", "bids": [[68384.5, 165330.0], [68383.5, 1790.0], [68380.5, 490.0], [68380.0, 6000.0], [68379.5, 1500.0], [68377.5, 4550.0], [68376.0, 7780.0], [68375.5, 5490.0], [68375.0, 970.0], [68373.5, 5490.0], [68373.0, 19100.0], [68372.5, 6000.0], [68372.0, 18470.0], [68371.5, 21870.0], [68371.0, 27000.0], [68368.5, 12990.0], [68368.0, 20390.0], [68367.0, 8190.0], [68366.0, 54130.0], [68365.5, 20480.0]], "asks": [[68385.0, 20980.0], [68386.0, 60.0], [68387.5, 5490.0], [68388.0, 90.0], [68389.0, 5490.0], [68389.5, 6590.0], [68390.5, 35200.0], [68391.0, 7460.0], [68391.5, 10.0], [68392.5, 12990.0], [68393.0, 12000.0], [68395.0, 500.0], [68395.5, 2600.0], [68396.0, 10.0], [68397.5, 18150.0], [68398.0, 46820.0], [68400.5, 20450.0], [68401.0, 42960.0], [68401.5, 7900.0], [68403.0, 14000.0]]}}}
{"jsonrpc": "2.0", "method": "subscription", "params": {"channel": "book.BTC-PERPETUAL.none.20.100ms", "data": {"timestamp": 1772570960261, "change_id": 143466744741, "instrument_name": "BTC-PERPETUAL", "bids": [[68384.5, 165330.0], [68384.0, 14340.0], [68383.5, 1790.0], [68381.5, 210.0], [68380.5, 490.0], [68380.0, 6000.0], [68379.5, 1500.0], [68377.5, 4340.0], [68376.0, 7780.0], [68375.5, 10980.0], [68375.0, 970.0], [68373.0, 19100.0], [68372.5, 6000.0], [68372.0, 18470.0], [68371.5, 21870.0], [68371.0, 27000.0], [68368.5, 12990.0], [68368.0, 20390.0], [68367.5, 50000.0], [68367.0, 8190.0]], "asks": [[68385.0, 5980.0], [68386.0, 60.0], [68389.0, 100.0], [68389.5, 12080.0], [68390.0, 5490.0], [68390.5, 210.0], [68391.5, 10.0], [68392.0, 38570.0], [68393.0, 12000.0], [68394.0, 9130.0], [68394.5, 27990.0], [68395.5, 2600.0], [68396.0, 10.0], [68397.5, 18650.0], [68398.0, 46820.0], [68400.5, 19360.0], [68401.0, 6000.0], [68401.5, 7900.0], [68402.5, 36960.0], [68403.0, 14000.0]]}}}
{"jsonrpc": "2.0", "method": "subscription", "params": {"channel": "book.BTC-PERPETUAL.none.20.100ms", "data": {"timestamp": 1772570960596, "change_id": 143466745363, "instrument_name": "BTC-PERPETUAL", "bids": [[68384.5, 170130.0], [68384.0, 14340.0], [68383.5, 1790.0], [68381.5, 210.0], [68380.5, 490.0], [68380.0, 6000.0], [68379.5, 1500.0], [68377.5, 4340.0], [68376.0, 7780.0], [68375.5, 10980.0], [68375.0, 970.0], [68373.0, 19100.0], [68372.5, 6000.0], [68372.0, 18470.0], [68371.5, 21870.0], [68371.0, 27000.0], [68368.5, 12990.0], [68368.0, 20390.0], [68367.5, 50000.0], [68367.0, 8190.0]], "asks": [[68385.0, 20980.0], [68386.0, 60.0], [68389.0, 100.0], [68389.5, 12080.0], [68390.0, 5490.0], [68390.5, 210.0], [68391.5, 2610.0], [68392.5, 34990.0], [68393.0, 12000.0], [68394.5, 4030.0], [68395.0, 12990.0], [68396.0, 10.0], [68397.0, 500.0], [68397.5, 18150.0], [68398.0, 46820.0], [68400.5, 19360.0], [68401.0, 6000.0], [68401.5, 7900.0], [68402.5, 36960.0], [68403.0, 14000.0]]}}}
{"jsonrpc": "2.0", "method": "subscription", "params": {"channel": "book.BTC-PERPETUAL.none.20.100ms", "data": {"timestamp": 1772570960928, "change_id": 143466745862, "instrument_name": "BTC-PERPETUAL", "bids": [[68384.5, 170130.0], [68384.0, 14340.0], [68383.5, 1790.0], [68381.5, 210.0], [68380.5, 490.0], [68380.0, 6000.0], [68379.5, 1500.0], [68377.5, 4340.0], [68376.0, 7780.0], [68375.5, 10980.0], [68375.0, 970.0], [68373.0, 19100.0], [68372.5, 6000.0], [68372.0, 18470.0], [68371.5, 21870.0], [68371.0, 27000.0], [68368.5, 12990.0], [68368.0, 20390.0], [68367.5, 50000.0], [68367.0, 8190.0]], "asks": [[68385.0, 5980.0], [68386.0, 60.0], [68389.0, 100.0], [68389.5, 5490.0], [68390.0, 5490.0], [68390.5, 210.0], [68391.5, 9200.0], [68392.5, 34990.0], [68393.0, 39990.0], [68396.0, 10.0], [68397.5, 18650.0], [68398.0, 46820.0], [68400.5, 19360.0], [68401.0, 6000.0], [68401.5, 7900.0], [68402.5, 36960.0], [68403.0, 14000.0], [68403.5, 4090.0], [68404.0, 2360.0], [68404.5, 1000.0]]}}}
{"jsonrpc": "2.0", "method": "subscription", "params": {"channel": "book.BTC-PERPETUAL.none.20.100ms", "data": {"timestamp": 1772570961244, "change_id": 143466746129, "instrument_name": "BTC-PERPETUAL", "bids": [[68384.5, 170250.0], [68384.0, 14640.0], [68383.5, 1790.0], [68381.5, 210.0], [68380.5, 490.0], [68380.0, 6000.0], [68379.5, 1500.0], [68377.5, 4340.0], [68376.0, 7780.0], [68375.5, 10980.0], [68375.0, 970.0], [68373.0, 19100.0], [68372.5, 6000.0], [68372.0, 18470.0], [68371.5, 34860.0], [68371.0, 27000.0], [68368.0, 20390.0], [68367.5, 50000.0], [68367.0, 8190.0], [68366.5, 36940.0]], "asks": [[68385.0, 6710.0], [68386.0, 60.0], [68389.5, 5490.0], [68390.0, 5490.0], [68390.5, 210.0], [68391.0, 6590.0], [68391.5, 2610.0], [68392.5, 34990.0], [68393.0, 27000.0], [68396.0, 10.0], [68396.5, 3880.0], [68397.0, 12990.0], [68397.5, 18650.0], [68398.0, 46820.0], [68400.5, 19360.0], [68401.0, 6000.0], [68401.5, 7900.0], [68402.5, 36960.0], [68403.0, 14000.0], [68403.5, 4090.0]]}}}
{"jsonrpc": "2.0", "method": "subscription", "params": {"channel": "book.BTC-PERPETUAL.none.20.100ms", "data": {"timestamp": 1772570961591, "change_id": 143466747181, "instrument_name": "BTC-PERPETUAL", "bids": [[68384.5, 170220.0], [68384.0, 14640.0], [68383.5, 1790.0], [68381.5, 210.0], [68380.5, 490.0], [68380.0, 6000.0], [68379.5, 1500.0], [68377.5, 4340.0], [68376.0, 7780.0], [68375.5, 10980.0], [68375.0, 960.0], [68373.0, 19100.0], [68372.5, 6000.0], [68372.0, 18470.0], [68371.5, 34860.0], [68371.0, 27000.0], [68368.0, 20390.0], [68367.5, 50000.0], [68367.0, 8190.0], [68366.5, 36940.0]], "asks": [[68385.0, 21690.0], [68386.0, 60.0], [68389.0, 100.0], [68389.5, 40480.0], [68390.0, 5490.0], [68390.5, 210.0], [68391.0, 6590.0], [68391.5, 2610.0], [68393.0, 12000.0], [68396.0, 510.0], [68396.5, 3880.0], [68397.0, 12990.0], [68397.5, 18150.0], [68398.0, 46820.0], [68400.5, 19360.0], [68401.0, 6000.0], [68401.5, 7900.0], [68402.5, 36960.0], [68403.0, 14000.0], [68403.5, 4090.0]]}}}
{"jsonrpc": "2.0", "method": "subscription", "params": {"channel": "book.BTC-PERPETUAL.none.20.100ms", "data": {"timestamp": 1772570961913, "change_id": 143466747578, "instrument_name": "BTC-PERPETUAL", "bids": [[68384.5, 170220.0], [68384.0, 14640.0], [68383.5, 1790.0], [68381.5, 210.0], [68380.5, 490.0], [68380.0, 6000.0], [68379.5, 1500.0], [68377.5, 4340.0], [68376.0, 7780.0], [68375.5, 10980.0], [68375.0, 960.0], [68373.0, 19100.0], [68372.5, 6000.0], [68372.0, 18470.0], [68371.5, 21870.0], [68371.0, 27000.0], [68368.5, 12990.0], [68368.0, 20390.0], [68367.5, 50000.0], [68367.0, 8190.0]], "asks": [[68385.0, 6690.0], [68386.0, 60.0], [68389.5, 5490.0], [68390.0, 5490.0], [68390.5, 35200.0], [68391.0, 6590.0], [68391.5, 2610.0], [68392.5, 15000.0], [68393.0, 12000.0], [68396.0, 510.0], [68396.5, 3880.0], [68397.0, 12990.0], [68397.5, 18150.0], [68398.0, 46820.0], [68400.5, 19360.0], [68401.0, 6000.0], [68401.5, 7900.0], [68402.5, 36960.0], [68403.0, 14000.0], [68403.5, 4090.0]]}}}
{"jsonrpc": "2.0", "method": "subscription", "params": {"channel": "book.BTC-PERPETUAL.none.20.100ms", "data": {"timestamp": 1772570962248, "change_id": 143466747925, "instrument_name": "BTC-PERPETUAL", "bids": [[68384.5, 170340.0], [68384.0, 14640.0], [68383.5, 3410.0], [68381.5, 210.0], [68380.5, 490.0], [68380.0, 11490.0], [68378.5, 2930.0], [68378.0, 5490.0], [68377.5, 4340.0], [68376.0, 7780.0], [68375.0, 960.0], [68373.0, 32090.0], [68372.5, 6000.0], [68372.0, 18470.0], [68371.5, 21870.0], [68371.0, 27000.0], [68369.0, 36940.0], [68368.0, 20390.0], [68367.5, 50000.0], [68367.0, 8190.0]], "asks": [[68385.0, 6690.0], [68386.0, 60.0], [68389.0, 100.0], [68390.5, 210.0], [68391.5, 37600.0], [68392.0, 5490.0], [68392.5, 20490.0], [68393.0, 12000.0], [68395.0, 4030.0], [68395.5, 6590.0], [68396.0, 10.0], [68396.5, 490.0], [68397.0, 12990.0], [68397.5, 18150.0], [68398.0, 46820.0], [68400.5, 5370.0], [68401.0, 6000.0], [68401.5, 7900.0], [68403.5, 4090.0], [68404.0, 17030.0]]}}}
{"jsonrpc": "2.0", "method": "subscription", "params": {"channel": "book.BTC-PERPETUAL.none.20.100ms", "data": {"timestamp": 1772570962586, "change_id": 143466749532, "instrument_name": "BTC-PERPETUAL", "bids": [[68384.5, 182020.0], [68384.0, 14640.0], [68383.5, 10670.0], [68380.5, 19100.0], [68380.0, 18990.0], [68379.0, 12320.0], [68377.5, 4340.0], [68376.5, 36940.0], [68375.0, 960.0], [68374.5, 30110.0], [68374.0, 34190.0], [68373.5, 6590.0], [68373.0, 69100.0], [68372.5, 19990.0], [68372.0, 25000.0], [68371.5, 21870.0], [68367.5, 1000.0], [68367.0, 8190.0], [68366.5, 4990.0], [68366.0, 4130.0]], "asks": [[68385.0, 730.0], [68386.0, 60.0], [68391.5, 10.0], [68392.5, 15000.0], [68396.0, 10.0], [68397.5, 220.0], [68398.0, 34990.0], [68398.5, 5490.0], [68399.0, 12000.0], [68399.5, 5980.0], [68400.0, 2600.0], [68400.5, 4940.0], [68401.0, 6590.0], [68403.5, 4090.0], [68404.0, 26920.0], [68404.5, 1000.0], [68405.5, 7900.0], [68407.5, 38900.0], [68408.5, 3630.0], [68409.0, 7850.0]]}}}
{"jsonrpc": "2.0", "method": "subscription", "params": {"channel": "book.BTC-PERPETUAL.none.20.100ms", "data": {"timestamp": 1772570962913, "change_id": 143466750204, "instrument_name": "BTC-PERPETUAL", "bids": [[68384.5, 170890.0], [68384.0, 14640.0], [68383.5, 10670.0], [68381.0, 11470.0], [68380.5, 19100.0], [68380.0, 6000.0], [68379.0, 5010.0], [68377.5, 4340.0], [68376.5, 12990.0], [68376.0, 45900.0], [68375.0, 960.0], [68374.5, 2000.0], [68374.0, 84190.0], [68373.5, 36940.0], [68373.0, 19100.0], [68372.5, 26700.0], [68372.0, 25000.0], [68371.5, 28460.0], [68371.0, 21870.0], [68367.5, 1000.0]], "asks": [[68385.0, 730.0], [68386.0, 60.0], [68391.5, 10.0], [68396.0, 10.0], [68396.5, 3770.0], [68397.0, 10980.0], [68397.5, 24890.0], [68398.0, 34990.0], [68399.0, 18590.0], [68400.0, 30590.0], [68400.5, 3030.0], [68402.5, 6000.0], [68403.5, 4090.0], [68404.0, 13930.0], [68404.5, 1000.0], [68405.5, 7900.0], [68407.5, 38900.0], [68408.5, 19470.0], [68409.0, 7850.0], [68409.5, 36960.0]]}}}
{"jsonrpc": "2.0", "method": "subscription", "params": {"channel": "book.BTC-PERPETUAL.none.20.100ms", "data": {"timestamp": 1772570963232, "change_id": 143466750547, "instrument_name": "BTC-PERPETUAL", "bids": [[68384.5, 172160.0], [68384.0, 14640.0], [68383.5, 10670.0], [68381.5, 490.0], [68381.0, 10980.0], [68380.5, 19100.0], [68380.0, 6000.0], [68379.0, 5010.0], [68377.5, 4340.0], [68376.5, 12990.0], [68376.0, 45900.0], [68375.0, 960.0], [68374.5, 2000.0], [68374.0, 84190.0], [68373.5, 36940.0], [68373.0, 19100.0], [68372.5, 26700.0], [68372.0, 25000.0], [68371.5, 21870.0], [68371.0, 21870.0]], "asks": [[68385.0, 730.0], [68386.0, 60.0], [68391.5, 10.0], [68395.5, 10980.0], [68396.0, 2120.0], [68396.5, 7080.0], [68397.5, 24890.0], [68398.0, 34990.0], [68399.0, 12000.0], [68400.0, 30590.0], [68400.5, 3030.0], [68402.5, 6000.0], [68403.5, 4090.0], [68404.0, 13930.0], [68404.5, 1000.0], [68405.5, 7900.0], [68407.5, 38900.0], [68408.5, 19470.0], [68409.0, 7850.0], [68409.5, 36960.0]]}}}
{"jsonrpc": "2.0", "method": "subscription", "params": {"channel": "book.BTC-PERPETUAL.none.20.100ms", "data": {"timestamp": 1772570963575, "change_id": 143466751140, "instrument_name": "BTC-PERPETUAL", "bids": [[68384.5, 177920.0], [68384.0, 20130.0], [68383.5, 10670.0], [68380.5, 19100.0], [68380.0, 6000.0], [68379.5, 12990.0], [68379.0, 1300.0], [68377.5, 4340.0], [68376.0, 45900.0], [68375.5, 36940.0], [68375.0, 960.0], [68374.5, 2000.0], [68374.0, 84190.0], [68372.5, 26700.0], [68372.0, 31590.0], [68371.5, 21870.0], [68371.0, 21870.0], [68368.5, 9220.0], [68367.5, 1000.0], [68367.0, 8190.0]], "asks": [[68385.0, 730.0], [68386.0, 60.0], [68391.5, 10.0], [68396.0, 2120.0], [68396.5, 12080.0], [68397.5, 30380.0], [68398.0, 34990.0], [68399.0, 12000.0], [68399.5, 490.0], [68400.0, 17600.0], [68400.5, 4940.0], [68402.0, 12990.0], [68403.5, 4090.0], [68404.0, 13930.0], [68404.5, 1000.0], [68405.5, 7900.0], [68407.5, 38900.0], [68408.5, 19470.0], [68409.0, 7850.0], [68410.0, 6000.0]]}}}
{"jsonrpc": "2.0", "method": "subscription", "params": {"channel": "book.BTC-PERPETUAL.none.20.100ms", "data": {"timestamp": 1772570963910, "change_id": 143466751926, "instrument_name": "BTC-PERPETUAL", "bids": [[68384.5, 172580.0], [68384.0, 14640.0], [68383.5, 10410.0], [68381.5, 5490.0], [68381.0, 5980.0], [68380.5, 19100.0], [68380.0, 6000.0], [68379.0, 19460.0], [68377.5, 4340.0], [68376.5, 50000.0], [68375.5, 12990.0], [68375.0, 920.0], [68374.5, 12000.0], [68374.0, 34190.0], [68372.5, 36870.0], [68372.0, 61940.0], [68371.5, 21870.0], [68371.0, 21870.0], [68369.0, 6590.0], [68368.5, 9220.0]], "asks": [[68385.0, 730.0], [68386.0, 60.0], [68391.5, 10.0], [68396.0, 10.0], [68397.0, 17570.0], [68397.5, 25380.0], [68398.0, 34990.0], [68399.0, 12000.0], [68399.5, 12990.0], [68400.0, 17600.0], [68400.5, 2860.0], [68403.5, 10090.0], [68404.0, 13930.0], [68404.5, 1000.0], [68405.5, 7900.0], [68407.5, 38900.0], [68408.0, 34640.0], [68408.5, 36960.0], [68409.0, 7850.0], [68410.5, 10320.0]]}}}
{"jsonrpc": "2.0", "method": "subscription", "params": {"channel": "book.BTC-PERPETUAL.none.20.100ms", "data": {"timestamp": 1772570964238, "change_id": 143466752288, "instrument_name": "BTC-PERPETUAL", "bids": [[68384.5, 189580.0], [68384.0, 15130.0], [68383.5, 11410.0], [68382.5, 5490.0], [68381.5, 5490.0], [68380.5, 19100.0], [68380.0, 6000.0], [68379.0, 19460.0], [68377.5, 4340.0], [68377.0, 12990.0], [68376.5, 50000.0], [68376.0, 2000.0], [68375.0, 920.0], [68374.5, 12000.0], [68374.0, 34190.0], [68372.5, 36870.0], [68372.0, 61940.0], [68371.5, 21870.0], [68369.0, 6590.0], [68368.5, 9220.0]], "asks": [[68385.0, 690.0], [68386.0, 60.0], [68391.5, 10.0], [68396.0, 10.0], [68396.5, 5240.0], [68397.0, 17570.0], [68397.5, 24890.0], [68398.0, 34990.0], [68398.5, 490.0], [68399.0, 12000.0], [68399.5, 12990.0], [68400.0, 17600.0], [68400.5, 2860.0], [68403.5, 10090.0], [68404.0, 13930.0], [68404.5, 1000.0], [68405.5, 7900.0], [68407.5, 38900.0], [68408.0, 20640.0], [68408.5, 36960.0]]}}}
{"jsonrpc": "2.0", "method": "subscription", "params": {"channel": "book.BTC-PERPETUAL.none.20.100ms", "data": {"timestamp": 1772570964572, "change_id": 143466752883, "instrument_name": "BTC-PERPETUAL", "bids": [[68384.5, 189670.0], [68384.0, 14640.0], [68383.5, 11900.0], [68381.5, 5490.0], [68381.0, 5490.0], [68380.5, 19100.0], [68380.0, 6000.0], [68379.0, 19460.0], [68377.5, 4340.0], [68377.0, 12990.0], [68376.5, 71880.0], [68376.0, 2000.0], [68375.0, 920.0], [68374.5, 12000.0], [68374.0, 34190.0], [68372.5, 36870.0], [68372.0, 61940.0], [68371.5, 21870.0], [68369.0, 6590.0], [68368.5, 9220.0]], "asks": [[68385.0, 3190.0], [68386.0, 60.0], [68391.5, 10.0], [68396.0, 10.0], [68396.5, 5240.0], [68397.0, 17570.0], [68397.5, 24890.0], [68398.0, 34990.0], [68398.5, 490.0], [68399.0, 12000.0], [68399.5, 12990.0], [68400.0, 17600.0], [68400.5, 2860.0], [68403.5, 10090.0], [68404.0, 13930.0], [68404.5, 1000.0], [68405.5, 7900.0], [68407.5, 38900.0], [68408.0, 20640.0], [68408.5, 36960.0]]}}}
{"jsonrpc": "2.0", "method": "subscription", "params": {"channel": "book.BTC-PERPETUAL.none.20.100ms", "data": {"timestamp": 1772570964898, "change_id": 143466753619, "instrument_name": "BTC-PERPETUAL", "bids": [[68385.5, 118160.0], [68385.0, 63050.0], [68384.5, 110920.0], [68384.0, 4640.0], [68383.5, 1000.0], [68381.5, 11370.0], [68381.0, 12990.0], [68380.5, 19100.0], [68380.0, 6000.0], [68379.0, 31890.0], [68378.0, 36940.0], [68377.5, 4340.0], [68376.5, 71880.0], [68376.0, 2000.0], [68375.0, 920.0], [68374.5, 18590.0], [68374.0, 34190.0], [68372.5, 21960.0], [68372.0, 26000.0], [68371.5, 21870.0]], "asks": [[68386.0, 30.0], [68391.5, 10.0], [68396.0, 10.0], [68398.0, 34990.0], [68399.5, 5490.0], [68400.0, 17600.0], [68402.5, 2190.0], [68403.0, 12080.0], [68403.5, 490.0], [68404.0, 13930.0], [68405.0, 12000.0], [68407.0, 12990.0], [68407.5, 38900.0], [68408.0, 3080.0], [68410.5, 14410.0], [68411.0, 2350.0], [68412.5, 7830.0], [68414.0, 40.0], [68414.5, 29980.0], [68415.0, 51060.0]]}}}
{"jsonrpc": "2.0", "method": "subscription", "params": {"channel": "book.BTC-PERPETUAL.none.20.100ms", "data": {"timestamp": 1772570965232, "change_id": 143466754295, "instrument_name": "BTC-PERPETUAL", "bids": [[68385.5, 140040.0], [68385.0, 49140.0], [68384.5, 92730.0], [68384.0, 4640.0], [68383.0, 20940.0], [68380.5, 56040.0], [68380.0, 6000.0], [68379.0, 19460.0], [68378.0, 6590.0], [68377.5, 4340.0], [68376.5, 71880.0], [68375.5, 19730.0], [68375.0, 25920.0], [68374.0, 34190.0], [68372.5, 6000.0], [68372.0, 1000.0], [68368.5, 9220.0], [68367.0, 8190.0], [68366.5, 4990.0], [68366.0, 4130.0]], "asks": [[68386.0, 30.0], [68391.5, 10.0], [68396.0, 10.0], [68399.5, 34990.0], [68400.0, 17600.0], [68402.0, 5490.0], [68402.5, 2130.0], [68403.5, 5490.0], [68404.0, 19320.0], [68404.5, 6590.0], [68405.0, 12000.0], [68406.5, 220.0], [68407.0, 12990.0], [68407.5, 41910.0], [68410.5, 10090.0], [68411.0, 2350.0], [68412.5, 7830.0], [68414.0, 40.0], [68414.5, 29980.0], [68415.0, 100.0]]}}}
{"jsonrpc": "2.0", "method": "subscription", "params": {"channel": "book.BTC-PERPETUAL.none.20.100ms", "data": {"timestamp": 1772570965550, "change_id": 143466754904, "instrument_name": "BTC-PERPETUAL", "bids": [[68385.5, 153290.0], [68385.0, 49140.0], [68384.5, 79630.0], [68384.0, 4640.0], [68383.0, 20940.0], [68380.5, 56040.0], [68380.0, 6000.0], [68379.0, 19460.0], [68378.5, 2000.0], [68378.0, 6590.0], [68377.5, 4340.0], [68376.5, 71880.0], [68375.5, 19730.0], [68375.0, 25920.0], [68374.0, 34190.0], [68372.5, 6000.0], [68372.0, 1000.0], [68369.5, 1490.0], [68369.0, 4990.0], [68367.0, 8190.0]], "asks": [[68386.0, 30.0], [68391.5, 10.0], [68396.0, 10.0], [68399.5, 34990.0], [68400.0, 17600.0], [68402.0, 3830.0], [68402.5, 5490.0], [68403.0, 220.0], [68404.0, 24810.0], [68405.0, 12000.0], [68406.5, 6590.0], [68407.5, 45400.0], [68410.0, 12990.0], [68410.5, 10090.0], [68411.0, 2350.0], [68412.5, 7830.0], [68414.0, 40.0], [68414.5, 29980.0], [68415.0, 100.0], [68415.5, 2630.0]]}}}
{"jsonrpc": "2.0", "method": "subscription", "params": {"channel": "book.BTC-PERPETUAL.none.20.100ms", "data": {"timestamp": 1772570965862, "change_id": 143466755439, "instrument_name": "BTC-PERPETUAL", "bids": [[68385.5, 153280.0], [68385.0, 49140.0], [68384.5, 79440.0], [68384.0, 4640.0], [68383.0, 20940.0], [68380.5, 56040.0], [68380.0, 6000.0], [68379.5, 6590.0], [68379.0, 29360.0], [68378.5, 2000.0], [68377.5, 26220.0], [68377.0, 25000.0], [68376.5, 71880.0], [68375.5, 12270.0], [68375.0, 920.0], [68374.0, 34190.0], [68372.5, 6000.0], [68372.0, 1000.0], [68367.5, 4990.0], [68367.0, 8190.0]], "asks": [[68386.0, 30.0], [68391.5, 10.0], [68396.0, 10.0], [68399.5, 34990.0], [68400.0, 17600.0], [68401.5, 490.0], [68402.0, 1700.0], [68402.5, 5490.0], [68403.0, 220.0], [68404.0, 19320.0], [68404.5, 12080.0], [68405.0, 12000.0], [68407.5, 45400.0], [68410.0, 12990.0], [68410.5, 10090.0], [68411.0, 2350.0], [68412.5, 7830.0], [68414.0, 40.0], [68414.5, 29980.0], [68415.0, 100.0]]}}}
{"jsonrpc": "2.0", "method": "subscription", "params": {"channel": "book.BTC-PERPETUAL.none.20.100ms", "data": {"timestamp": 1772570966206, "change_id": 143466755891, "instrument_name": "BTC-PERPETUAL", "bids": [[68385.5, 139740.0], [68385.0, 49630.0], [68384.5, 79280.0], [68384.0, 4640.0], [68383.0, 11370.0], [68381.0, 12990.0], [68380.5, 19100.0], [68380.0, 6000.0], [68379.0, 46580.0], [68378.5, 2000.0], [68377.5, 26220.0], [68377.0, 61940.0], [68376.5, 71880.0], [68375.5, 12270.0], [68375.0, 920.0], [68374.5, 6590.0], [68374.0, 34190.0], [68372.5, 6000.0], [68372.0, 1000.0], [68368.0, 6960.0]], "asks": [[68386.0, 2530.0], [68386.5, 90.0], [68391.5, 10.0], [68396.0, 10.0], [68399.0, 5490.0], [68399.5, 35480.0], [68400.0, 17600.0], [68400.5, 5020.0], [68401.0, 5490.0], [68402.0, 6590.0], [68403.0, 220.0], [68403.5, 6000.0], [68404.0, 19320.0], [68404.5, 12990.0], [68405.0, 12000.0], [68407.5, 45880.0], [68408.0, 8200.0], [68408.5, 4100.0], [68409.5, 1000.0], [68410.5, 10090.0]]}}}
{"jsonrpc": "2.0", "method": "subscription", "params": {"channel": "book.BTC-PERPETUAL.none.20.100ms", "data": {"timestamp": 1772570966557, "change_id": 143466756572, "instrument_name": "BTC-PERPETUAL", "bids": [[68385.5, 140580.0], [68385.0, 39880.0], [68384.5, 62180.0], [68384.0, 4340.0], [68383.0, 11370.0], [68380.5, 19100.0], [68380.0, 6000.0], [68379.5, 12990.0], [68379.0, 46580.0], [68378.5, 2000.0], [68377.5, 26220.0], [68377.0, 25000.0], [68376.5, 71880.0], [68376.0, 36940.0], [68375.5, 12270.0], [68375.0, 920.0], [68374.0, 34190.0], [68373.0, 6590.0], [68372.5, 6000.0], [68368.5, 4990.0]], "asks": [[68386.0, 30.0], [68390.5, 900.0], [68391.5, 10.0], [68396.0, 10.0], [68398.5, 40480.0], [68399.0, 9740.0], [68400.0, 29680.0], [68402.5, 6220.0], [68403.0, 13210.0], [68403.5, 6000.0], [68404.0, 19320.0], [68405.0, 12000.0], [68407.5, 45880.0], [68408.0, 8200.0], [68408.5, 4100.0], [68409.5, 1000.0], [68410.5, 6000.0], [68411.0, 13080.0], [68412.0, 36960.0], [68412.5, 7830.0]]}}}
{"jsonrpc": "2.0", "method": "subscription", "params": {"channel": "book.BTC-PERPETUAL.none.20.100ms", "data": {"timestamp": 1772570966887, "change_id": 143466757136, "instrument_name": "BTC-PERPETUAL", "bids": [[68385.5, 140680.0], [68385.0, 39880.0], [68384.5, 62180.0], [68384.0, 4340.0], [68383.5, 12990.0], [68383.0, 20940.0], [68380.5, 19100.0], [68380.0, 42940.0], [68379.0, 46580.0], [68378.5, 2000.0], [68378.0, 6590.0], [68377.5, 26220.0], [68377.0, 25000.0], [68376.5, 71880.0], [68375.5, 12270.0], [68375.0, 920.0], [68374.0, 34190.0], [68372.5, 6000.0], [68370.5, 1000.0], [68368.5, 4990.0]], "asks": [[68386.0, 30.0], [68391.5, 10.0], [68396.0, 10.0], [68398.5, 34990.0], [68400.0, 29600.0], [68401.5, 6780.0], [68402.0, 5490.0], [68402.5, 5980.0], [68403.0, 220.0], [68403.5, 6590.0], [68404.0, 11610.0], [68407.0, 12990.0], [68407.5, 45880.0], [68408.0, 8200.0], [68408.5, 4100.0], [68409.5, 1000.0], [68410.5, 6000.0], [68411.0, 2350.0], [68412.5, 7830.0], [68414.0, 40.0]]}}}
{"jsonrpc": "2.0", "method": "subscription", "params": {"channel": "book.BTC-PERPETUAL.none.20.100ms", "data": {"timestamp": 1772570967177, "change_id": 143466757542, "instrument_name": "BTC-PERPETUAL", "bids": [[68385.5, 141030.0], [68385.0, 39880.0], [68384.5, 62180.0], [68384.0, 4340.0], [68383.0, 11370.0], [68381.0, 12990.0], [68380.5, 19100.0], [68380.0, 6000.0], [68379.0, 46580.0], [68378.5, 2000.0], [68377.5, 26220.0], [68377.0, 61940.0], [68376.5, 71880.0], [68375.5, 12270.0], [68375.0, 920.0], [68374.5, 6590.0], [68374.0, 34190.0], [68372.5, 6000.0], [68371.5, 1790.0], [68371.0, 4990.0]], "asks": [[68386.0, 30.0], [68391.5, 910.0], [68396.0, 10.0], [68398.0, 20920.0], [68398.5, 34990.0], [68399.5, 10980.0], [68400.0, 29600.0], [68400.5, 7210.0], [68401.0, 6590.0], [68402.0, 490.0], [68403.0, 13210.0], [68404.0, 11610.0], [68407.5, 45880.0], [68408.0, 8200.0], [68408.5, 4100.0], [68409.5, 1000.0], [68410.5, 6000.0], [68411.0, 2350.0], [68412.0, 36960.0], [68412.5, 7830.0]]}}}
{"jsonrpc": "2.0", "method": "subscription", "params": {"channel": "book.BTC-PERPETUAL.none.20.100ms", "data": {"timestamp": 1772570967510, "change_id": 143466758224, "instrument_name": "BTC-PERPETUAL", "bids": [[68385.5, 135510.0], [68385.0, 39880.0], [68384.5, 62180.0], [68384.0, 4340.0], [68383.5, 5490.0], [68383.0, 8530.0], [68380.0, 31000.0], [68379.0, 29880.0], [68378.5, 2000.0], [68378.0, 12990.0], [68377.5, 26220.0], [68376.5, 71880.0], [68375.5, 23700.0], [68375.0, 870.0], [68374.5, 36940.0], [68374.0, 34190.0], [68372.5, 6000.0], [68369.5, 1970.0], [68369.0, 6590.0], [68368.5, 4990.0]], "asks": [[68386.0, 30.0], [68391.5, 910.0], [68396.0, 10.0], [68397.0, 34990.0], [68397.5, 5710.0], [68398.0, 14080.0], [68399.0, 6590.0], [68399.5, 5490.0], [68400.0, 30090.0], [68400.5, 3820.0], [68403.5, 12990.0], [68404.0, 11610.0], [68407.5, 54800.0], [68408.0, 8200.0], [68408.5, 4100.0], [68409.5, 1000.0], [68410.0, 36960.0], [68410.5, 6000.0], [68411.0, 2350.0], [68412.0, 14000.0]]}}}
{"jsonrpc": "2.0", "method": "subscription", "params": {"channel": "book.BTC-PERPETUAL.none.20.100ms", "data": {"timestamp": 1772570967874, "change_id": 143466759037, "instrument_name": "BTC-PERPETUAL", "bids": [[68391.0, 156560.0], [68390.5, 30000.0], [68390.0, 2280.0], [68389.0, 2600.0], [68388.5, 200.0], [68387.5, 4340.0], [68386.5, 490.0], [68386.0, 8550.0], [68385.5, 5190.0], [68385.0, 720.0], [68384.5, 6500.0], [68384.0, 4340.0], [68383.5, 5490.0], [68383.0, 8530.0], [68380.0, 31000.0], [68379.0, 20700.0], [68378.5, 2000.0], [68378.0, 12990.0], [68377.5, 4340.0], [68376.5, 50000.0]], "asks": [[68391.5, 18500.0], [68394.5, 880.0], [68396.0, 10.0], [68396.5, 34990.0], [68397.5, 5710.0], [68398.0, 7410.0], [68399.0, 6590.0], [68399.5, 5490.0], [68400.0, 14600.0], [68400.5, 3820.0], [68403.0, 490.0], [68403.5, 12990.0], [68404.0, 11610.0], [68407.5, 54800.0], [68408.0, 8200.0], [68408.5, 4100.0], [68409.5, 1000.0], [68410.0, 36960.0], [68410.5, 6000.0], [68411.0, 6230.0]]}}}
{"jsonrpc": "2.0", "method": "subscription", "params": {"channel": "book.BTC-PERPETUAL.none.20.100ms", "data": {"timestamp": 1772570968208, "change_id": 143466759536, "instrument_name": "BTC-PERPETUAL", "bids": [[68391.0, 186650.0], [68390.5, 4340.0], [68390.0, 5090.0], [68389.0, 2600.0], [68388.5, 200.0], [68387.5, 4340.0], [68387.0, 5490.0], [68386.5, 490.0], [68386.0, 4560.0], [68385.5, 10590.0], [68385.0, 720.0], [68384.5, 1010.0], [68384.0, 4340.0], [68383.0, 5220.0], [68380.0, 6000.0], [68379.5, 12990.0], [68379.0, 42580.0], [68378.5, 2000.0], [68377.5, 4340.0], [68377.0, 36940.0]], "asks": [[68391.5, 3500.0], [68394.5, 780.0], [68396.0, 10.0], [68397.5, 220.0], [68398.5, 34990.0], [68399.0, 15000.0], [68399.5, 5490.0], [68400.0, 26680.0], [68400.5, 3750.0], [68402.0, 490.0], [68403.5, 12990.0], [68404.0, 11610.0], [68407.5, 45880.0], [68408.0, 8200.0], [68408.5, 4100.0], [68409.5, 1000.0], [68410.5, 6000.0], [68411.0, 16760.0], [68412.0, 36960.0], [68412.5, 7830.0]]}}}
{"jsonrpc": "2.0", "method": "subscription", "params": {"channel": "book.BTC-PERPETUAL.none.20.100ms", "data": {"timestamp": 1772570968541, "change_id": 143466761004, "instrument_name": "BTC-PERPETUAL", "bids": [[68395.5, 42170.0], [68395.0, 4340.0], [68394.5, 30200.0], [68394.0, 36700.0], [68393.5, 4340.0], [68391.0, 36660.0], [68390.5, 4340.0], [68389.5, 12990.0], [68388.0, 12160.0], [68387.5, 4340.0], [68386.5, 42070.0], [68386.0, 1200.0], [68385.5, 4890.0], [68385.0, 720.0], [68384.5, 1010.0], [68384.0, 4340.0], [68383.5, 6590.0], [68383.0, 22680.0], [68381.0, 50000.0], [68380.5, 25000.0]], "asks": [[68396.0, 2700.0], [68406.5, 15000.0], [68407.0, 34990.0], [68407.5, 38900.0], [68408.0, 14680.0], [68408.5, 12000.0], [68409.0, 5980.0], [68411.0, 14400.0], [68412.0, 12990.0], [68412.5, 8050.0], [68413.5, 6000.0], [68414.0, 1040.0], [68414.5, 2340.0], [68416.5, 7830.0], [68419.0, 500.0], [68421.0, 11030.0], [68421.5, 36960.0], [68422.0, 2340.0], [68422.5, 7830.0], [68425.5, 14100.0]]}}}
{"jsonrpc": "2.0", "method": "subscription", "params": {"channel": "book.BTC-PERPETUAL.none.20.100ms", "data": {"timestamp": 1772570968863, "change_id": 143466762519, "instrument_name": "BTC-PERPETUAL", "bids": [[68395.5, 139100.0], [68395.0, 4450.0], [68394.5, 30200.0], [68394.0, 21700.0], [68393.5, 4340.0], [68391.5, 12990.0], [68391.0, 29850.0], [68390.5, 4340.0], [68389.0, 27690.0], [68388.0, 36940.0], [68387.5, 55340.0], [68386.5, 6590.0], [68386.0, 11490.0], [68385.5, 4790.0], [68385.0, 720.0], [68384.5, 1010.0], [68384.0, 4340.0], [68383.0, 25000.0], [68380.5, 1790.0], [68380.0, 6000.0]], "asks": [[68396.0, 10.0], [68411.0, 34990.0], [68411.5, 12080.0], [68412.0, 5490.0], [68412.5, 220.0], [68413.0, 5700.0], [68413.5, 15000.0], [68414.5, 11290.0], [68415.0, 490.0], [68415.5, 12000.0], [68416.5, 2600.0], [68418.0, 12990.0], [68418.5, 12680.0], [68420.0, 38900.0], [68422.0, 2340.0], [68422.5, 7830.0], [68425.0, 14790.0], [68425.5, 14100.0], [68426.0, 6500.0], [68427.0, 36960.0]]}}}
{"jsonrpc": "2.0", "method": "subscription", "params": {"channel": "book.BTC-PERPETUAL.none.20.100ms", "data": {"timestamp": 1772570969201, "change_id": 143466763658, "instrument_name": "BTC-PERPETUAL", "bids": [[68409.5, 148200.0], [68409.0, 4910.0], [68405.5, 6000.0], [68402.0, 2600.0], [68400.5, 210.0], [68399.0, 30000.0], [68398.5, 6000.0], [68396.0, 19100.0], [68395.5, 35170.0], [68395.0, 4340.0], [68394.5, 200.0], [68394.0, 19100.0], [68393.5, 4340.0], [68392.0, 8200.0], [68391.5, 12990.0], [68391.0, 25100.0], [68390.5, 4340.0], [68390.0, 2000.0], [68389.0, 27690.0], [68387.5, 55340.0]], "asks": [[68410.0, 78880.0], [68412.0, 2960.0], [68412.5, 9900.0], [68414.5, 3580.0], [68415.0, 12990.0], [68418.5, 12680.0], [68420.0, 38900.0], [68422.0, 13070.0], [68422.5, 7830.0], [68424.5, 36960.0], [68425.0, 8230.0], [68425.5, 14100.0], [68426.0, 6500.0], [68427.5, 7820.0], [68428.0, 1000.0], [68428.5, 4100.0], [68429.5, 100.0], [68431.5, 19440.0], [68432.0, 38900.0], [68433.0, 1830.0]]}}}
{"jsonrpc": "2.0", "method": "subscription", "params": {"channel": "book.BTC-PERPETUAL.none.20.100ms", "data": {"timestamp": 1772570969523, "change_id": 143466765395, "instrument_name": "BTC-PERPETUAL", "bids": [[68409.5, 155260.0], [68406.5, 1790.0], [68405.5, 6000.0], [68402.5, 5980.0], [68400.5, 210.0], [68400.0, 27440.0], [68399.5, 19580.0], [68399.0, 30000.0], [68398.5, 6000.0], [68396.5, 26590.0], [68396.0, 19100.0], [68395.5, 23200.0], [68395.0, 5340.0], [68394.5, 200.0], [68394.0, 19100.0], [68393.5, 4340.0], [68393.0, 27220.0], [68392.5, 25000.0], [68392.0, 8200.0], [68391.0, 6000.0]], "asks": [[68410.0, 4350.0], [68417.5, 5490.0], [68420.0, 38900.0], [68424.0, 5490.0], [68425.0, 1670.0], [68426.5, 12000.0], [68427.0, 6590.0], [68428.5, 4320.0], [68430.0, 6000.0], [68430.5, 18130.0], [68431.5, 7830.0], [68432.0, 38900.0], [68433.0, 500.0], [68434.0, 2870.0], [68435.5, 32470.0], [68436.0, 50960.0], [68436.5, 7810.0], [68437.0, 1000.0], [68438.5, 50000.0], [68439.0, 1470.0]]}}}
{"jsonrpc": "2.0", "method": "subscription", "params": {"channel": "book.BTC-PERPETUAL.none.20.100ms", "data": {"timestamp": 1772570969863, "change_id": 143466766717, "instrument_name": "BTC-PERPETUAL", "bids": [[68409.5, 132070.0], [68406.5, 210.0], [68406.0, 2280.0], [68405.5, 6000.0], [68404.0, 3280.0], [68403.5, 10980.0], [68400.0, 24120.0], [68399.5, 30000.0], [68398.5, 6000.0], [68396.5, 44630.0], [68396.0, 19100.0], [68395.5, 84330.0], [68395.0, 55340.0], [68394.5, 200.0], [68394.0, 19100.0], [68393.5, 4340.0], [68393.0, 8100.0], [68392.5, 6590.0], [68392.0, 8200.0], [68391.0, 6000.0]], "asks": [[68410.0, 7720.0], [68419.0, 34990.0], [68419.5, 17570.0], [68421.0, 4970.0], [68421.5, 15000.0], [68422.0, 6150.0], [68422.5, 8820.0], [68423.5, 12990.0], [68426.0, 7250.0], [68426.5, 12000.0], [68428.0, 8200.0], [68428.5, 30870.0], [68429.0, 38900.0], [68430.0, 6000.0], [68431.0, 36960.0], [68431.5, 7830.0], [68432.0, 5180.0], [68432.5, 14000.0], [68433.0, 500.0], [68434.0, 2870.0]]}}}
{"jsonrpc": "2.0", "method": "subscription", "params": {"channel": "book.BTC-PERPETUAL.none.20.100ms", "data": {"timestamp": 1772570970194, "change_id": 143466767240, "instrument_name": "BTC-PERPETUAL", "bids": [[68409.5, 132400.0], [68408.5, 14230.0], [68408.0, 30000.0], [68406.5, 210.0], [68405.5, 6000.0], [68405.0, 5490.0], [68404.5, 490.0], [68404.0, 5490.0], [68400.0, 24120.0], [68399.5, 25000.0], [68398.5, 6000.0], [68397.0, 21880.0], [68396.5, 44630.0], [68396.0, 19100.0], [68395.5, 59330.0], [68395.0, 55340.0], [68394.5, 6790.0], [68394.0, 19100.0], [68393.5, 4340.0], [68393.0, 8100.0]], "asks": [[68410.0, 7500.0], [68418.5, 2600.0], [68419.0, 40480.0], [68419.5, 20490.0], [68420.0, 490.0], [68420.5, 6590.0], [68421.0, 4480.0], [68421.5, 15000.0], [68422.0, 1860.0], [68422.5, 6220.0], [68425.5, 11130.0], [68426.0, 12990.0], [68426.5, 12000.0], [68428.0, 8200.0], [68428.5, 19840.0], [68429.0, 38900.0], [68430.0, 6000.0], [68431.5, 7830.0], [68432.0, 15560.0], [68432.5, 50960.0]]}}}
{"jsonrpc": "2.0", "method": "subscription", "params": {"channel": "book.BTC-PERPETUAL.none.20.100ms", "data": {"timestamp": 1772570970527, "change_id": 143466768050, "instrument_name": "BTC-PERPETUAL", "bids": [[68409.5, 116280.0], [68408.5, 9160.0], [68408.0, 30000.0], [68406.5, 210.0], [68401.0, 3070.0], [68400.5, 11470.0], [68400.0, 11130.0], [68398.5, 6000.0], [68398.0, 2000.0], [68397.5, 12990.0], [68397.0, 21880.0], [68396.5, 29470.0], [68396.0, 19100.0], [68395.5, 22390.0], [68395.0, 54340.0], [68394.5, 200.0], [68393.5, 4340.0], [68393.0, 24220.0], [68392.5, 36940.0], [68392.0, 33200.0]], "asks": [[68410.0, 6390.0], [68417.5, 2110.0], [68418.0, 7080.0], [68418.5, 31240.0], [68419.0, 40700.0], [68419.5, 15000.0], [68420.5, 12990.0], [68421.5, 15000.0], [68422.0, 1860.0], [68422.5, 6000.0], [68425.5, 20740.0], [68426.5, 12000.0], [68428.0, 22200.0], [68428.5, 56800.0], [68429.0, 38900.0], [68430.0, 6000.0], [68431.5, 7830.0], [68432.0, 1010.0], [68433.0, 500.0], [68434.0, 2870.0]]}}}
{"jsonrpc": "2.0", "method": "subscription", "params": {"channel": "book.BTC-PERPETUAL.none.20.100ms", "data": {"timestamp": 1772570970855, "change_id": 143466769575, "instrument_name": "BTC-PERPETUAL", "bids": [[68409.5, 70700.0], [68408.5, 30000.0], [68404.0, 3580.0], [68403.5, 12000.0], [68399.5, 4480.0], [68399.0, 15000.0], [68398.0, 5490.0], [68397.0, 490.0], [68396.5, 13530.0], [68396.0, 24800.0], [68395.5, 5890.0], [68395.0, 4340.0], [68394.5, 200.0], [68393.5, 4340.0], [68392.5, 8760.0], [68392.0, 14200.0], [68391.0, 12990.0], [68390.5, 4340.0], [68387.5, 29730.0], [68387.0, 88640.0]], "asks": [[68410.0, 92700.0], [68410.5, 2740.0], [68411.0, 6590.0], [68411.5, 2600.0], [68414.5, 7640.0], [68415.0, 6000.0], [68417.0, 18970.0], [68418.5, 1290.0], [68420.0, 4330.0], [68422.0, 16270.0], [68422.5, 6000.0], [68424.5, 36960.0], [68425.0, 14000.0], [68427.5, 2450.0], [68428.0, 8200.0], [68428.5, 19840.0], [68429.0, 38900.0], [68430.0, 6000.0], [68431.5, 7830.0], [68432.5, 15930.0]]}}}
{"jsonrpc": "2.0", "method": "subscription", "params": {"channel": "book.BTC-PERPETUAL.none.20.100ms", "data": {"timestamp": 1772570971182, "change_id": 143466770249, "instrument_name": "BTC-PERPETUAL", "bids": [[68409.5, 60440.0], [68407.5, 30000.0], [68404.0, 3580.0], [68403.5, 12000.0], [68399.5, 4480.0], [68399.0, 15000.0], [68397.5, 490.0], [68397.0, 5490.0], [68396.5, 13530.0], [68396.0, 19310.0], [68395.5, 5660.0], [68395.0, 4340.0], [68394.5, 200.0], [68394.0, 5490.0], [68393.5, 4340.0], [68392.5, 5600.0], [68392.0, 14200.0], [68390.5, 4340.0], [68390.0, 2000.0], [68388.5, 12820.0]], "asks": [[68410.0, 101060.0], [68410.5, 4300.0], [68411.5, 2600.0], [68413.5, 5490.0], [68414.0, 13480.0], [68414.5, 1790.0], [68415.0, 6000.0], [68418.5, 12160.0], [68420.0, 4330.0], [68421.5, 42930.0], [68422.0, 14000.0], [68422.5, 6000.0], [68427.5, 3670.0], [68428.0, 8200.0], [68428.5, 19840.0], [68429.0, 38900.0], [68430.0, 6000.0], [68431.5, 7830.0], [68432.5, 15930.0], [68433.0, 50500.0]]}}}
{"jsonrpc": "2.0", "method": "subscription", "params": {"channel": "book.BTC-PERPETUAL.none.20.100ms", "data": {"timestamp": 1772570971518, "change_id": 143466770896, "instrument_name": "BTC-PERPETUAL", "bids": [[68409.5, 60090.0], [68404.5, 8960.0], [68404.0, 33580.0], [68403.5, 12000.0], [68400.0, 8050.0], [68399.5, 11490.0], [68399.0, 15000.0], [68397.0, 490.0], [68396.5, 13530.0], [68396.0, 19310.0], [68395.5, 5660.0], [68395.0, 9830.0], [68394.5, 200.0], [68393.5, 4340.0], [68392.5, 9290.0], [68392.0, 14200.0], [68390.5, 17330.0], [68390.0, 2000.0], [68387.5, 6340.0], [68387.0, 1700.0]], "asks": [[68410.0, 124350.0], [68410.5, 7860.0], [68411.5, 2600.0], [68412.5, 12990.0], [68413.0, 490.0], [68413.5, 5490.0], [68414.5, 1790.0], [68415.0, 6000.0], [68418.5, 1290.0], [68420.0, 4330.0], [68421.5, 12590.0], [68422.0, 50960.0], [68422.5, 6000.0], [68425.5, 3670.0], [68428.0, 8200.0], [68428.5, 19840.0], [68429.0, 38900.0], [68430.0, 6000.0], [68431.5, 7830.0], [68432.5, 15930.0]]}}}
{"jsonrpc": "2.0", "method": "subscription", "params": {"channel": "book.BTC-PERPETUAL.none.20.100ms", "data": {"timestamp": 1772570971840, "change_id": 143466771785, "instrument_name": "BTC-PERPETUAL", "bids": [[68409.5, 60090.0], [68404.5, 8960.0], [68404.0, 33580.0], [68403.5, 12000.0], [68400.0, 4480.0], [68399.0, 15000.0], [68396.5, 4400.0], [68396.0, 5490.0], [68395.5, 3060.0], [68395.0, 4340.0], [68394.5, 200.0], [68394.0, 490.0], [68393.5, 4340.0], [68392.5, 11090.0], [68392.0, 8200.0], [68391.0, 2810.0], [68390.5, 4340.0], [68389.5, 7940.0], [68389.0, 6000.0], [68388.0, 12990.0]], "asks": [[68410.0, 130900.0], [68410.5, 4650.0], [68411.0, 12990.0], [68411.5, 2600.0], [68414.5, 6040.0], [68415.0, 6000.0], [68416.5, 15000.0], [68418.5, 13160.0], [68419.0, 36960.0], [68420.0, 4330.0], [68421.0, 14000.0], [68421.5, 1790.0], [68422.5, 6000.0], [68425.5, 3670.0], [68428.0, 8200.0], [68428.5, 32750.0], [68429.0, 38900.0], [68430.0, 56000.0], [68431.5, 7830.0], [68433.0, 15410.0]]}}}
{"jsonrpc": "2.0", "method": "subscription", "params": {"channel": "book.BTC-PERPETUAL.none.20.100ms", "data": {"timestamp": 1772570972163, "change_id": 143466772251, "instrument_name": "BTC-PERPETUAL", "bids": [[68409.5, 60090.0], [68404.5, 8960.0], [68404.0, 33580.0], [68403.5, 12000.0], [68400.0, 4480.0], [68399.0, 15000.0], [68396.5, 4400.0], [68395.5, 8550.0], [68395.0, 6940.0], [68394.5, 200.0], [68394.0, 490.0], [68393.5, 4340.0], [68392.5, 9300.0], [68392.0, 8200.0], [68391.0, 210.0], [68390.5, 4340.0], [68389.5, 7940.0], [68389.0, 6000.0], [68388.0, 12990.0], [68387.5, 6340.0]], "asks": [[68410.0, 130330.0], [68410.5, 4650.0], [68411.0, 12990.0], [68411.5, 2600.0], [68414.5, 6040.0], [68415.0, 6000.0], [68416.5, 15000.0], [68418.5, 13160.0], [68419.0, 36960.0], [68420.0, 4330.0], [68421.0, 14000.0], [68421.5, 1790.0], [68422.5, 6000.0], [68425.5, 3670.0], [68428.0, 8200.0], [68428.5, 32750.0], [68429.0, 38900.0], [68430.0, 56000.0], [68431.5, 7830.0], [68433.0, 15410.0]]}}}
{"jsonrpc": "2.0", "method": "subscription", "params": {"channel": "book.BTC-PERPETUAL.none.20.100ms", "data": {"timestamp": 1772570972508, "change_id": 143466772916, "instrument_name": "BTC-PERPETUAL", "bids": [[68409.5, 60090.0], [68404.5, 18960.0], [68404.0, 33580.0], [68403.5, 12000.0], [68400.0, 4480.0], [68399.0, 15000.0], [68396.5, 7350.0], [68395.5, 3060.0], [68395.0, 12430.0], [68394.5, 200.0], [68394.0, 490.0], [68393.5, 4340.0], [68393.0, 5490.0], [68392.5, 3810.0], [68392.0, 8200.0], [68391.0, 210.0], [68390.5, 4340.0], [68389.5, 7940.0], [68389.0, 6000.0], [68387.5, 6340.0]], "asks": [[68410.0, 144330.0], [68411.5, 2600.0], [68414.5, 6040.0], [68415.0, 6000.0], [68416.5, 15000.0], [68418.5, 13160.0], [68419.0, 36960.0], [68420.0, 4330.0], [68421.0, 14000.0], [68421.5, 1790.0], [68422.5, 6000.0], [68425.5, 3670.0], [68428.0, 8200.0], [68428.5, 32750.0], [68429.0, 38900.0], [68430.0, 56000.0], [68431.5, 7830.0], [68432.5, 2000.0], [68433.0, 15410.0], [68433.5, 48690.0]]}}}
{"jsonrpc": "2.0", "method": "subscription", "params": {"channel": "book.BTC-PERPETUAL.none.20.100ms", "data": {"timestamp": 1772570972818, "change_id": 143466773394, "instrument_name": "BTC-PERPETUAL", "bids": [[68409.5, 60090.0], [68404.5, 18960.0], [68404.0, 33580.0], [68403.5, 12000.0], [68400.0, 4480.0], [68399.0, 15000.0], [68396.5, 7350.0], [68395.5, 3060.0], [68395.0, 12430.0], [68394.5, 200.0], [68393.5, 4340.0], [68393.0, 490.0], [68392.5, 9300.0], [68392.0, 8200.0], [68391.0, 210.0], [68390.5, 4340.0], [68389.5, 7940.0], [68389.0, 6000.0], [68388.0, 600.0], [68387.5, 6340.0]], "asks": [[68410.0, 143190.0], [68411.5, 2600.0], [68414.5, 6040.0], [68415.0, 6000.0], [68416.5, 15000.0], [68417.0, 2000.0], [68418.5, 13160.0], [68419.0, 36960.0], [68420.0, 4330.0], [68421.0, 14000.0], [68421.5, 1790.0], [68422.5, 6000.0], [68425.5, 3670.0], [68428.0, 8200.0], [68428.5, 32750.0], [68429.0, 38900.0], [68430.0, 56000.0], [68431.0, 5000.0], [68431.5, 7830.0], [68432.5, 2000.0]]}}}
{"jsonrpc": "2.0", "method": "subscription", "params": {"channel": "book.BTC-PERPETUAL.none.20.100ms", "data": {"timestamp": 1772570973145, "change_id": 143466774872, "instrument_name": "BTC-PERPETUAL", "bids": [[68396.0, 101100.0], [68395.0, 4340.0], [68394.5, 200.0], [68393.5, 4340.0], [68390.5, 4340.0], [68388.5, 2080.0], [68388.0, 600.0], [68387.5, 6340.0], [68387.0, 1700.0], [68386.5, 37040.0], [68385.5, 12750.0], [68384.5, 1000.0], [68384.0, 4340.0], [68382.5, 39510.0], [68382.0, 8210.0], [68378.5, 12990.0], [68378.0, 27440.0], [68377.5, 14470.0], [68375.0, 820.0], [68374.5, 120.0]], "asks": [[68396.5, 49950.0], [68398.0, 220.0], [68400.5, 1790.0], [68404.5, 6000.0], [68406.0, 13470.0], [68406.5, 31950.0], [68407.0, 6000.0], [68409.5, 64820.0], [68410.0, 130600.0], [68410.5, 1000.0], [68411.0, 14000.0], [68414.5, 6870.0], [68415.0, 6000.0], [68416.5, 15000.0], [68418.0, 8210.0], [68420.0, 4330.0], [68421.0, 9790.0], [68421.5, 4010.0], [68422.5, 6000.0], [68424.5, 8210.0]]}}}
{"jsonrpc": "2.0", "method": "subscription", "params": {"channel": "book.BTC-PERPETUAL.none.20.100ms", "data": {"timestamp": 1772570973497, "change_id": 143466776238, "instrument_name": "BTC-PERPETUAL", "bids": [[68396.0, 60000.0], [68394.5, 10200.0], [68393.0, 1300.0], [68390.5, 4340.0], [68389.5, 19590.0], [68389.0, 30000.0], [68388.5, 12000.0], [68388.0, 600.0], [68387.5, 21340.0], [68387.0, 1700.0], [68386.5, 2890.0], [68385.5, 4340.0], [68384.5, 1000.0], [68384.0, 4340.0], [68382.0, 11180.0], [68381.0, 2810.0], [68380.5, 30490.0], [68380.0, 5980.0], [68379.0, 8550.0], [68378.0, 8200.0]], "asks": [[68396.5, 128080.0], [68397.0, 6000.0], [68399.5, 490.0], [68402.5, 4470.0], [68403.0, 12990.0], [68403.5, 2000.0], [68404.5, 6000.0], [68406.0, 8110.0], [68406.5, 19910.0], [68407.0, 7000.0], [68408.0, 350.0], [68408.5, 30100.0], [68409.0, 50960.0], [68409.5, 19100.0], [68410.0, 25270.0], [68412.5, 2450.0], [68414.5, 15080.0], [68415.0, 49000.0], [68417.5, 5000.0], [68418.0, 8210.0]]}}}
{"jsonrpc": "2.0", "method": "subscription", "params": {"channel": "book.BTC-PERPETUAL.none.20.100ms", "data": {"timestamp": 1772570973832, "change_id": 143466777063, "instrument_name": "BTC-PERPETUAL", "bids": [[68396.0, 60000.0], [68394.5, 200.0], [68389.0, 30000.0], [68388.5, 12000.0], [68388.0, 600.0], [68387.5, 2000.0], [68387.0, 1700.0], [68386.5, 2890.0], [68385.5, 4340.0], [68384.5, 1000.0], [68384.0, 4340.0], [68382.0, 6720.0], [68381.0, 2600.0], [68380.5, 490.0], [68380.0, 15000.0], [68379.0, 4980.0], [68378.5, 5490.0], [68378.0, 8200.0], [68377.5, 8470.0], [68376.5, 210.0]], "asks": [[68396.5, 150840.0], [68397.0, 6000.0], [68401.0, 36960.0], [68403.5, 14030.0], [68404.5, 6000.0], [68405.5, 12210.0], [68406.0, 14010.0], [68406.5, 19910.0], [68407.0, 6000.0], [68408.5, 12100.0], [68409.5, 19100.0], [68410.0, 21430.0], [68412.5, 2450.0], [68414.5, 15080.0], [68415.0, 49000.0], [68416.0, 50000.0], [68417.5, 5000.0], [68418.0, 8210.0], [68419.0, 500.0], [68419.5, 2870.0]]}}}
{"jsonrpc": "2.0", "method": "subscription", "params": {"channel": "book.BTC-PERPETUAL.none.20.100ms", "data": {"timestamp": 1772570974162, "change_id": 143466778086, "instrument_name": "BTC-PERPETUAL", "bids": [[68396.0, 60000.0], [68394.5, 200.0], [68391.0, 12540.0], [68390.5, 30000.0], [68390.0, 12000.0], [68388.5, 1000.0], [68388.0, 3350.0], [68387.5, 2000.0], [68387.0, 6000.0], [68386.0, 3730.0], [68385.5, 4340.0], [68385.0, 210.0], [68384.5, 3600.0], [68384.0, 4340.0], [68383.0, 7160.0], [68382.5, 5980.0], [68381.0, 5490.0], [68380.0, 15000.0], [68379.5, 10650.0], [68378.5, 14210.0]], "asks": [[68396.5, 128970.0], [68397.0, 6000.0], [68398.5, 4020.0], [68399.0, 12990.0], [68400.0, 490.0], [68403.5, 2000.0], [68404.5, 8040.0], [68406.0, 6010.0], [68406.5, 19910.0], [68407.0, 6000.0], [68407.5, 21580.0], [68408.0, 36960.0], [68409.0, 14000.0], [68409.5, 19100.0], [68410.0, 21000.0], [68411.5, 2450.0], [68414.5, 15080.0], [68415.0, 49000.0], [68417.5, 5000.0], [68418.0, 8210.0]]}}}
{"jsonrpc": "2.0", "method": "subscription", "params": {"channel": "book.BTC-PERPETUAL.none.20.100ms", "data": {"timestamp": 1772570974489, "change_id": 143466778859, "instrument_name": "BTC-PERPETUAL", "bids": [[68396.0, 60000.0], [68394.5, 200.0], [68391.0, 10000.0], [68390.5, 30000.0], [68390.0, 12000.0], [68389.0, 1070.0], [68388.5, 1000.0], [68388.0, 600.0], [68387.5, 2000.0], [68386.0, 3730.0], [68385.5, 4340.0], [68384.5, 1000.0], [68384.0, 4340.0], [68383.0, 13730.0], [68381.0, 210.0], [68380.5, 33580.0], [68380.0, 15000.0], [68379.5, 5490.0], [68379.0, 8410.0], [68378.5, 14210.0]], "asks": [[68396.5, 146010.0], [68397.0, 6000.0], [68401.5, 1820.0], [68403.5, 2000.0], [68404.0, 4100.0], [68404.5, 23120.0], [68405.5, 50960.0], [68406.0, 6010.0], [68406.5, 19910.0], [68407.0, 6000.0], [68407.5, 6570.0], [68408.0, 1000.0], [68410.0, 21000.0], [68411.5, 2450.0], [68414.5, 15080.0], [68415.0, 49000.0], [68417.5, 55000.0], [68418.0, 8210.0], [68419.0, 39400.0], [68419.5, 2870.0]]}}}
{"jsonrpc": "2.0", "method": "subscription", "params": {"channel": "book.BTC-PERPETUAL.none.20.100ms", "data": {"timestamp": 1772570974824, "change_id": 143466779542, "instrument_name": "BTC-PERPETUAL", "bids": [[68396.0, 60000.0], [68394.5, 200.0], [68391.0, 12540.0], [68390.5, 30000.0], [68390.0, 12000.0], [68389.0, 1070.0], [68388.5, 1000.0], [68388.0, 600.0], [68387.5, 2000.0], [68386.0, 3730.0], [68385.5, 4340.0], [68384.5, 1000.0], [68384.0, 4340.0], [68383.5, 490.0], [68383.0, 7100.0], [68381.5, 10980.0], [68381.0, 210.0], [68380.5, 2600.0], [68380.0, 15000.0], [68379.0, 13160.0]], "asks": [[68396.5, 121740.0], [68397.0, 6000.0], [68400.5, 5700.0], [68401.0, 7080.0], [68403.0, 12990.0], [68403.5, 2000.0], [68404.0, 4100.0], [68404.5, 9530.0], [68406.0, 6010.0], [68406.5, 19910.0], [68407.0, 6000.0], [68407.5, 20510.0], [68408.0, 1000.0], [68409.5, 36960.0], [68410.0, 21000.0], [68411.0, 14000.0], [68411.5, 2450.0], [68414.5, 15080.0], [68415.0, 49000.0], [68417.5, 5000.0]]}}}
{"jsonrpc": "2.0", "method": "subscription", "params": {"channel": "book.BTC-PERPETUAL.none.20.100ms", "data": {"timestamp": 1772570975148, "change_id": 143466779977, "instrument_name": "BTC-PERPETUAL", "bids": [[68396.0, 72000.0], [68394.5, 200.0], [68391.0, 8960.0], [68390.5, 30000.0], [68389.0, 1070.0], [68388.5, 1000.0], [68388.0, 600.0], [68387.5, 2000.0], [68386.0, 3730.0], [68385.5, 4340.0], [68385.0, 490.0], [68384.5, 960.0], [68384.0, 4340.0], [68383.0, 7100.0], [68381.5, 10980.0], [68381.0, 210.0], [68380.5, 2600.0], [68380.0, 15000.0], [68379.0, 13160.0], [68378.5, 14210.0]], "asks": [[68396.5, 128170.0], [68397.0, 6000.0], [68399.0, 490.0], [68399.5, 4020.0], [68400.0, 12990.0], [68400.5, 1820.0], [68403.5, 2000.0], [68404.0, 4100.0], [68404.5, 9530.0], [68406.0, 6010.0], [68406.5, 19910.0], [68407.0, 6000.0], [68407.5, 20400.0], [68408.0, 16000.0], [68409.5, 36960.0], [68410.0, 6000.0], [68411.0, 14000.0], [68411.5, 2450.0], [68414.5, 15080.0], [68415.0, 49000.0]]}}}
{"jsonrpc": "2.0", "method": "subscription", "params": {"channel": "book.BTC-PERPETUAL.none.20.100ms", "data": {"timestamp": 1772570975487, "change_id": 143466780584, "instrument_name": "BTC-PERPETUAL", "bids": [[68396.0, 60000.0], [68394.5, 200.0], [68392.5, 10000.0], [68391.0, 12540.0], [68390.5, 30000.0], [68390.0, 12000.0], [68389.0, 1300.0], [68388.5, 1000.0], [68388.0, 600.0], [68386.0, 3730.0], [68385.5, 4340.0], [68384.5, 960.0], [68384.0, 4340.0], [68383.0, 7100.0], [68382.0, 490.0], [68381.5, 10980.0], [68381.0, 210.0], [68380.5, 2600.0], [68380.0, 15000.0], [68379.0, 13160.0]], "asks": [[68396.5, 128960.0], [68397.0, 6000.0], [68399.0, 490.0], [68399.5, 4020.0], [68400.0, 12990.0], [68400.5, 1820.0], [68403.5, 2000.0], [68404.0, 4100.0], [68404.5, 9530.0], [68406.0, 6010.0], [68406.5, 19910.0], [68407.0, 6000.0], [68407.5, 30760.0], [68408.0, 16000.0], [68409.5, 36960.0], [68410.0, 6000.0], [68411.5, 2450.0], [68414.5, 15080.0], [68415.0, 49000.0], [68417.5, 55000.0]]}}}
{"jsonrpc": "2.0", "method": "subscription", "params": {"channel": "book.BTC-PERPETUAL.none.20.100ms", "data": {"timestamp": 1772570975816, "change_id": 143466781212, "instrument_name": "BTC-PERPETUAL", "bids": [[68396.0, 60000.0], [68395.5, 10000.0], [68394.5, 200.0], [68391.0, 12540.0], [68390.5, 30000.0], [68390.0, 12000.0], [68389.0, 1300.0], [68388.5, 1000.0], [68388.0, 600.0], [68386.0, 5820.0], [68385.5, 4340.0], [68384.5, 960.0], [68384.0, 4340.0], [68383.5, 11470.0], [68383.0, 7100.0], [68381.0, 210.0], [68380.5, 2600.0], [68380.0, 15000.0], [68379.0, 13160.0], [68378.5, 14210.0]], "asks": [[68396.5, 116180.0], [68397.0, 6000.0], [68398.5, 3480.0], [68399.0, 12570.0], [68400.5, 5470.0], [68403.0, 12990.0], [68403.5, 2000.0], [68404.0, 4100.0], [68404.5, 9530.0], [68406.0, 6010.0], [68406.5, 19910.0], [68407.0, 6000.0], [68407.5, 16760.0], [68408.0, 16000.0], [68409.5, 36960.0], [68410.0, 6000.0], [68411.0, 14000.0], [68411.5, 2450.0], [68414.5, 15080.0], [68415.0, 49000.0]]}}}
{"jsonrpc": "2.0", "method": "subscription", "params": {"channel": "book.BTC-PERPETUAL.none.20.100ms", "data": {"timestamp": 1772570976147, "change_id": 143466781701, "instrument_name": "BTC-PERPETUAL", "bids": [[68396.0, 60000.0], [68394.5, 200.0], [68391.0, 8960.0], [68390.5, 42000.0], [68389.0, 1300.0], [68388.5, 1000.0], [68388.0, 600.0], [68386.0, 3730.0], [68385.5, 4340.0], [68384.5, 960.0], [68384.0, 4340.0], [68383.0, 7100.0], [68382.0, 5980.0], [68381.0, 5700.0], [68380.5, 2600.0], [68380.0, 15000.0], [68379.0, 13160.0], [68378.5, 14210.0], [68378.0, 25000.0], [68377.5, 8470.0]], "asks": [[68396.5, 130460.0], [68397.0, 6000.0], [68398.0, 3880.0], [68400.0, 12990.0], [68400.5, 1820.0], [68403.5, 2000.0], [68404.0, 4100.0], [68404.5, 19340.0], [68406.0, 6010.0], [68406.5, 19910.0], [68407.0, 42960.0], [68407.5, 20570.0], [68408.0, 16000.0], [68410.0, 6000.0], [68411.5, 2450.0], [68414.5, 15080.0], [68415.0, 49000.0], [68417.5, 55000.0], [68418.0, 8210.0], [68419.0, 39400.0]]}}}
{"jsonrpc": "2.0", "method": "subscription", "params": {"channel": "book.BTC-PERPETUAL.none.20.100ms", "data": {"timestamp": 1772570976474, "change_id": 143466782275, "instrument_name": "BTC-PERPETUAL", "bids": [[68396.0, 72000.0], [68394.5, 200.0], [68391.0, 8960.0], [68390.5, 30000.0], [68389.0, 1300.0], [68388.5, 1000.0], [68388.0, 600.0], [68387.5, 4480.0], [68387.0, 15000.0], [68386.0, 3730.0], [68385.5, 4340.0], [68384.5, 1450.0], [68384.0, 4340.0], [68383.0, 4120.0], [68382.5, 10980.0], [68381.0, 210.0], [68380.5, 2600.0], [68379.5, 14230.0], [68378.5, 39210.0], [68378.0, 12990.0]], "asks": [[68396.5, 147520.0], [68397.0, 7790.0], [68399.0, 6590.0], [68400.0, 490.0], [68400.5, 9480.0], [68403.0, 12990.0], [68403.5, 2000.0], [68404.0, 19100.0], [68404.5, 9530.0], [68406.0, 6010.0], [68406.5, 19910.0], [68407.0, 6000.0], [68407.5, 16760.0], [68408.0, 1000.0], [68409.5, 36960.0], [68410.0, 6000.0], [68411.0, 14000.0], [68411.5, 2450.0], [68414.5, 15080.0], [68415.0, 49000.0]]}}}
{"jsonrpc": "2.0", "method": "subscription", "params": {"channel": "book.BTC-PERPETUAL.none.20.100ms", "data": {"timestamp": 1772570976807, "change_id": 143466782957, "instrument_name": "BTC-PERPETUAL", "bids": [[68396.0, 60000.0], [68394.5, 200.0], [68391.5, 10000.0], [68389.5, 1000.0], [68389.0, 1300.0], [68388.5, 1000.0], [68386.5, 15410.0], [68386.0, 30000.0], [68385.5, 4340.0], [68384.5, 12960.0], [68384.0, 4340.0], [68383.0, 6620.0], [68381.0, 5700.0], [68380.5, 2600.0], [68379.5, 30150.0], [68379.0, 490.0], [68378.5, 39210.0], [68377.5, 8470.0], [68377.0, 5490.0], [68376.0, 2730.0]], "asks": [[68396.5, 166790.0], [68397.0, 6000.0], [68403.5, 18010.0], [68404.0, 56060.0], [68404.5, 9530.0], [68405.5, 14000.0], [68406.0, 6010.0], [68406.5, 19910.0], [68407.0, 6000.0], [68408.0, 1000.0], [68409.5, 1790.0], [68410.0, 6000.0], [68411.5, 2450.0], [68414.5, 15080.0], [68415.0, 49000.0], [68416.5, 50000.0], [68417.5, 5000.0], [68418.0, 8210.0], [68419.0, 39400.0], [68419.5, 4870.0]]}}}
{"jsonrpc": "2.0", "method": "subscription", "params": {"channel": "book.BTC-PERPETUAL.none.20.100ms", "data": {"timestamp": 1772570977137, "change_id": 143466783472, "instrument_name": "BTC-PERPETUAL", "bids": [[68396.0, 60000.0], [68394.5, 200.0], [68389.5, 1000.0], [68389.0, 1300.0], [68388.5, 1000.0], [68386.5, 15410.0], [68386.0, 30000.0], [68385.5, 4340.0], [68384.5, 12960.0], [68384.0, 4340.0], [68383.5, 5490.0], [68383.0, 6620.0], [68381.5, 5490.0], [68381.0, 700.0], [68380.5, 2600.0], [68379.5, 30150.0], [68378.5, 14210.0], [68377.5, 33470.0], [68376.0, 15720.0], [68375.0, 730.0]], "asks": [[68396.5, 153410.0], [68397.0, 6000.0], [68401.5, 490.0], [68402.0, 10180.0], [68402.5, 12990.0], [68403.5, 2000.0], [68404.0, 19100.0], [68404.5, 23520.0], [68406.0, 6010.0], [68406.5, 19910.0], [68407.0, 6000.0], [68407.5, 36960.0], [68408.0, 1000.0], [68408.5, 5970.0], [68409.0, 14000.0], [68410.0, 6000.0], [68411.5, 2450.0], [68414.5, 15080.0], [68415.0, 49000.0], [68417.5, 5000.0]]}}}
{"jsonrpc": "2.0", "method": "subscription", "params": {"channel": "book.BTC-PERPETUAL.none.20.100ms", "data": {"timestamp": 1772570977467, "change_id": 143466783931, "instrument_name": "BTC-PERPETUAL", "bids": [[68396.0, 60000.0], [68394.5, 200.0], [68389.5, 1000.0], [68389.0, 1300.0], [68388.5, 1000.0], [68386.5, 15410.0], [68386.0, 30000.0], [68385.5, 4340.0], [68384.5, 12960.0], [68384.0, 4340.0], [68383.0, 6620.0], [68382.5, 5490.0], [68381.5, 490.0], [68381.0, 210.0], [68380.5, 2600.0], [68380.0, 5490.0], [68379.5, 30150.0], [68378.5, 14210.0], [68377.5, 33470.0], [68376.0, 15720.0]], "asks": [[68396.5, 153810.0], [68397.0, 6000.0], [68400.0, 3880.0], [68401.5, 12990.0], [68403.5, 7700.0], [68404.0, 19100.0], [68404.5, 23520.0], [68406.0, 6010.0], [68406.5, 19910.0], [68407.0, 6000.0], [68407.5, 36960.0], [68408.0, 1000.0], [68408.5, 5970.0], [68409.0, 14000.0], [68410.0, 6000.0], [68411.5, 2450.0], [68414.5, 40830.0], [68415.0, 49000.0], [68417.5, 5000.0], [68418.0, 58210.0]]}}}
{"jsonrpc": "2.0", "method": "subscription", "params": {"channel": "book.BTC-PERPETUAL.none.20.100ms", "data": {"timestamp": 1772570977798, "change_id": 143466784595, "instrument_name": "BTC-PERPETUAL", "bids": [[68396.0, 60000.0], [68394.5, 200.0], [68390.0, 2000.0], [68389.5, 1000.0], [68389.0, 1300.0], [68386.5, 15410.0], [68386.0, 30000.0], [68385.5, 4340.0], [68384.5, 12960.0], [68384.0, 4340.0], [68383.0, 6620.0], [68381.5, 5490.0], [68381.0, 700.0], [68380.5, 2600.0], [68379.5, 30150.0], [68379.0, 5490.0], [68378.5, 14210.0], [68377.5, 33470.0], [68376.0, 6210.0], [68375.0, 680.0]], "asks": [[68396.5, 166610.0], [68397.0, 6000.0], [68403.5, 7700.0], [68404.0, 19100.0], [68404.5, 23520.0], [68405.5, 14000.0], [68406.0, 6010.0], [68406.5, 19910.0], [68407.0, 6000.0], [68407.5, 36960.0], [68408.0, 1000.0], [68408.5, 1790.0], [68410.0, 6000.0], [68411.5, 2450.0], [68414.5, 40830.0], [68415.0, 49000.0], [68417.5, 5000.0], [68418.0, 58210.0], [68419.0, 39400.0], [68419.5, 4870.0]]}}}
{"jsonrpc": "2.0", "method": "subscription", "params": {"channel": "book.BTC-PERPETUAL.none.20.100ms", "data": {"timestamp": 1772570978132, "change_id": 143466785073, "instrument_name": "BTC-PERPETUAL", "bids": [[68396.0, 60000.0], [68394.5, 200.0], [68390.0, 2000.0], [68389.5, 1000.0], [68389.0, 1300.0], [68386.5, 15410.0], [68386.0, 30000.0], [68385.5, 4340.0], [68384.5, 12960.0], [68384.0, 4340.0], [68383.5, 5490.0], [68383.0, 6620.0], [68382.5, 5490.0], [68381.0, 700.0], [68380.5, 2600.0], [68379.5, 30150.0], [68378.5, 39210.0], [68377.5, 8470.0], [68376.5, 12990.0], [68376.0, 2730.0]], "asks": [[68396.5, 148170.0], [68397.0, 11490.0], [68401.5, 9630.0], [68402.0, 12990.0], [68402.5, 1000.0], [68403.5, 2000.0], [68404.0, 19100.0], [68404.5, 9530.0], [68406.0, 6010.0], [68406.5, 19910.0], [68407.0, 6000.0], [68407.5, 12820.0], [68409.5, 50960.0], [68410.0, 6000.0], [68411.5, 2450.0], [68414.5, 40830.0], [68415.0, 49000.0], [68417.5, 5000.0], [68418.0, 58210.0], [68419.0, 39400.0]]}}}
{"jsonrpc": "2.0", "method": "subscription", "params": {"channel": "book.BTC-PERPETUAL.none.20.100ms", "data": {"timestamp": 1772570978413, "change_id": 143466785407, "instrument_name": "BTC-PERPETUAL", "bids": [[68396.0, 60000.0], [68394.5, 200.0], [68390.0, 2000.0], [68389.5, 14490.0], [68389.0, 1300.0], [68387.0, 30000.0], [68386.5, 6000.0], [68385.5, 4340.0], [68385.0, 6800.0], [68384.5, 12960.0], [68384.0, 4340.0], [68383.0, 12110.0], [68381.0, 6190.0], [68380.5, 2600.0], [68379.5, 30150.0], [68378.5, 39210.0], [68377.5, 8470.0], [68376.0, 2730.0], [68375.5, 12990.0], [68375.0, 680.0]], "asks": [[68396.5, 153660.0], [68397.0, 6000.0], [68401.5, 9630.0], [68402.0, 12990.0], [68402.5, 1000.0], [68403.5, 2000.0], [68404.0, 19100.0], [68404.5, 9530.0], [68406.0, 6010.0], [68406.5, 19910.0], [68407.0, 6000.0], [68409.0, 17000.0], [68409.5, 36960.0], [68410.0, 6000.0], [68411.0, 14000.0], [68411.5, 2450.0], [68414.5, 40830.0], [68415.0, 49000.0], [68417.5, 5000.0], [68418.0, 58210.0]]}}}
{"jsonrpc": "2.0", "method": "subscription", "params": {"channel": "book.BTC-PERPETUAL.none.20.100ms", "data": {"timestamp": 1772570978791, "change_id": 143466786169, "instrument_name": "BTC-PERPETUAL", "bids": [[68396.0, 60000.0], [68394.5, 200.0], [68390.5, 4180.0], [68390.0, 14000.0], [68389.5, 14490.0], [68389.0, 1300.0], [68387.0, 30000.0], [68386.5, 6000.0], [68386.0, 5290.0], [68385.5, 4340.0], [68385.0, 2600.0], [68384.5, 960.0], [68384.0, 4340.0], [68383.5, 5490.0], [68383.0, 8010.0], [68382.5, 5490.0], [68381.5, 490.0], [68381.0, 210.0], [68379.5, 33110.0], [68378.5, 52200.0]], "asks": [[68396.5, 141680.0], [68397.0, 6000.0], [68400.5, 11540.0], [68401.0, 12080.0], [68403.0, 12990.0], [68403.5, 2000.0], [68404.0, 19100.0], [68404.5, 9530.0], [68406.0, 6010.0], [68406.5, 20910.0], [68407.0, 6000.0], [68408.0, 12820.0], [68409.5, 36960.0], [68410.0, 6000.0], [68411.0, 14000.0], [68411.5, 2450.0], [68414.5, 15080.0], [68415.0, 49000.0], [68417.5, 5000.0], [68418.0, 8210.0]]}}}
{"jsonrpc": "2.0", "method": "subscription", "params": {"channel": "book.BTC-PERPETUAL.none.20.100ms", "data": {"timestamp": 1772570979120, "change_id": 143466786641, "instrument_name": "BTC-PERPETUAL", "bids": [[68396.0, 60000.0], [68394.5, 200.0], [68390.5, 5480.0], [68390.0, 14000.0], [68389.5, 10340.0], [68387.0, 30000.0], [68386.5, 3650.0], [68385.5, 4340.0], [68385.0, 2600.0], [68384.5, 950.0], [68384.0, 4340.0], [68383.0, 8010.0], [68381.5, 5490.0], [68381.0, 210.0], [68380.5, 5490.0], [68380.0, 490.0], [68379.5, 28370.0], [68378.5, 39210.0], [68377.5, 8470.0], [68376.0, 6210.0]], "asks": [[68396.5, 153760.0], [68397.0, 6000.0], [68399.5, 3880.0], [68400.0, 12990.0], [68400.5, 8270.0], [68403.0, 1000.0], [68403.5, 2000.0], [68404.0, 19100.0], [68404.5, 19340.0], [68406.0, 6010.0], [68406.5, 56870.0], [68407.0, 6000.0], [68408.5, 5970.0], [68409.0, 14000.0], [68410.0, 6000.0], [68411.5, 2450.0], [68414.5, 15080.0], [68415.0, 49000.0], [68417.5, 55000.0], [68418.0, 8210.0]]}}}
{"jsonrpc": "2.0", "method": "subscription", "params": {"channel": "book.BTC-PERPETUAL.none.20.100ms", "data": {"timestamp": 1772570979455, "change_id": 143466788124, "instrument_name": "BTC-PERPETUAL", "bids": [[68390.5, 61300.0], [68390.0, 2000.0], [68389.5, 1000.0], [68384.5, 950.0], [68378.5, 10070.0], [68378.0, 30000.0], [68377.5, 4340.0], [68375.0, 680.0], [68373.5, 3580.0], [68373.0, 12000.0], [68372.0, 4130.0], [68370.5, 5490.0], [68369.5, 5710.0], [68369.0, 19130.0], [68368.0, 8440.0], [68367.5, 8090.0], [68366.5, 6210.0], [68366.0, 8200.0], [68363.0, 3880.0], [68362.5, 12990.0]], "asks": [[68391.0, 191440.0], [68395.0, 49260.0], [68395.5, 6000.0], [68396.5, 99310.0], [68397.0, 19400.0], [68397.5, 38900.0], [68398.5, 6000.0], [68400.5, 8270.0], [68402.5, 15000.0], [68403.5, 2000.0], [68404.0, 4100.0], [68404.5, 18050.0], [68406.0, 6010.0], [68407.0, 6000.0], [68407.5, 50000.0], [68408.5, 1790.0], [68409.0, 8200.0], [68409.5, 4100.0], [68410.0, 44900.0], [68411.5, 2950.0]]}}}
{"jsonrpc": "2.0", "method": "subscription", "params": {"channel": "book.BTC-PERPETUAL.none.20.100ms", "data": {"timestamp": 1772570979780, "change_id": 143466789126, "instrument_name": "BTC-PERPETUAL", "bids": [[68390.5, 61300.0], [68390.0, 2000.0], [68389.5, 1000.0], [68384.5, 950.0], [68378.5, 10070.0], [68378.0, 30000.0], [68377.5, 4340.0], [68375.0, 680.0], [68374.0, 7010.0], [68373.5, 6000.0], [68373.0, 12000.0], [68372.0, 4130.0], [68370.5, 210.0], [68370.0, 5490.0], [68369.5, 5710.0], [68369.0, 15000.0], [68368.5, 490.0], [68368.0, 7950.0], [68367.5, 2600.0], [68367.0, 5490.0]], "asks": [[68391.0, 192430.0], [68395.0, 49360.0], [68395.5, 6000.0], [68396.5, 98840.0], [68397.0, 19400.0], [68397.5, 38900.0], [68398.5, 6000.0], [68400.5, 12160.0], [68402.5, 15000.0], [68403.5, 4870.0], [68404.0, 24420.0], [68404.5, 18050.0], [68406.0, 56010.0], [68406.5, 21880.0], [68407.0, 6000.0], [68408.5, 1790.0], [68409.0, 8200.0], [68409.5, 4100.0], [68410.0, 44900.0], [68411.5, 5890.0]]}}}
{"jsonrpc": "2.0", "method": "subscription", "params": {"channel": "book.BTC-PERPETUAL.none.20.100ms", "data": {"timestamp": 1772570980113, "change_id": 143466789888, "instrument_name": "BTC-PERPETUAL", "bids": [[68387.0, 60000.0], [68384.5, 950.0], [68378.0, 1300.0], [68377.5, 4340.0], [68376.0, 15720.0], [68375.5, 40000.0], [68375.0, 680.0], [68373.0, 12000.0], [68370.5, 210.0], [68370.0, 5490.0], [68369.5, 5710.0], [68369.0, 19130.0], [68368.0, 10500.0], [68367.5, 2600.0], [68367.0, 490.0], [68366.5, 6000.0], [68366.0, 8200.0], [68362.5, 3880.0], [68362.0, 17330.0], [68361.5, 8190.0]], "asks": [[68387.5, 114400.0], [68390.0, 36120.0], [68390.5, 60290.0], [68391.0, 44910.0], [68394.0, 26810.0], [68394.5, 52960.0], [68395.0, 19200.0], [68395.5, 6000.0], [68396.5, 44300.0], [68397.0, 19400.0], [68397.5, 38900.0], [68398.5, 6000.0], [68400.5, 25990.0], [68402.5, 15000.0], [68403.5, 2870.0], [68404.0, 74420.0], [68405.5, 19540.0], [68406.0, 10110.0], [68406.5, 21880.0], [68407.0, 6000.0]]}}}
{"jsonrpc": "2.0", "method": "subscription", "params": {"channel": "book.BTC-PERPETUAL.none.20.100ms", "data": {"timestamp": 1772570980432, "change_id": 143466790459, "instrument_name": "BTC-PERPETUAL", "bids": [[68387.0, 60000.0], [68384.5, 950.0], [68378.0, 1300.0], [68377.5, 4340.0], [68376.0, 15720.0], [68375.5, 30000.0], [68375.0, 680.0], [68373.5, 5490.0], [68373.0, 12000.0], [68370.5, 5700.0], [68369.5, 5710.0], [68369.0, 19130.0], [68368.5, 490.0], [68368.0, 5010.0], [68367.5, 2600.0], [68366.5, 6000.0], [68366.0, 8200.0], [68363.5, 14410.0], [68363.0, 12990.0], [68362.5, 36940.0]], "asks": [[68387.5, 202720.0], [68389.0, 3670.0], [68389.5, 12990.0], [68390.0, 11310.0], [68390.5, 25600.0], [68391.0, 11920.0], [68394.0, 28310.0], [68394.5, 2000.0], [68395.0, 20200.0], [68395.5, 6000.0], [68396.5, 18930.0], [68397.0, 56360.0], [68397.5, 38900.0], [68398.0, 14000.0], [68398.5, 6000.0], [68400.5, 25990.0], [68402.5, 15000.0], [68403.5, 2870.0], [68404.0, 84210.0], [68405.5, 19540.0]]}}}
{"jsonrpc": "2.0", "method": "subscription", "params": {"channel": "book.BTC-PERPETUAL.none.20.100ms", "data": {"timestamp": 1772570980778, "change_id": 143466792139, "instrument_name": "BTC-PERPETUAL", "bids": [[68387.0, 98370.0], [68385.0, 5490.0], [68384.5, 15460.0], [68384.0, 30000.0], [68383.0, 210.0], [68380.0, 3880.0], [68379.5, 13480.0], [68379.0, 3090.0], [68377.5, 4340.0], [68376.5, 6000.0], [68376.0, 13200.0], [68375.5, 36940.0], [68375.0, 680.0], [68374.0, 6590.0], [68371.5, 2720.0], [68370.0, 4990.0], [68369.0, 31050.0], [68368.5, 50000.0], [68366.5, 31000.0], [68366.0, 9200.0]], "asks": [[68387.5, 29640.0], [68390.5, 200.0], [68391.0, 3010.0], [68394.0, 220.0], [68394.5, 2000.0], [68395.0, 15110.0], [68395.5, 6000.0], [68396.5, 10.0], [68397.0, 65210.0], [68397.5, 38900.0], [68398.0, 27000.0], [68399.5, 2600.0], [68400.0, 5490.0], [68401.5, 9450.0], [68402.0, 7080.0], [68402.5, 15000.0], [68403.5, 12990.0], [68404.5, 8640.0], [68405.5, 8200.0], [68406.0, 4110.0]]}}}
{"jsonrpc": "2.0", "method": "subscription", "params": {"channel": "book.BTC-PERPETUAL.none.20.100ms", "data": {"timestamp": 1772570981108, "change_id": 143466792692, "instrument_name": "BTC-PERPETUAL", "bids": [[68387.0, 95990.0], [68385.0, 6000.0], [68384.5, 9970.0], [68384.0, 30000.0], [68383.0, 210.0], [68382.5, 3190.0], [68382.0, 10980.0], [68379.5, 490.0], [68379.0, 6570.0], [68377.5, 4340.0], [68377.0, 12990.0], [68376.5, 6000.0], [68375.0, 11710.0], [68372.5, 40140.0], [68369.5, 8590.0], [68369.0, 31050.0], [68368.5, 75000.0], [68366.5, 6000.0], [68366.0, 8200.0], [68363.0, 1490.0]], "asks": [[68387.5, 42640.0], [68391.0, 3010.0], [68394.0, 220.0], [68394.5, 37480.0], [68395.0, 15110.0], [68395.5, 6000.0], [68396.5, 15010.0], [68397.0, 35710.0], [68397.5, 45490.0], [68398.0, 12000.0], [68399.5, 2600.0], [68400.5, 3880.0], [68404.0, 12990.0], [68404.5, 8640.0], [68405.5, 8200.0], [68406.0, 4110.0], [68406.5, 6000.0], [68407.0, 7000.0], [68407.5, 30340.0], [68408.5, 5000.0]]}}}
{"jsonrpc": "2.0", "method": "subscription", "params": {"channel": "book.BTC-PERPETUAL.none.20.100ms", "data": {"timestamp": 1772570981424, "change_id": 143466793111, "instrument_name": "BTC-PERPETUAL", "bids": [[68387.0, 144800.0], [68386.0, 3650.0], [68385.0, 6000.0], [68384.5, 950.0], [68383.5, 5490.0], [68383.0, 2340.0], [68382.5, 5490.0], [68379.0, 6570.0], [68377.5, 4340.0], [68377.0, 12990.0], [68376.5, 6000.0], [68375.0, 11710.0], [68372.5, 40140.0], [68369.5, 8590.0], [68369.0, 31050.0], [68368.5, 75000.0], [68366.5, 10990.0], [68366.0, 8200.0], [68362.0, 11540.0], [68361.5, 8190.0]], "asks": [[68387.5, 42830.0], [68391.0, 3010.0], [68393.0, 10440.0], [68393.5, 34990.0], [68394.0, 220.0], [68394.5, 2000.0], [68395.0, 19430.0], [68395.5, 6000.0], [68396.5, 15010.0], [68397.0, 30220.0], [68397.5, 45980.0], [68398.0, 12000.0], [68400.0, 12990.0], [68404.5, 8640.0], [68405.5, 8200.0], [68406.0, 4110.0], [68406.5, 6000.0], [68407.0, 7000.0], [68407.5, 30340.0], [68408.5, 5000.0]]}}}
{"jsonrpc": "2.0", "method": "subscription", "params": {"channel": "book.BTC-PERPETUAL.none.20.100ms", "data": {"timestamp": 1772570981760, "change_id": 143466793908, "instrument_name": "BTC-PERPETUAL", "bids": [[68387.0, 144100.0], [68386.0, 2140.0], [68385.0, 6000.0], [68384.5, 950.0], [68383.0, 210.0], [68380.5, 3190.0], [68380.0, 5980.0], [68379.5, 5490.0], [68379.0, 6570.0], [68377.5, 4340.0], [68377.0, 12990.0], [68376.5, 6000.0], [68375.0, 11710.0], [68372.5, 40140.0], [68369.5, 8590.0], [68369.0, 31050.0], [68368.5, 75000.0], [68366.5, 6000.0], [68366.0, 8200.0], [68363.0, 1790.0]], "asks": [[68387.5, 43740.0], [68391.0, 3010.0], [68393.0, 10440.0], [68393.5, 34990.0], [68394.0, 220.0], [68395.0, 14580.0], [68395.5, 6000.0], [68396.0, 10980.0], [68396.5, 15010.0], [68397.0, 24730.0], [68397.5, 45490.0], [68398.0, 12000.0], [68403.5, 3880.0], [68404.0, 12990.0], [68404.5, 8640.0], [68405.5, 8200.0], [68406.0, 4110.0], [68406.5, 6000.0], [68407.0, 7000.0], [68407.5, 30340.0]]}}}
{"jsonrpc": "2.0", "method": "subscription", "params": {"channel": "book.BTC-PERPETUAL.none.20.100ms", "data": {"timestamp": 1772570982098, "change_id": 143466794617, "instrument_name": "BTC-PERPETUAL", "bids": [[68387.0, 118080.0], [68384.5, 950.0], [68382.0, 2810.0], [68381.0, 3430.0], [68380.5, 6000.0], [68380.0, 5490.0], [68379.0, 2980.0], [68378.5, 5490.0], [68378.0, 490.0], [68377.5, 4340.0], [68375.0, 6350.0], [68373.5, 6000.0], [68373.0, 12990.0], [68370.0, 12620.0], [68369.5, 38940.0], [68369.0, 4130.0], [68366.5, 6590.0], [68366.0, 23130.0], [68365.5, 57760.0], [68365.0, 25000.0]], "asks": [[68387.5, 61740.0], [68390.0, 34990.0], [68390.5, 2540.0], [68391.0, 3010.0], [68392.0, 5490.0], [68394.0, 20390.0], [68394.5, 7080.0], [68395.0, 2600.0], [68395.5, 6000.0], [68396.5, 15010.0], [68397.0, 32390.0], [68397.5, 38900.0], [68399.5, 6000.0], [68402.5, 1000.0], [68404.5, 22470.0], [68405.0, 36960.0], [68405.5, 8200.0], [68406.0, 18110.0], [68406.5, 6000.0], [68407.0, 8870.0]]}}}
{"jsonrpc": "2.0", "method": "subscription", "params": {"channel": "book.BTC-PERPETUAL.none.20.100ms", "data": {"timestamp": 1772570982431, "change_id": 143466794984, "instrument_name": "BTC-PERPETUAL", "bids": [[68387.0, 117360.0], [68385.5, 3270.0], [68385.0, 10000.0], [68384.5, 950.0], [68382.0, 2810.0], [68381.0, 1790.0], [68380.5, 6000.0], [68379.0, 4370.0], [68378.0, 5980.0], [68377.5, 4340.0], [68376.5, 5490.0], [68375.0, 680.0], [68374.0, 1790.0], [68373.5, 6000.0], [68370.5, 5710.0], [68370.0, 12990.0], [68369.5, 2000.0], [68369.0, 34500.0], [68367.0, 36940.0], [68366.0, 8200.0]], "asks": [[68387.5, 81040.0], [68389.5, 10440.0], [68390.0, 41280.0], [68390.5, 12080.0], [68391.0, 3010.0], [68392.0, 5490.0], [68393.5, 490.0], [68394.0, 14900.0], [68395.0, 15590.0], [68395.5, 6000.0], [68396.5, 15010.0], [68397.0, 19400.0], [68397.5, 38900.0], [68399.5, 6000.0], [68400.5, 4780.0], [68401.0, 15000.0], [68402.5, 1000.0], [68404.5, 22470.0], [68405.0, 36960.0], [68405.5, 8200.0]]}}}
{"jsonrpc": "2.0", "method": "subscription", "params": {"channel": "book.BTC-PERPETUAL.none.20.100ms", "data": {"timestamp": 1772570982760, "change_id": 143466795750, "instrument_name": "BTC-PERPETUAL", "bids": [[68387.0, 117360.0], [68384.5, 950.0], [68382.5, 2780.0], [68382.0, 2810.0], [68380.5, 6000.0], [68379.5, 490.0], [68379.0, 3080.0], [68378.0, 10980.0], [68377.5, 4340.0], [68375.0, 680.0], [68373.5, 6000.0], [68370.5, 5710.0], [68370.0, 12990.0], [68369.5, 2000.0], [68369.0, 34500.0], [68367.0, 36940.0], [68366.0, 8200.0], [68365.5, 64350.0], [68365.0, 25000.0], [68362.5, 4990.0]], "asks": [[68387.5, 80040.0], [68390.0, 34990.0], [68390.5, 4500.0], [68391.0, 8500.0], [68392.5, 6590.0], [68393.0, 5490.0], [68394.0, 8600.0], [68394.5, 13480.0], [68395.0, 2600.0], [68395.5, 6000.0], [68396.5, 10.0], [68397.0, 19400.0], [68397.5, 38900.0], [68399.5, 6000.0], [68400.5, 15200.0], [68401.0, 15000.0], [68402.5, 1000.0], [68404.0, 36960.0], [68405.5, 18040.0], [68406.0, 18110.0]]}}}
{"jsonrpc": "2.0", "method": "subscription", "params": {"channel": "book.BTC-PERPETUAL.none.20.100ms", "data": {"timestamp": 1772570983076, "change_id": 143466796211, "instrument_name": "BTC-PERPETUAL", "bids": [[68387.0, 117350.0], [68384.5, 950.0], [68382.5, 5260.0], [68382.0, 2810.0], [68381.5, 10000.0], [68380.5, 6000.0], [68379.5, 490.0], [68379.0, 4330.0], [68378.0, 5490.0], [68377.5, 4340.0], [68376.5, 5490.0], [68376.0, 1990.0], [68375.0, 680.0], [68373.5, 6000.0], [68370.5, 5710.0], [68370.0, 12990.0], [68369.5, 2000.0], [68369.0, 4130.0], [68367.0, 30370.0], [68366.5, 36940.0]], "asks": [[68387.5, 80040.0], [68390.0, 19990.0], [68391.0, 44590.0], [68392.0, 5490.0], [68393.5, 8790.0], [68394.0, 13210.0], [68395.0, 2600.0], [68395.5, 6000.0], [68396.5, 10.0], [68397.0, 19400.0], [68397.5, 38900.0], [68399.5, 6000.0], [68400.5, 4780.0], [68401.0, 15000.0], [68402.5, 1000.0], [68404.5, 23320.0], [68405.0, 36960.0], [68405.5, 8200.0], [68406.0, 18110.0], [68406.5, 6000.0]]}}}
{"jsonrpc": "2.0", "method": "subscription", "params": {"channel": "book.BTC-PERPETUAL.none.20.100ms", "data": {"timestamp": 1772570983421, "change_id": 143466796566, "instrument_name": "BTC-PERPETUAL", "bids": [[68387.0, 126190.0], [68384.5, 950.0], [68382.5, 2780.0], [68382.0, 12810.0], [68380.5, 6000.0], [68379.5, 490.0], [68379.0, 4330.0], [68378.0, 10980.0], [68377.5, 4340.0], [68376.0, 1990.0], [68375.0, 610.0], [68373.5, 6000.0], [68370.5, 5710.0], [68370.0, 12990.0], [68369.5, 2000.0], [68369.0, 4130.0], [68367.0, 30370.0], [68366.5, 36940.0], [68366.0, 8200.0], [68365.5, 64350.0]], "asks": [[68387.5, 80040.0], [68389.5, 34990.0], [68390.0, 4650.0], [68390.5, 5490.0], [68391.0, 3010.0], [68392.0, 6590.0], [68393.0, 5490.0], [68393.5, 8300.0], [68394.0, 220.0], [68394.5, 490.0], [68395.0, 15590.0], [68395.5, 6000.0], [68396.5, 10.0], [68397.0, 19400.0], [68397.5, 38900.0], [68399.5, 6000.0], [68400.5, 4780.0], [68401.0, 15000.0], [68402.5, 1000.0], [68404.5, 23320.0]]}}}
{"jsonrpc": "2.0", "method": "subscription", "params": {"channel": "book.BTC-PERPETUAL.none.20.100ms", "data": {"timestamp": 1772570983751, "change_id": 143466798719, "instrument_name": "BTC-PERPETUAL", "bids": [[68396.0, 103720.0], [68395.5, 4340.0], [68394.0, 19300.0], [68393.5, 4340.0], [68391.0, 19300.0], [68390.5, 10340.0], [68388.5, 30000.0], [68387.5, 19300.0], [68387.0, 59550.0], [68385.0, 36940.0], [68384.5, 950.0], [68383.0, 1790.0], [68380.5, 6000.0], [68379.0, 14740.0], [68378.5, 8200.0], [68378.0, 34190.0], [68377.5, 8470.0], [68377.0, 25000.0], [68376.0, 4170.0], [68375.0, 610.0]], "asks": [[68396.5, 10.0], [68401.0, 15000.0], [68405.0, 13100.0], [68406.0, 10.0], [68407.0, 8870.0], [68407.5, 5070.0], [68408.0, 8690.0], [68410.0, 6000.0], [68411.0, 5490.0], [68412.5, 1660.0], [68413.0, 12000.0], [68413.5, 20070.0], [68415.0, 2600.0], [68416.5, 7550.0], [68417.0, 4100.0], [68418.0, 8210.0], [68419.0, 7500.0], [68420.0, 4330.0], [68421.5, 2940.0], [68422.0, 2630.0]]}}}
{"jsonrpc": "2.0", "method": "subscription", "params": {"channel": "book.BTC-PERPETUAL.none.20.100ms", "data": {"timestamp": 1772570984071, "change_id": 143466800102, "instrument_name": "BTC-PERPETUAL", "bids": [[68396.0, 129740.0], [68395.5, 4340.0], [68395.0, 5490.0], [68394.5, 10000.0], [68394.0, 19300.0], [68393.5, 4340.0], [68391.0, 19300.0], [68390.5, 11090.0], [68389.0, 12990.0], [68388.5, 30000.0], [68387.0, 5780.0], [68385.5, 31280.0], [68385.0, 83820.0], [68384.5, 950.0], [68383.5, 8590.0], [68383.0, 38370.0], [68381.5, 50000.0], [68380.5, 6000.0], [68379.0, 14740.0], [68378.5, 8200.0]], "asks": [[68396.5, 10.0], [68397.5, 1090.0], [68405.0, 6270.0], [68405.5, 15000.0], [68406.0, 10.0], [68407.0, 6000.0], [68407.5, 22530.0], [68408.0, 12220.0], [68409.5, 40480.0], [68410.0, 21000.0], [68410.5, 2600.0], [68411.5, 5490.0], [68413.0, 18200.0], [68413.5, 38900.0], [68414.5, 12990.0], [68415.5, 1000.0], [68416.0, 490.0], [68416.5, 3670.0], [68417.0, 4100.0], [68418.0, 8210.0]]}}}
{"jsonrpc": "2.0", "method": "subscription", "params": {"channel": "book.BTC-PERPETUAL.none.20.100ms", "data": {"timestamp": 1772570984411, "change_id": 143466800607, "instrument_name": "BTC-PERPETUAL", "bids": [[68396.0, 165040.0], [68395.5, 4340.0], [68394.0, 19300.0], [68393.5, 4340.0], [68391.5, 490.0], [68391.0, 32290.0], [68390.5, 10440.0], [68387.0, 4340.0], [68386.0, 36940.0], [68385.5, 23370.0], [68385.0, 46880.0], [68384.5, 950.0], [68383.5, 8590.0], [68383.0, 38370.0], [68381.5, 50000.0], [68380.5, 6000.0], [68379.0, 14740.0], [68378.5, 8200.0], [68378.0, 39180.0], [68377.5, 8470.0]], "asks": [[68396.5, 100.0], [68404.0, 15000.0], [68405.0, 2570.0], [68406.0, 10.0], [68406.5, 2600.0], [68407.0, 6000.0], [68407.5, 22530.0], [68408.0, 12220.0], [68409.5, 40970.0], [68410.0, 21000.0], [68412.0, 5490.0], [68412.5, 6590.0], [68413.0, 16450.0], [68413.5, 38900.0], [68414.5, 25160.0], [68415.0, 4100.0], [68415.5, 1000.0], [68418.0, 8210.0], [68418.5, 3230.0], [68419.0, 6500.0]]}}}
{"jsonrpc": "2.0", "method": "subscription", "params": {"channel": "book.BTC-PERPETUAL.none.20.100ms", "data": {"timestamp": 1772570984734, "change_id": 143466801331, "instrument_name": "BTC-PERPETUAL", "bids": [[68396.0, 164300.0], [68395.5, 4340.0], [68394.5, 7550.0], [68394.0, 19300.0], [68393.5, 4340.0], [68391.5, 12750.0], [68391.0, 32290.0], [68390.5, 10440.0], [68387.5, 1300.0], [68387.0, 4340.0], [68386.0, 36940.0], [68385.5, 29960.0], [68385.0, 46880.0], [68384.5, 950.0], [68383.5, 2000.0], [68383.0, 38370.0], [68381.5, 50000.0], [68380.5, 6000.0], [68379.0, 14740.0], [68378.5, 8200.0]], "asks": [[68396.5, 100.0], [68404.0, 15000.0], [68405.0, 2570.0], [68406.0, 10.0], [68406.5, 2600.0], [68407.0, 6000.0], [68407.5, 22530.0], [68408.0, 12220.0], [68409.0, 490.0], [68409.5, 40480.0], [68410.0, 21000.0], [68412.0, 5490.0], [68412.5, 6590.0], [68413.0, 16450.0], [68413.5, 38900.0], [68414.5, 25160.0], [68415.0, 4100.0], [68415.5, 1000.0], [68418.0, 8210.0], [68418.5, 3230.0]]}}}
{"jsonrpc": "2.0", "method": "subscription", "params": {"channel": "book.BTC-PERPETUAL.none.20.100ms", "data": {"timestamp": 1772570985067, "change_id": 143466801766, "instrument_name": "BTC-PERPETUAL", "bids": [[68396.0, 164040.0], [68395.5, 4340.0], [68395.0, 490.0], [68394.5, 7060.0], [68394.0, 19300.0], [68393.5, 4340.0], [68391.5, 8880.0], [68391.0, 32290.0], [68390.5, 10440.0], [68388.5, 1300.0], [68387.0, 4340.0], [68386.0, 36940.0], [68385.5, 23370.0], [68385.0, 46880.0], [68384.5, 950.0], [68384.0, 6590.0], [68383.5, 2000.0], [68383.0, 38370.0], [68381.5, 50000.0], [68380.5, 6000.0]], "asks": [[68396.5, 100.0], [68404.0, 15000.0], [68405.0, 2570.0], [68406.0, 10.0], [68406.5, 2600.0], [68407.0, 6000.0], [68407.5, 22530.0], [68408.0, 12220.0], [68409.0, 490.0], [68409.5, 40480.0], [68410.0, 21000.0], [68411.5, 6590.0], [68412.0, 5490.0], [68413.0, 16450.0], [68413.5, 38900.0], [68414.0, 12990.0], [68414.5, 12170.0], [68415.0, 4100.0], [68415.5, 1000.0], [68418.0, 8210.0]]}}}
{"jsonrpc": "2.0", "method": "subscription", "params": {"channel": "book.BTC-PERPETUAL.none.20.100ms", "data": {"timestamp": 1772570985406, "change_id": 143466802075, "instrument_name": "BTC-PERPETUAL", "bids": [[68396.0, 163980.0], [68395.5, 4340.0], [68394.5, 7550.0], [68394.0, 19300.0], [68393.5, 4340.0], [68391.5, 8880.0], [68391.0, 32290.0], [68390.5, 10440.0], [68388.5, 1300.0], [68387.0, 4340.0], [68386.0, 36940.0], [68385.5, 23370.0], [68385.0, 46880.0], [68384.5, 900.0], [68384.0, 6590.0], [68383.5, 2000.0], [68383.0, 38370.0], [68381.5, 50000.0], [68380.5, 6000.0], [68379.0, 14740.0]], "asks": [[68396.5, 1100.0], [68404.0, 15000.0], [68405.0, 2570.0], [68406.0, 10.0], [68406.5, 2600.0], [68407.0, 6000.0], [68407.5, 22530.0], [68408.0, 12220.0], [68409.0, 490.0], [68409.5, 40480.0], [68410.0, 6000.0], [68412.0, 5490.0], [68412.5, 6590.0], [68413.0, 16450.0], [68413.5, 38900.0], [68414.0, 12990.0], [68414.5, 12170.0], [68415.0, 4100.0], [68415.5, 1000.0], [68418.0, 8210.0]]}}}
{"jsonrpc": "2.0", "method": "subscription", "params": {"channel": "book.BTC-PERPETUAL.none.20.100ms", "data": {"timestamp": 1772570985731, "change_id": 143466802935, "instrument_name": "BTC-PERPETUAL", "bids": [[68403.0, 139650.0], [68402.0, 600.0], [68401.0, 10520.0], [68400.5, 37380.0], [68400.0, 4630.0], [68396.5, 16240.0], [68396.0, 34300.0], [68395.5, 4340.0], [68394.5, 10000.0], [68393.5, 4340.0], [68392.0, 490.0], [68391.5, 8880.0], [68391.0, 12990.0], [68390.5, 10440.0], [68388.5, 1300.0], [68387.0, 4340.0], [68386.5, 36830.0], [68386.0, 36940.0], [68385.5, 8200.0], [68385.0, 46880.0]], "asks": [[68403.5, 55040.0], [68406.0, 13020.0], [68406.5, 37590.0], [68407.0, 6000.0], [68407.5, 3640.0], [68408.0, 220.0], [68409.0, 490.0], [68409.5, 5490.0], [68410.0, 6000.0], [68412.0, 5490.0], [68412.5, 6590.0], [68413.0, 16450.0], [68413.5, 38900.0], [68414.0, 12990.0], [68414.5, 12170.0], [68415.0, 4100.0], [68415.5, 1000.0], [68418.0, 8210.0], [68418.5, 3230.0], [68419.0, 6500.0]]}}}
{"jsonrpc": "2.0", "method": "subscription", "params": {"channel": "book.BTC-PERPETUAL.none.20.100ms", "data": {"timestamp": 1772570986067, "change_id": 143466803529, "instrument_name": "BTC-PERPETUAL", "bids": [[68403.0, 139650.0], [68401.0, 10520.0], [68400.5, 36000.0], [68396.5, 16240.0], [68396.0, 33880.0], [68395.5, 4340.0], [68393.5, 4340.0], [68392.0, 490.0], [68391.5, 6590.0], [68391.0, 12990.0], [68390.5, 10440.0], [68387.5, 1300.0], [68387.0, 4340.0], [68386.5, 36830.0], [68386.0, 36940.0], [68385.5, 8200.0], [68385.0, 46880.0], [68384.5, 5030.0], [68384.0, 6590.0], [68383.5, 2000.0]], "asks": [[68403.5, 90030.0], [68406.0, 2720.0], [68406.5, 2600.0], [68407.0, 6490.0], [68407.5, 6640.0], [68408.0, 220.0], [68409.5, 10980.0], [68410.0, 6000.0], [68411.5, 6590.0], [68412.0, 6000.0], [68412.5, 15000.0], [68413.0, 16450.0], [68413.5, 38900.0], [68414.0, 12990.0], [68414.5, 12170.0], [68415.0, 4100.0], [68415.5, 1000.0], [68418.0, 8210.0], [68418.5, 3230.0], [68419.0, 6500.0]]}}}
{"jsonrpc": "2.0", "method": "subscription", "params": {"channel": "book.BTC-PERPETUAL.none.20.100ms", "data": {"timestamp": 1772570986397, "change_id": 143466804092, "instrument_name": "BTC-PERPETUAL", "bids": [[68403.0, 143990.0], [68401.0, 10520.0], [68400.5, 38810.0], [68397.5, 1790.0], [68397.0, 5980.0], [68396.5, 12180.0], [68396.0, 25280.0], [68395.5, 4340.0], [68393.5, 4340.0], [68392.5, 6590.0], [68392.0, 12990.0], [68390.5, 10440.0], [68388.5, 14290.0], [68388.0, 36940.0], [68387.0, 10930.0], [68385.5, 42600.0], [68385.0, 46880.0], [68384.5, 5030.0], [68384.0, 50000.0], [68383.5, 2000.0]], "asks": [[68403.5, 21690.0], [68406.0, 10.0], [68409.0, 34990.0], [68409.5, 14570.0], [68410.0, 6000.0], [68411.0, 2600.0], [68411.5, 5490.0], [68412.5, 15000.0], [68413.0, 16670.0], [68413.5, 39390.0], [68414.0, 12080.0], [68414.5, 7340.0], [68415.0, 4100.0], [68417.5, 12990.0], [68418.0, 8210.0], [68418.5, 3230.0], [68419.0, 6000.0], [68420.0, 4330.0], [68420.5, 1000.0], [68423.5, 2460.0]]}}}
{"jsonrpc": "2.0", "method": "subscription", "params": {"channel": "book.BTC-PERPETUAL.none.20.100ms", "data": {"timestamp": 1772570986706, "change_id": 143466805420, "instrument_name": "BTC-PERPETUAL", "bids": [[68403.0, 144110.0], [68401.0, 10520.0], [68400.5, 45220.0], [68400.0, 10000.0], [68398.5, 5980.0], [68397.5, 5490.0], [68396.5, 12180.0], [68396.0, 19300.0], [68395.5, 4340.0], [68394.0, 12990.0], [68393.5, 4340.0], [68392.5, 3120.0], [68390.5, 10340.0], [68389.5, 13870.0], [68388.0, 36940.0], [68387.5, 6590.0], [68387.0, 4340.0], [68385.5, 42600.0], [68385.0, 46880.0], [68384.5, 5030.0]], "asks": [[68403.5, 7590.0], [68406.0, 10.0], [68409.5, 12000.0], [68410.0, 6000.0], [68411.0, 37590.0], [68411.5, 36400.0], [68412.5, 20490.0], [68413.0, 5710.0], [68413.5, 38900.0], [68414.0, 6590.0], [68414.5, 7830.0], [68415.0, 4100.0], [68417.5, 12990.0], [68418.0, 8210.0], [68418.5, 3230.0], [68419.0, 6000.0], [68420.0, 4330.0], [68420.5, 1000.0], [68423.5, 13180.0], [68424.5, 8250.0]]}}}
{"jsonrpc": "2.0", "method": "subscription", "params": {"channel": "book.BTC-PERPETUAL.none.20.100ms", "data": {"timestamp": 1772570987059, "change_id": 143466806267, "instrument_name": "BTC-PERPETUAL", "bids": [[68403.0, 132690.0], [68401.0, 10520.0], [68400.5, 44780.0], [68399.5, 11470.0], [68398.0, 10000.0], [68396.5, 8550.0], [68396.0, 19300.0], [68395.5, 4340.0], [68394.0, 12990.0], [68393.5, 21440.0], [68390.5, 10340.0], [68390.0, 36940.0], [68387.5, 1300.0], [68387.0, 4340.0], [68386.0, 8590.0], [68385.5, 42600.0], [68385.0, 46880.0], [68384.5, 5030.0], [68384.0, 50000.0], [68383.0, 24930.0]], "asks": [[68403.5, 7590.0], [68406.0, 10.0], [68409.5, 46990.0], [68410.0, 6000.0], [68411.0, 2600.0], [68411.5, 36400.0], [68412.0, 10980.0], [68412.5, 15000.0], [68413.0, 6810.0], [68413.5, 39390.0], [68414.5, 7340.0], [68415.0, 4100.0], [68417.5, 12990.0], [68418.0, 8210.0], [68418.5, 3230.0], [68419.0, 6000.0], [68420.0, 4330.0], [68420.5, 1000.0], [68423.5, 16860.0], [68424.5, 22250.0]]}}}
{"jsonrpc": "2.0", "method": "subscription", "params": {"channel": "book.BTC-PERPETUAL.none.20.100ms", "data": {"timestamp": 1772570987390, "change_id": 143466806798, "instrument_name": "BTC-PERPETUAL", "bids": [[68403.0, 110940.0], [68402.5, 30000.0], [68400.5, 4390.0], [68397.5, 6000.0], [68396.5, 11080.0], [68396.0, 210.0], [68395.5, 4340.0], [68394.5, 15000.0], [68394.0, 5490.0], [68393.5, 8800.0], [68392.0, 490.0], [68391.0, 5490.0], [68390.5, 10340.0], [68389.0, 5170.0], [68387.0, 4340.0], [68386.5, 12990.0], [68386.0, 2000.0], [68385.5, 42600.0], [68385.0, 21880.0], [68384.5, 5030.0]], "asks": [[68403.5, 55480.0], [68406.0, 10.0], [68407.0, 1640.0], [68407.5, 27830.0], [68408.0, 35480.0], [68408.5, 5490.0], [68409.0, 19580.0], [68409.5, 210.0], [68410.0, 6000.0], [68411.0, 2600.0], [68411.5, 21400.0], [68412.5, 15000.0], [68413.5, 38900.0], [68414.5, 14500.0], [68415.0, 4100.0], [68415.5, 1000.0], [68417.5, 36960.0], [68418.0, 8210.0], [68418.5, 6850.0], [68419.0, 6000.0]]}}}
{"jsonrpc": "2.0", "method": "subscription", "params": {"channel": "book.BTC-PERPETUAL.none.20.100ms", "data": {"timestamp": 1772570987717, "change_id": 143466807675, "instrument_name": "BTC-PERPETUAL", "bids": [[68403.0, 130880.0], [68402.5, 30000.0], [68400.0, 210.0], [68398.0, 3280.0], [68397.5, 5490.0], [68397.0, 5490.0], [68396.5, 7330.0], [68396.0, 6490.0], [68395.5, 4340.0], [68393.5, 9330.0], [68391.0, 12990.0], [68390.5, 4340.0], [68389.5, 16080.0], [68388.5, 6000.0], [68387.5, 36940.0], [68387.0, 4340.0], [68386.0, 6590.0], [68385.5, 32790.0], [68385.0, 25000.0], [68384.5, 57030.0]], "asks": [[68403.5, 9180.0], [68406.0, 10.0], [68407.0, 2600.0], [68408.5, 34990.0], [68409.0, 12000.0], [68409.5, 210.0], [68410.0, 6000.0], [68411.0, 20490.0], [68411.5, 21400.0], [68412.0, 5490.0], [68412.5, 15000.0], [68413.0, 7080.0], [68413.5, 38900.0], [68414.5, 7040.0], [68415.0, 4100.0], [68417.0, 12990.0], [68418.0, 8210.0], [68418.5, 3080.0], [68419.0, 6000.0], [68420.0, 4330.0]]}}}
{"jsonrpc": "2.0", "method": "subscription", "params": {"channel": "book.BTC-PERPETUAL.none.20.100ms", "data": {"timestamp": 1772570988049, "change_id": 143466808220, "instrument_name": "BTC-PERPETUAL", "bids": [[68403.0, 130880.0], [68402.5, 30000.0], [68400.0, 3630.0], [68399.5, 5490.0], [68399.0, 5490.0], [68397.0, 490.0], [68396.5, 10480.0], [68396.0, 6000.0], [68395.5, 4340.0], [68394.0, 12990.0], [68393.5, 5780.0], [68390.5, 4340.0], [68390.0, 14110.0], [68389.5, 36940.0], [68388.5, 6000.0], [68388.0, 6590.0], [68387.0, 4340.0], [68385.5, 32790.0], [68385.0, 25000.0], [68384.5, 57030.0]], "asks": [[68403.5, 9080.0], [68406.0, 10.0], [68407.0, 2600.0], [68408.5, 34990.0], [68409.0, 12000.0], [68409.5, 210.0], [68410.0, 6000.0], [68411.0, 15000.0], [68411.5, 21890.0], [68412.0, 5490.0], [68412.5, 20490.0], [68413.5, 38900.0], [68414.0, 6590.0], [68414.5, 7040.0], [68415.0, 4100.0], [68417.5, 12990.0], [68418.0, 8210.0], [68418.5, 3080.0], [68419.0, 6000.0], [68420.0, 4330.0]]}}}
{"jsonrpc": "2.0", "method": "subscription", "params": {"channel": "book.BTC-PERPETUAL.none.20.100ms", "data": {"timestamp": 1772570988379, "change_id": 143466809739, "instrument_name": "BTC-PERPETUAL", "bids": [[68412.0, 46450.0], [68411.5, 45950.0], [68408.0, 60000.0], [68407.0, 1300.0], [68406.5, 4340.0], [68404.5, 210.0], [68403.5, 44490.0], [68403.0, 71710.0], [68400.5, 114810.0], [68400.0, 400000.0], [68396.5, 33680.0], [68396.0, 42940.0], [68395.5, 4340.0], [68394.5, 8210.0], [68393.5, 69690.0], [68391.0, 6590.0], [68390.5, 37550.0], [68389.0, 8080.0], [68388.5, 6000.0], [68387.0, 4340.0]], "asks": [[68412.5, 35500.0], [68417.0, 210.0], [68417.5, 3280.0], [68418.0, 22720.0], [68418.5, 41580.0], [68420.0, 4330.0], [68421.5, 8390.0], [68422.0, 6000.0], [68422.5, 12000.0], [68423.0, 2600.0], [68424.0, 490.0], [68424.5, 8250.0], [68425.5, 15850.0], [68426.0, 38900.0], [68427.5, 12990.0], [68428.0, 8200.0], [68428.5, 15750.0], [68429.0, 6000.0], [68429.5, 4100.0], [68431.0, 36960.0]]}}}
{"jsonrpc": "2.0", "method": "subscription", "params": {"channel": "book.BTC-PERPETUAL.none.20.100ms", "data": {"timestamp": 1772570988705, "change_id": 143466811170, "instrument_name": "BTC-PERPETUAL", "bids": [[68412.0, 40360.0], [68411.5, 45950.0], [68408.5, 2600.0], [68408.0, 60000.0], [68407.5, 4490.0], [68407.0, 10000.0], [68406.5, 4340.0], [68404.5, 210.0], [68404.0, 490.0], [68403.5, 44490.0], [68403.0, 66130.0], [68401.0, 5490.0], [68400.5, 114810.0], [68400.0, 400000.0], [68397.0, 12990.0], [68396.5, 33680.0], [68396.0, 6000.0], [68395.5, 26220.0], [68394.5, 8210.0], [68394.0, 36940.0]], "asks": [[68412.5, 35500.0], [68416.0, 38330.0], [68416.5, 5490.0], [68417.0, 210.0], [68417.5, 5490.0], [68418.0, 7280.0], [68418.5, 6590.0], [68419.5, 3090.0], [68420.0, 4330.0], [68421.0, 12990.0], [68421.5, 19150.0], [68422.0, 6000.0], [68422.5, 12000.0], [68424.5, 47150.0], [68425.5, 14170.0], [68428.0, 8200.0], [68428.5, 45850.0], [68429.0, 6000.0], [68429.5, 4100.0], [68431.0, 14000.0]]}}}
{"jsonrpc": "2.0", "method": "subscription", "params": {"channel": "book.BTC-PERPETUAL.none.20.100ms", "data": {"timestamp": 1772570989041, "change_id": 143466811765, "instrument_name": "BTC-PERPETUAL", "bids": [[68412.0, 40360.0], [68411.5, 45950.0], [68408.5, 2600.0], [68408.0, 60000.0], [68407.5, 4300.0], [68407.0, 10000.0], [68406.5, 4340.0], [68404.5, 210.0], [68404.0, 490.0], [68403.5, 44490.0], [68403.0, 65730.0], [68401.0, 5490.0], [68400.5, 3880.0], [68397.0, 12990.0], [68396.5, 33680.0], [68396.0, 6000.0], [68395.5, 26220.0], [68394.5, 8210.0], [68394.0, 36940.0], [68393.5, 80360.0]], "asks": [[68412.5, 35500.0], [68416.0, 38330.0], [68416.5, 5490.0], [68417.0, 210.0], [68417.5, 5490.0], [68418.0, 7280.0], [68418.5, 6590.0], [68419.5, 3090.0], [68420.0, 4330.0], [68421.0, 12990.0], [68421.5, 19150.0], [68422.0, 6000.0], [68422.5, 12000.0], [68424.5, 47150.0], [68425.5, 14170.0], [68428.0, 8200.0], [68428.5, 45850.0], [68429.0, 6000.0], [68429.5, 4100.0], [68431.0, 14000.0]]}}}
{"jsonrpc": "2.0", "method": "subscription", "params": {"channel": "book.BTC-PERPETUAL.none.20.100ms", "data": {"timestamp": 1772570989374, "change_id": 143466812327, "instrument_name": "BTC-PERPETUAL", "bids": [[68412.0, 101370.0], [68411.5, 14070.0], [68408.5, 32600.0], [68407.5, 4400.0], [68406.5, 4340.0], [68405.0, 5980.0], [68404.5, 210.0], [68404.0, 16220.0], [68403.5, 19500.0], [68403.0, 10940.0], [68400.5, 3880.0], [68397.0, 12990.0], [68396.5, 33680.0], [68396.0, 42940.0], [68395.5, 26220.0], [68394.5, 8210.0], [68393.5, 80360.0], [68392.0, 2000.0], [68391.5, 12450.0], [68391.0, 6590.0]], "asks": [[68412.5, 20500.0], [68416.0, 34990.0], [68417.0, 210.0], [68417.5, 5490.0], [68418.0, 9670.0], [68418.5, 6590.0], [68419.5, 2600.0], [68420.0, 4330.0], [68420.5, 490.0], [68421.5, 19150.0], [68422.0, 12990.0], [68422.5, 12000.0], [68424.5, 47150.0], [68425.5, 2450.0], [68428.0, 8200.0], [68428.5, 19430.0], [68429.0, 6000.0], [68429.5, 5100.0], [68430.5, 36960.0], [68431.5, 7830.0]]}}}
{"jsonrpc": "2.0", "method": "subscription", "params": {"channel": "book.BTC-PERPETUAL.none.20.100ms", "data": {"timestamp": 1772570989704, "change_id": 143466813490, "instrument_name": "BTC-PERPETUAL", "bids": [[68412.0, 114380.0], [68411.5, 14070.0], [68408.5, 30000.0], [68408.0, 490.0], [68407.5, 4200.0], [68406.5, 4340.0], [68404.5, 10980.0], [68404.0, 10730.0], [68403.5, 19500.0], [68403.0, 10820.0], [68400.5, 18310.0], [68399.5, 12990.0], [68399.0, 50000.0], [68396.5, 33680.0], [68396.0, 6000.0], [68395.5, 26220.0], [68395.0, 36940.0], [68394.5, 8210.0], [68393.5, 55360.0], [68392.5, 6590.0]], "asks": [[68412.5, 18590.0], [68418.5, 6590.0], [68419.0, 27820.0], [68419.5, 40480.0], [68420.0, 4330.0], [68420.5, 15000.0], [68422.0, 12990.0], [68422.5, 12000.0], [68423.0, 490.0], [68423.5, 14370.0], [68424.0, 210.0], [68424.5, 38900.0], [68425.5, 2450.0], [68428.0, 8200.0], [68428.5, 3860.0], [68429.5, 4100.0], [68430.5, 6000.0], [68431.5, 7830.0], [68432.0, 16180.0], [68432.5, 50960.0]]}}}
{"jsonrpc": "2.0", "method": "subscription", "params": {"channel": "book.BTC-PERPETUAL.none.20.100ms", "data": {"timestamp": 1772570990033, "change_id": 143466814064, "instrument_name": "BTC-PERPETUAL", "bids": [[68412.0, 114340.0], [68411.5, 14070.0], [68409.0, 30000.0], [68408.0, 700.0], [68407.5, 1300.0], [68406.5, 4340.0], [68404.0, 10730.0], [68403.5, 24990.0], [68403.0, 10820.0], [68401.0, 5490.0], [68400.5, 18310.0], [68399.0, 50000.0], [68397.0, 12990.0], [68396.5, 33680.0], [68396.0, 6000.0], [68395.5, 26220.0], [68394.5, 8210.0], [68394.0, 36940.0], [68393.5, 33480.0], [68391.0, 6590.0]], "asks": [[68412.5, 3690.0], [68418.0, 45970.0], [68418.5, 6590.0], [68419.0, 13240.0], [68420.0, 17320.0], [68420.5, 30210.0], [68422.5, 12000.0], [68423.0, 490.0], [68423.5, 14370.0], [68424.5, 38900.0], [68425.5, 2450.0], [68428.0, 8200.0], [68428.5, 15890.0], [68429.5, 18100.0], [68430.0, 36960.0], [68430.5, 6000.0], [68431.5, 7830.0], [68432.0, 1080.0], [68433.0, 2630.0], [68433.5, 1000.0]]}}}
