{"jsonrpc": "2.0", "id": 1, "result": ["book.BTC-PERPETUAL.none.20.100ms"], "usIn": 1770029713490582, "usOut": 1770029713490751, "usDiff": 169, "testnet": false}
{"jsonrpc": "2.0", "method": "subscription", "params": {"channel": "book.BTC-PERPETUAL.none.20.100ms", "data": {"timestamp": 1770029713484, "change_id": 138051402090, "instrument_name": "BTC-PERPETUAL", "bids": [[77488.0, 109510.0], [77487.5, 14690.0], [77485.5, 10.0], [77485.0, 40500.0], [77484.5, 10000.0], [77484.0, 22550.0], [77483.5, 30000.0], [77482.0, 25000.0], [77481.5, 27400.0], [77479.0, 10630.0], [77478.5, 12150.0], [77476.0, 25000.0], [77475.5, 27800.0], [77474.0, 490.0], [77473.5, 20320.0], [77472.0, 74990.0], [77471.5, 7760.0], [77468.0, 25990.0], [77467.0, 12530.0], [77466.5, 21980.0]], "asks": [[77488.5, 212380.0], [77489.0, 23110.0], [77490.5, 490.0], [77491.0, 27600.0], [77491.5, 40500.0], [77492.0, 13340.0], [77495.0, 9240.0], [77495.5, 26000.0], [77496.0, 49490.0], [77496.5, 8620.0], [77497.5, 16000.0], [77499.5, 75010.0], [77500.0, 15270.0], [77501.0, 20.0], [77504.0, 26560.0], [77504.5, 61600.0], [77505.5, 16100.0], [77508.0, 11270.0], [77509.0, 21000.0], [77509.5, 45000.0]]}}}
{"jsonrpc": "2.0", "method": "subscription", "params": {"channel": "book.BTC-PERPETUAL.none.20.100ms", "data": {"timestamp": 1770029713722, "change_id": 138051402569, "instrument_name": "BTC-PERPETUAL", "bids": [[77488.0, 96410.0], [77487.5, 14690.0], [77485.5, 10.0], [77485.0, 40500.0], [77484.5, 10000.0], [77484.0, 22550.0], [77483.5, 30000.0], [77482.0, 25000.0], [77481.5, 27400.0], [77479.0, 3630.0], [77478.5, 12150.0], [77475.5, 6220.0], [77473.5, 20320.0], [77472.5, 490.0], [77471.5, 35790.0], [77468.5, 99990.0], [77468.0, 25990.0], [77467.0, 12530.0], [77466.5, 21980.0], [77466.0, 16760.0]], "asks": [[77488.5, 216150.0], [77489.0, 23110.0], [77490.5, 490.0], [77491.0, 27600.0], [77491.5, 49740.0], [77492.0, 13340.0], [77495.5, 26000.0], [77496.0, 49490.0], [77496.5, 8620.0], [77497.0, 75010.0], [77497.5, 16000.0], [77499.5, 61600.0], [77500.0, 15270.0], [77501.0, 20.0], [77504.0, 8170.0], [77505.5, 16100.0], [77508.0, 11270.0], [77508.5, 27190.0], [77509.0, 21000.0], [77509.5, 45000.0]]}}}
{"jsonrpc": "2.0", "method": "subscription", "params": {"channel": "book.BTC-PERPETUAL.none.20.100ms", "data": {"timestamp": 1770029714055, "change_id": 138051403049, "instrument_name": "BTC-PERPETUAL", "bids": [[77488.0, 193330.0], [77487.5, 18010.0], [77487.0, 25000.0], [77486.0, 40500.0], [77485.5, 10.0], [77484.0, 16420.0], [77483.5, 30000.0], [77481.5, 25000.0], [77479.0, 3630.0], [77478.5, 12150.0], [77476.0, 490.0], [77475.5, 27800.0], [77474.0, 74990.0], [77473.5, 20320.0], [77469.5, 14320.0], [77469.0, 10990.0], [77468.0, 25990.0], [77467.5, 10990.0], [77467.0, 12530.0], [77466.5, 9230.0]], "asks": [[77488.5, 169300.0], [77489.0, 2880.0], [77490.5, 8240.0], [77491.0, 27600.0], [77494.5, 6490.0], [77495.0, 9740.0], [77496.0, 26000.0], [77496.5, 34620.0], [77497.5, 20.0], [77500.0, 15270.0], [77503.0, 37920.0], [77503.5, 136620.0], [77504.0, 8170.0], [77505.5, 16100.0], [77508.0, 11270.0], [77508.5, 19730.0], [77509.5, 45000.0], [77511.5, 100.0], [77514.0, 29140.0], [77514.5, 11280.0]]}}}
{"jsonrpc": "2.0", "method": "subscription", "params": {"channel": "book.BTC-PERPETUAL.none.20.100ms", "data": {"timestamp": 1770029714384, "change_id": 138051403393, "instrument_name": "BTC-PERPETUAL", "bids": [[77488.0, 193330.0], [77487.5, 18010.0], [77487.0, 25000.0], [77486.5, 10000.0], [77486.0, 40500.0], [77485.5, 10.0], [77484.0, 15270.0], [77483.5, 30000.0], [77483.0, 25000.0], [77479.0, 3630.0], [77478.5, 12150.0], [77477.5, 490.0], [77475.5, 34540.0], [77474.0, 74990.0], [77473.5, 20320.0], [77470.5, 10620.0], [77470.0, 25990.0], [77468.0, 10990.0], [77467.5, 10990.0], [77467.0, 12530.0]], "asks": [[77488.5, 159260.0], [77489.0, 2880.0], [77490.5, 8240.0], [77491.0, 27600.0], [77494.0, 500.0], [77494.5, 6490.0], [77495.0, 9240.0], [77496.0, 12010.0], [77497.5, 20.0], [77498.5, 12320.0], [77499.0, 26000.0], [77500.0, 15270.0], [77501.0, 40780.0], [77501.5, 75020.0], [77503.5, 61600.0], [77504.0, 8170.0], [77505.5, 16100.0], [77508.0, 11270.0], [77509.0, 13460.0], [77509.5, 45000.0]]}}}
{"jsonrpc": "2.0", "method": "subscription", "params": {"channel": "book.BTC-PERPETUAL.none.20.100ms", "data": {"timestamp": 1770029714708, "change_id": 138051404113, "instrument_name": "BTC-PERPETUAL", "bids": [[77488.0, 177060.0], [77487.5, 18010.0], [77487.0, 25000.0], [77486.0, 40500.0], [77485.5, 10.0], [77484.0, 8960.0], [77483.5, 30000.0], [77479.0, 32240.0], [77478.5, 12150.0], [77476.0, 75480.0], [77474.0, 6070.0], [77473.5, 20320.0], [77470.5, 17090.0], [77469.0, 25990.0], [77468.5, 25000.0], [77468.0, 10990.0], [77467.5, 10990.0], [77467.0, 12530.0], [77466.0, 25990.0], [77465.5, 16000.0]], "asks": [[77488.5, 155960.0], [77489.0, 2880.0], [77490.5, 8240.0], [77491.0, 27600.0], [77494.0, 500.0], [77494.5, 6490.0], [77495.0, 9240.0], [77496.0, 12010.0], [77497.5, 20.0], [77498.5, 12320.0], [77499.0, 26000.0], [77500.0, 15270.0], [77500.5, 40780.0], [77503.0, 75020.0], [77503.5, 61600.0], [77504.0, 8170.0], [77505.5, 16100.0], [77508.0, 11270.0], [77509.0, 13460.0], [77509.5, 45000.0]]}}}
{"jsonrpc": "2.0", "method": "subscription", "params": {"channel": "book.BTC-PERPETUAL.none.20.100ms", "data": {"timestamp": 1770029715044, "change_id": 138051404440, "instrument_name": "BTC-PERPETUAL", "bids": [[77488.0, 177060.0], [77487.5, 18830.0], [77487.0, 25000.0], [77485.5, 10.0], [77484.5, 40600.0], [77484.0, 8960.0], [77483.5, 30000.0], [77479.0, 10750.0], [77478.5, 12150.0], [77476.0, 25000.0], [77475.5, 28450.0], [77475.0, 75480.0], [77473.5, 20320.0], [77470.0, 11040.0], [77469.5, 10990.0], [77468.5, 25990.0], [77467.5, 10990.0], [77467.0, 12530.0], [77466.0, 16760.0], [77465.5, 16000.0]], "asks": [[77488.5, 199730.0], [77489.0, 2880.0], [77489.5, 9130.0], [77490.0, 30600.0], [77494.0, 500.0], [77494.5, 6490.0], [77495.0, 9240.0], [77496.0, 12010.0], [77496.5, 17100.0], [77497.0, 26000.0], [77497.5, 16020.0], [77500.0, 15270.0], [77500.5, 40780.0], [77503.0, 75020.0], [77503.5, 61600.0], [77504.0, 8170.0], [77505.5, 16100.0], [77508.0, 11270.0], [77509.0, 13460.0], [77509.5, 45000.0]]}}}
{"jsonrpc": "2.0", "method": "subscription", "params": {"channel": "book.BTC-PERPETUAL.none.20.100ms", "data": {"timestamp": 1770029715374, "change_id": 138051404621, "instrument_name": "BTC-PERPETUAL", "bids": [[77488.0, 138320.0], [77487.5, 18830.0], [77487.0, 25000.0], [77485.5, 10.0], [77485.0, 3350.0], [77484.5, 40600.0], [77484.0, 20960.0], [77483.5, 30000.0], [77479.0, 11240.0], [77478.5, 12150.0], [77477.5, 490.0], [77477.0, 25000.0], [77474.5, 28450.0], [77474.0, 74990.0], [77473.5, 20320.0], [77471.0, 11040.0], [77470.5, 25990.0], [77468.0, 10990.0], [77467.5, 10990.0], [77467.0, 12530.0]], "asks": [[77488.5, 164560.0], [77489.0, 2880.0], [77494.5, 6990.0], [77495.0, 9240.0], [77496.0, 12010.0], [77496.5, 17100.0], [77497.0, 26000.0], [77497.5, 16020.0], [77500.0, 15270.0], [77500.5, 40780.0], [77503.0, 75020.0], [77503.5, 61600.0], [77504.0, 8170.0], [77505.5, 16100.0], [77508.0, 11270.0], [77509.0, 13460.0], [77509.5, 45000.0], [77511.5, 100.0], [77513.5, 21000.0], [77514.0, 8140.0]]}}}
{"jsonrpc": "2.0", "method": "subscription", "params": {"channel": "book.BTC-PERPETUAL.none.20.100ms", "data": {"timestamp": 1770029715708, "change_id": 138051405314, "instrument_name": "BTC-PERPETUAL", "bids": [[77488.0, 148320.0], [77487.5, 18830.0], [77487.0, 25000.0], [77485.5, 10.0], [77485.0, 3350.0], [77484.5, 40600.0], [77484.0, 20960.0], [77483.5, 30000.0], [77479.0, 32180.0], [77478.5, 12150.0], [77477.5, 490.0], [77477.0, 25000.0], [77476.0, 74990.0], [77474.0, 6070.0], [77473.5, 20320.0], [77471.0, 11040.0], [77468.5, 25990.0], [77468.0, 10990.0], [77467.5, 10990.0], [77467.0, 12530.0]], "asks": [[77488.5, 158190.0], [77489.0, 2880.0], [77494.5, 6990.0], [77495.0, 9240.0], [77496.0, 12010.0], [77496.5, 17100.0], [77497.0, 26000.0], [77497.5, 16020.0], [77500.0, 15270.0], [77500.5, 40780.0], [77503.0, 75020.0], [77503.5, 61600.0], [77504.0, 8170.0], [77505.5, 16100.0], [77508.0, 11270.0], [77509.0, 13460.0], [77509.5, 45000.0], [77511.5, 100.0], [77513.0, 15270.0], [77513.5, 21000.0]]}}}
{"jsonrpc": "2.0", "method": "subscription", "params": {"channel": "book.BTC-PERPETUAL.none.20.100ms", "data": {"timestamp": 1770029716029, "change_id": 138051405587, "instrument_name": "BTC-PERPETUAL", "bids": [[77488.0, 148320.0], [77487.5, 18830.0], [77487.0, 25000.0], [77485.5, 10.0], [77485.0, 3350.0], [77484.5, 40600.0], [77484.0, 20960.0], [77483.5, 30000.0], [77479.0, 32100.0], [77478.5, 12150.0], [77477.5, 25000.0], [77476.0, 74990.0], [77475.0, 490.0], [77474.0, 6070.0], [77473.5, 20320.0], [77472.0, 11040.0], [77468.5, 25990.0], [77468.0, 10990.0], [77467.5, 10990.0], [77467.0, 12530.0]], "asks": [[77488.5, 201730.0], [77489.0, 2880.0], [77494.5, 6990.0], [77495.0, 9240.0], [77496.0, 12010.0], [77496.5, 17100.0], [77497.0, 26000.0], [77497.5, 16020.0], [77500.0, 15270.0], [77500.5, 40780.0], [77503.0, 75020.0], [77503.5, 61600.0], [77504.0, 8170.0], [77505.5, 16100.0], [77508.0, 11270.0], [77509.0, 13460.0], [77509.5, 45000.0], [77511.5, 100.0], [77513.0, 15270.0], [77513.5, 21000.0]]}}}
{"jsonrpc": "2.0", "method": "subscription", "params": {"channel": "book.BTC-PERPETUAL.none.20.100ms", "data": {"timestamp": 1770029716372, "change_id": 138051405831, "instrument_name": "BTC-PERPETUAL", "bids": [[77488.0, 187060.0], [77487.5, 18830.0], [77487.0, 25000.0], [77485.5, 10.0], [77485.0, 3350.0], [77484.5, 40600.0], [77484.0, 20960.0], [77483.5, 30000.0], [77479.0, 11090.0], [77478.5, 12150.0], [77478.0, 490.0], [77477.5, 25000.0], [77476.0, 28450.0], [77474.0, 74990.0], [77473.5, 20320.0], [77472.0, 11040.0], [77468.5, 25990.0], [77468.0, 10990.0], [77467.5, 10990.0], [77467.0, 12530.0]], "asks": [[77488.5, 196900.0], [77489.0, 2880.0], [77494.0, 500.0], [77494.5, 6490.0], [77495.0, 9240.0], [77496.0, 12010.0], [77496.5, 17100.0], [77497.0, 26000.0], [77497.5, 16020.0], [77500.0, 15270.0], [77500.5, 40780.0], [77503.0, 75020.0], [77503.5, 61600.0], [77504.0, 8170.0], [77505.5, 16100.0], [77508.0, 11270.0], [77509.0, 13460.0], [77509.5, 45000.0], [77511.5, 100.0], [77513.0, 15270.0]]}}}
{"jsonrpc": "2.0", "method": "subscription", "params": {"channel": "book.BTC-PERPETUAL.none.20.100ms", "data": {"timestamp": 1770029716675, "change_id": 138051406350, "instrument_name": "BTC-PERPETUAL", "bids": [[77488.0, 187060.0], [77487.5, 18830.0], [77487.0, 25000.0], [77485.5, 10.0], [77485.0, 3350.0], [77484.5, 40600.0], [77484.0, 8960.0], [77483.5, 30000.0], [77479.0, 11090.0], [77478.5, 12150.0], [77478.0, 490.0], [77477.5, 25000.0], [77476.0, 28450.0], [77474.0, 74990.0], [77473.5, 20320.0], [77472.0, 11040.0], [77468.5, 25990.0], [77468.0, 10990.0], [77467.5, 10990.0], [77467.0, 12530.0]], "asks": [[77488.5, 196060.0], [77489.0, 2880.0], [77494.0, 500.0], [77494.5, 6490.0], [77495.0, 9240.0], [77496.0, 12010.0], [77496.5, 17100.0], [77497.0, 26000.0], [77497.5, 16020.0], [77500.0, 15270.0], [77500.5, 40780.0], [77503.0, 75020.0], [77503.5, 61600.0], [77504.0, 8170.0], [77505.5, 16100.0], [77508.0, 11270.0], [77509.0, 13460.0], [77509.5, 45000.0], [77511.5, 100.0], [77513.0, 15270.0]]}}}
{"jsonrpc": "2.0", "method": "subscription", "params": {"channel": "book.BTC-PERPETUAL.none.20.100ms", "data": {"timestamp": 1770029717032, "change_id": 138051406833, "instrument_name": "BTC-PERPETUAL", "bids": [[77488.0, 119210.0], [77485.5, 10.0], [77485.0, 3350.0], [77484.5, 40600.0], [77484.0, 27490.0], [77483.5, 30000.0], [77483.0, 27400.0], [77479.0, 3770.0], [77478.5, 12150.0], [77476.5, 490.0], [77476.0, 28450.0], [77474.0, 74990.0], [77473.5, 20320.0], [77472.0, 17090.0], [77468.5, 50990.0], [77468.0, 10990.0], [77467.5, 10990.0], [77467.0, 12530.0], [77466.0, 16760.0], [77465.5, 16000.0]], "asks": [[77488.5, 203730.0], [77489.0, 2880.0], [77494.0, 14600.0], [77494.5, 26000.0], [77495.0, 9240.0], [77496.0, 12010.0], [77496.5, 37310.0], [77497.5, 16020.0], [77499.5, 75010.0], [77500.0, 15270.0], [77503.0, 18390.0], [77503.5, 61600.0], [77504.0, 8170.0], [77505.5, 16100.0], [77508.0, 11270.0], [77509.0, 13460.0], [77509.5, 45000.0], [77510.0, 46000.0], [77511.5, 100.0], [77514.5, 11280.0]]}}}
{"jsonrpc": "2.0", "method": "subscription", "params": {"channel": "book.BTC-PERPETUAL.none.20.100ms", "data": {"timestamp": 1770029717350, "change_id": 138051407092, "instrument_name": "BTC-PERPETUAL", "bids": [[77488.0, 109210.0], [77487.5, 41550.0], [77486.5, 10000.0], [77485.5, 10.0], [77485.0, 3350.0], [77484.5, 40600.0], [77484.0, 15990.0], [77483.5, 30000.0], [77480.0, 27400.0], [77479.0, 3770.0], [77478.5, 12150.0], [77476.0, 6210.0], [77474.0, 490.0], [77473.5, 20320.0], [77472.0, 38700.0], [77469.0, 74990.0], [77468.5, 50990.0], [77467.0, 12530.0], [77466.5, 21980.0], [77466.0, 16760.0]], "asks": [[77488.5, 214560.0], [77489.0, 2880.0], [77493.0, 20740.0], [77493.5, 500.0], [77494.5, 26000.0], [77496.0, 12010.0], [77496.5, 37680.0], [77497.0, 75010.0], [77497.5, 16020.0], [77500.0, 15270.0], [77503.0, 18390.0], [77503.5, 61600.0], [77504.0, 8170.0], [77505.5, 16100.0], [77508.0, 11270.0], [77509.0, 13460.0], [77509.5, 45000.0], [77510.0, 46000.0], [77511.5, 100.0], [77514.5, 11280.0]]}}}
{"jsonrpc": "2.0", "method": "subscription", "params": {"channel": "book.BTC-PERPETUAL.none.20.100ms", "data": {"timestamp": 1770029717691, "change_id": 138051407821, "instrument_name": "BTC-PERPETUAL", "bids": [[77488.0, 136610.0], [77487.5, 41550.0], [77486.5, 10000.0], [77485.5, 10.0], [77485.0, 3350.0], [77484.5, 40600.0], [77484.0, 8960.0], [77483.5, 30000.0], [77479.0, 11240.0], [77478.5, 12150.0], [77476.5, 25490.0], [77476.0, 27660.0], [77474.0, 74990.0], [77473.5, 20320.0], [77469.0, 18750.0], [77468.5, 25990.0], [77467.5, 10990.0], [77467.0, 12530.0], [77466.0, 16760.0], [77465.5, 16000.0]], "asks": [[77488.5, 211930.0], [77489.0, 2880.0], [77493.0, 11500.0], [77495.0, 9740.0], [77495.5, 26000.0], [77496.0, 12010.0], [77496.5, 16480.0], [77497.5, 16020.0], [77500.0, 15270.0], [77501.0, 40780.0], [77501.5, 75020.0], [77503.5, 61600.0], [77504.0, 8170.0], [77505.5, 16100.0], [77508.0, 11270.0], [77509.0, 25470.0], [77509.5, 45000.0], [77510.0, 46000.0], [77511.5, 100.0], [77514.5, 11280.0]]}}}
{"jsonrpc": "2.0", "method": "subscription", "params": {"channel": "book.BTC-PERPETUAL.none.20.100ms", "data": {"timestamp": 1770029718015, "change_id": 138051408160, "instrument_name": "BTC-PERPETUAL", "bids": [[77488.0, 177410.0], [77487.5, 51550.0], [77485.5, 10.0], [77485.0, 3350.0], [77484.5, 40600.0], [77484.0, 8960.0], [77483.5, 30000.0], [77479.0, 11240.0], [77478.5, 12150.0], [77477.0, 490.0], [77476.5, 25000.0], [77476.0, 27660.0], [77474.0, 74990.0], [77473.5, 20320.0], [77469.5, 13330.0], [77468.5, 25990.0], [77468.0, 10990.0], [77467.5, 10990.0], [77467.0, 12530.0], [77466.0, 16760.0]], "asks": [[77488.5, 213720.0], [77492.0, 26430.0], [77492.5, 40800.0], [77494.5, 500.0], [77495.0, 9240.0], [77495.5, 26000.0], [77496.0, 12010.0], [77496.5, 16480.0], [77497.5, 16020.0], [77500.0, 15270.0], [77501.0, 40780.0], [77503.0, 75020.0], [77503.5, 61600.0], [77504.0, 8170.0], [77505.5, 16100.0], [77508.0, 11270.0], [77509.0, 25470.0], [77509.5, 45000.0], [77510.0, 46000.0], [77511.5, 100.0]]}}}
{"jsonrpc": "2.0", "method": "subscription", "params": {"channel": "book.BTC-PERPETUAL.none.20.100ms", "data": {"timestamp": 1770029718354, "change_id": 138051408411, "instrument_name": "BTC-PERPETUAL", "bids": [[77488.0, 177410.0], [77487.5, 51550.0], [77485.5, 10.0], [77485.0, 3350.0], [77484.5, 40600.0], [77484.0, 8960.0], [77483.5, 30000.0], [77479.0, 3770.0], [77478.5, 12150.0], [77477.0, 490.0], [77476.0, 27660.0], [77474.0, 74990.0], [77473.5, 20320.0], [77469.5, 25220.0], [77468.5, 50990.0], [77467.5, 10990.0], [77467.0, 12530.0], [77466.0, 25990.0], [77465.5, 16000.0], [77463.5, 20.0]], "asks": [[77488.5, 220810.0], [77492.0, 18670.0], [77492.5, 40800.0], [77494.5, 500.0], [77495.0, 9240.0], [77496.0, 12010.0], [77496.5, 23050.0], [77497.0, 26000.0], [77497.5, 16020.0], [77500.0, 15270.0], [77501.0, 40780.0], [77503.0, 75020.0], [77503.5, 61600.0], [77504.0, 14590.0], [77505.5, 41100.0], [77508.0, 11270.0], [77509.0, 13460.0], [77509.5, 45000.0], [77511.5, 100.0], [77514.0, 21000.0]]}}}
{"jsonrpc": "2.0", "method": "subscription", "params": {"channel": "book.BTC-PERPETUAL.none.20.100ms", "data": {"timestamp": 1770029718683, "change_id": 138051409035, "instrument_name": "BTC-PERPETUAL", "bids": [[77488.0, 177410.0], [77487.5, 51550.0], [77485.5, 10.0], [77485.0, 3350.0], [77484.5, 40600.0], [77484.0, 8960.0], [77483.5, 30000.0], [77479.0, 32530.0], [77478.5, 12150.0], [77477.0, 25000.0], [77476.5, 74990.0], [77476.0, 6210.0], [77473.5, 20320.0], [77469.5, 18750.0], [77468.5, 25990.0], [77467.5, 10990.0], [77467.0, 12530.0], [77466.0, 25990.0], [77465.5, 16000.0], [77463.5, 20.0]], "asks": [[77488.5, 218010.0], [77492.0, 18670.0], [77492.5, 40800.0], [77495.0, 9240.0], [77495.5, 500.0], [77496.0, 12010.0], [77496.5, 23050.0], [77497.0, 26000.0], [77497.5, 16020.0], [77500.0, 15270.0], [77501.0, 40780.0], [77503.0, 75020.0], [77503.5, 61600.0], [77504.0, 8170.0], [77505.5, 16100.0], [77508.0, 11270.0], [77509.0, 13460.0], [77509.5, 70000.0], [77511.5, 100.0], [77513.5, 15270.0]]}}}
{"jsonrpc": "2.0", "method": "subscription", "params": {"channel": "book.BTC-PERPETUAL.none.20.100ms", "data": {"timestamp": 1770029719016, "change_id": 138051409782, "instrument_name": "BTC-PERPETUAL", "bids": [[77488.0, 62950.0], [77485.5, 11930.0], [77485.0, 30750.0], [77479.0, 3700.0], [77476.5, 12380.0], [77476.0, 23660.0], [77474.0, 490.0], [77473.5, 4320.0], [77472.0, 74990.0], [77469.0, 7460.0], [77468.5, 25000.0], [77468.0, 19150.0], [77466.0, 42750.0], [77465.5, 16000.0], [77463.5, 20.0], [77461.0, 21980.0], [77460.5, 20320.0], [77460.0, 45000.0], [77459.0, 61570.0], [77458.5, 11120.0]], "asks": [[77488.5, 242940.0], [77489.0, 7280.0], [77491.0, 40800.0], [77491.5, 9740.0], [77492.0, 26000.0], [77493.5, 3770.0], [77494.0, 12620.0], [77496.5, 7140.0], [77497.0, 46220.0], [77497.5, 16020.0], [77499.5, 136620.0], [77500.0, 15270.0], [77501.0, 13430.0], [77501.5, 45000.0], [77504.0, 13770.0], [77505.5, 16100.0], [77507.5, 21000.0], [77508.0, 11270.0], [77509.0, 25000.0], [77511.5, 100.0]]}}}
{"jsonrpc": "2.0", "method": "subscription", "params": {"channel": "book.BTC-PERPETUAL.none.20.100ms", "data": {"timestamp": 1770029719347, "change_id": 138051410120, "instrument_name": "BTC-PERPETUAL", "bids": [[77488.0, 62950.0], [77485.5, 11930.0], [77485.0, 30750.0], [77484.0, 8960.0], [77483.5, 30000.0], [77479.0, 3700.0], [77476.5, 12380.0], [77476.0, 1290.0], [77474.0, 490.0], [77473.5, 4320.0], [77469.5, 29850.0], [77469.0, 74990.0], [77468.5, 25000.0], [77468.0, 13060.0], [77466.0, 16760.0], [77465.5, 16000.0], [77463.5, 20.0], [77461.5, 25990.0], [77461.0, 21980.0], [77460.5, 20320.0]], "asks": [[77488.5, 227290.0], [77489.0, 7280.0], [77490.5, 9740.0], [77491.0, 40800.0], [77492.5, 26000.0], [77493.0, 3770.0], [77494.0, 12620.0], [77496.5, 57260.0], [77497.0, 75010.0], [77497.5, 16020.0], [77499.5, 61600.0], [77500.0, 15270.0], [77501.0, 19180.0], [77501.5, 45000.0], [77504.0, 38770.0], [77505.5, 16100.0], [77507.5, 21000.0], [77508.0, 11270.0], [77511.5, 100.0], [77514.5, 11280.0]]}}}
{"jsonrpc": "2.0", "method": "subscription", "params": {"channel": "book.BTC-PERPETUAL.none.20.100ms", "data": {"timestamp": 1770029719671, "change_id": 138051411071, "instrument_name": "BTC-PERPETUAL", "bids": [[77488.0, 120800.0], [77487.5, 14700.0], [77487.0, 12380.0], [77485.0, 3350.0], [77484.5, 490.0], [77484.0, 8960.0], [77483.5, 30000.0], [77480.0, 29020.0], [77479.5, 25000.0], [77479.0, 74990.0], [77474.5, 6070.0], [77473.5, 20320.0], [77472.0, 20.0], [77470.5, 16630.0], [77470.0, 25990.0], [77469.5, 10990.0], [77469.0, 2880.0], [77468.5, 10990.0], [77468.0, 13060.0], [77467.5, 45000.0]], "asks": [[77488.5, 113620.0], [77492.5, 2050.0], [77493.0, 4000.0], [77493.5, 2880.0], [77496.5, 16240.0], [77498.5, 9240.0], [77499.0, 26000.0], [77500.0, 15270.0], [77501.0, 13930.0], [77501.5, 45000.0], [77504.0, 12620.0], [77504.5, 48960.0], [77505.5, 16100.0], [77506.5, 20.0], [77507.0, 136620.0], [77508.0, 11270.0], [77511.5, 100.0], [77514.0, 21000.0], [77514.5, 11280.0], [77515.0, 16000.0]]}}}
{"jsonrpc": "2.0", "method": "subscription", "params": {"channel": "book.BTC-PERPETUAL.none.20.100ms", "data": {"timestamp": 1770029720009, "change_id": 138051411416, "instrument_name": "BTC-PERPETUAL", "bids": [[77488.0, 161580.0], [77487.5, 26300.0], [77487.0, 12380.0], [77485.0, 3350.0], [77484.5, 40900.0], [77484.0, 30190.0], [77483.5, 30000.0], [77481.0, 490.0], [77480.5, 74990.0], [77480.0, 7610.0], [77479.0, 25000.0], [77474.5, 13050.0], [77474.0, 25990.0], [77473.5, 20320.0], [77472.0, 10200.0], [77471.5, 10990.0], [77469.0, 13870.0], [77468.5, 9230.0], [77468.0, 13060.0], [77467.5, 45000.0]], "asks": [[77488.5, 136390.0], [77492.5, 14000.0], [77493.0, 44900.0], [77493.5, 2880.0], [77496.5, 16240.0], [77498.5, 9240.0], [77499.0, 26000.0], [77499.5, 500.0], [77500.0, 15270.0], [77501.0, 13430.0], [77501.5, 45000.0], [77504.0, 12620.0], [77504.5, 48960.0], [77505.5, 16100.0], [77506.5, 75030.0], [77507.0, 61600.0], [77508.0, 11270.0], [77511.5, 100.0], [77514.0, 21000.0], [77514.5, 11280.0]]}}}
{"jsonrpc": "2.0", "method": "subscription", "params": {"channel": "book.BTC-PERPETUAL.none.20.100ms", "data": {"timestamp": 1770029720342, "change_id": 138051411745, "instrument_name": "BTC-PERPETUAL", "bids": [[77488.0, 118460.0], [77487.5, 26300.0], [77485.0, 3350.0], [77484.5, 40900.0], [77484.0, 30190.0], [77483.5, 30000.0], [77483.0, 490.0], [77482.5, 12380.0], [77480.5, 74990.0], [77480.0, 7610.0], [77479.0, 25000.0], [77474.5, 13050.0], [77474.0, 25990.0], [77473.5, 20320.0], [77472.0, 10200.0], [77471.5, 10990.0], [77469.5, 10990.0], [77469.0, 2880.0], [77468.5, 9230.0], [77468.0, 13060.0]], "asks": [[77488.5, 119730.0], [77492.5, 14000.0], [77493.0, 44900.0], [77493.5, 2880.0], [77496.5, 11230.0], [77498.5, 9240.0], [77499.5, 13120.0], [77500.0, 36460.0], [77500.5, 26000.0], [77501.5, 45000.0], [77504.5, 48960.0], [77505.5, 16100.0], [77506.5, 75030.0], [77507.0, 61600.0], [77508.0, 11270.0], [77511.5, 100.0], [77514.0, 21000.0], [77514.5, 11280.0], [77515.0, 16000.0], [77516.5, 2950.0]]}}}
{"jsonrpc": "2.0", "method": "subscription", "params": {"channel": "book.BTC-PERPETUAL.none.20.100ms", "data": {"timestamp": 1770029720653, "change_id": 138051412249, "instrument_name": "BTC-PERPETUAL", "bids": [[77488.0, 118580.0], [77487.5, 32590.0], [77485.5, 38400.0], [77485.0, 3350.0], [77484.5, 40900.0], [77484.0, 30190.0], [77483.5, 30000.0], [77483.0, 490.0], [77482.5, 12380.0], [77480.5, 74990.0], [77480.0, 7610.0], [77479.0, 25000.0], [77474.5, 13050.0], [77474.0, 25990.0], [77473.5, 20320.0], [77472.5, 10990.0], [77472.0, 6920.0], [77469.5, 10990.0], [77469.0, 2880.0], [77468.5, 9230.0]], "asks": [[77488.5, 121070.0], [77491.5, 12210.0], [77492.0, 40900.0], [77492.5, 14000.0], [77493.0, 44900.0], [77493.5, 2880.0], [77496.5, 11230.0], [77498.5, 9240.0], [77499.5, 13120.0], [77500.0, 36460.0], [77500.5, 26000.0], [77501.5, 45000.0], [77504.5, 48960.0], [77505.5, 16100.0], [77506.5, 75030.0], [77507.0, 61600.0], [77508.0, 11270.0], [77511.5, 100.0], [77514.0, 21000.0], [77514.5, 11280.0]]}}}
{"jsonrpc": "2.0", "method": "subscription", "params": {"channel": "book.BTC-PERPETUAL.none.20.100ms", "data": {"timestamp": 1770029720994, "change_id": 138051412521, "instrument_name": "BTC-PERPETUAL", "bids": [[77488.0, 115530.0], [77487.5, 32590.0], [77485.5, 38400.0], [77485.0, 3350.0], [77484.5, 40900.0], [77484.0, 19110.0], [77483.5, 30000.0], [77483.0, 490.0], [77482.5, 12380.0], [77480.0, 25000.0], [77475.5, 39490.0], [77475.0, 74990.0], [77473.5, 20320.0], [77473.0, 25990.0], [77472.5, 10990.0], [77472.0, 6920.0], [77469.5, 10990.0], [77469.0, 2880.0], [77468.5, 9230.0], [77468.0, 39920.0]], "asks": [[77488.5, 109830.0], [77491.5, 12210.0], [77492.0, 48600.0], [77492.5, 18900.0], [77493.0, 4000.0], [77493.5, 2880.0], [77496.5, 11230.0], [77498.5, 9240.0], [77499.5, 13120.0], [77500.0, 36460.0], [77500.5, 26000.0], [77501.5, 45000.0], [77504.5, 48960.0], [77505.5, 16100.0], [77506.5, 75030.0], [77507.0, 61600.0], [77508.0, 11270.0], [77511.5, 100.0], [77513.5, 14410.0], [77514.0, 21000.0]]}}}
{"jsonrpc": "2.0", "method": "subscription", "params": {"channel": "book.BTC-PERPETUAL.none.20.100ms", "data": {"timestamp": 1770029721324, "change_id": 138051412900, "instrument_name": "BTC-PERPETUAL", "bids": [[77488.0, 150110.0], [77487.5, 32590.0], [77485.5, 38400.0], [77485.0, 3350.0], [77484.5, 40900.0], [77484.0, 33540.0], [77483.5, 30000.0], [77483.0, 490.0], [77482.5, 12380.0], [77480.0, 82450.0], [77479.5, 25000.0], [77475.5, 17110.0], [77474.0, 36980.0], [77473.5, 20320.0], [77472.0, 6920.0], [77469.5, 10990.0], [77469.0, 2880.0], [77468.5, 9230.0], [77468.0, 39920.0], [77467.5, 45000.0]], "asks": [[77488.5, 60500.0], [77489.0, 20000.0], [77489.5, 30000.0], [77491.5, 12210.0], [77492.0, 48600.0], [77492.5, 18900.0], [77493.0, 4000.0], [77493.5, 2880.0], [77496.5, 11230.0], [77498.5, 9240.0], [77499.5, 13120.0], [77500.0, 36460.0], [77500.5, 26000.0], [77501.5, 45000.0], [77504.5, 48960.0], [77505.5, 16100.0], [77506.5, 75030.0], [77507.0, 61600.0], [77508.0, 11270.0], [77511.5, 100.0]]}}}
{"jsonrpc": "2.0", "method": "subscription", "params": {"channel": "book.BTC-PERPETUAL.none.20.100ms", "data": {"timestamp": 1770029721655, "change_id": 138051413458, "instrument_name": "BTC-PERPETUAL", "bids": [[77488.0, 150110.0], [77487.5, 32590.0], [77485.5, 38400.0], [77485.0, 3350.0], [77484.5, 40900.0], [77484.0, 12800.0], [77483.5, 30000.0], [77483.0, 490.0], [77482.5, 12380.0], [77480.0, 21430.0], [77476.0, 74990.0], [77475.5, 17110.0], [77474.0, 25990.0], [77473.5, 20320.0], [77472.5, 10990.0], [77472.0, 13500.0], [77470.5, 25000.0], [77469.5, 10990.0], [77469.0, 2880.0], [77468.5, 9230.0]], "asks": [[77488.5, 59680.0], [77489.0, 20000.0], [77489.5, 30000.0], [77491.5, 12210.0], [77492.0, 48600.0], [77492.5, 18900.0], [77493.0, 4000.0], [77493.5, 2880.0], [77496.5, 11230.0], [77498.5, 9240.0], [77499.5, 13120.0], [77500.0, 36460.0], [77500.5, 26000.0], [77501.5, 45000.0], [77504.5, 48960.0], [77505.5, 16100.0], [77506.5, 75030.0], [77507.0, 61600.0], [77508.0, 11270.0], [77511.5, 100.0]]}}}
{"jsonrpc": "2.0", "method": "subscription", "params": {"channel": "book.BTC-PERPETUAL.none.20.100ms", "data": {"timestamp": 1770029721995, "change_id": 138051413760, "instrument_name": "BTC-PERPETUAL", "bids": [[77488.0, 175110.0], [77487.5, 32590.0], [77485.5, 38400.0], [77485.0, 3350.0], [77484.5, 40900.0], [77484.0, 12800.0], [77483.5, 30000.0], [77483.0, 490.0], [77482.5, 12380.0], [77476.0, 39490.0], [77475.5, 74990.0], [77474.0, 36980.0], [77473.5, 20320.0], [77472.0, 6920.0], [77470.0, 9230.0], [77469.5, 10990.0], [77469.0, 2880.0], [77468.0, 13060.0], [77467.5, 45000.0], [77466.5, 61570.0]], "asks": [[77488.5, 59810.0], [77489.0, 30000.0], [77490.5, 20000.0], [77492.0, 14000.0], [77493.0, 44900.0], [77493.5, 2880.0], [77496.5, 11230.0], [77499.0, 9240.0], [77499.5, 13120.0], [77500.0, 36460.0], [77501.0, 26000.0], [77501.5, 45000.0], [77504.5, 45050.0], [77505.5, 16100.0], [77506.5, 20.0], [77507.5, 136610.0], [77508.0, 11270.0], [77511.5, 100.0], [77513.5, 14410.0], [77514.5, 11280.0]]}}}
{"jsonrpc": "2.0", "method": "subscription", "params": {"channel": "book.BTC-PERPETUAL.none.20.100ms", "data": {"timestamp": 1770029722326, "change_id": 138051414154, "instrument_name": "BTC-PERPETUAL", "bids": [[77488.0, 175110.0], [77487.5, 32590.0], [77485.5, 38400.0], [77485.0, 3350.0], [77484.5, 40900.0], [77484.0, 12800.0], [77483.5, 30000.0], [77483.0, 490.0], [77482.5, 12380.0], [77479.5, 22380.0], [77479.0, 74990.0], [77475.0, 17110.0], [77474.5, 25990.0], [77473.5, 20320.0], [77472.5, 10990.0], [77472.0, 6920.0], [77470.5, 10990.0], [77470.0, 9230.0], [77469.0, 2880.0], [77468.0, 13060.0]], "asks": [[77488.5, 62330.0], [77489.0, 30000.0], [77490.0, 5970.0], [77490.5, 20000.0], [77492.0, 14000.0], [77493.0, 44900.0], [77493.5, 2880.0], [77496.5, 11230.0], [77499.0, 9740.0], [77499.5, 12620.0], [77500.0, 36460.0], [77501.0, 26000.0], [77501.5, 45000.0], [77504.5, 45050.0], [77505.0, 75010.0], [77505.5, 16100.0], [77506.5, 20.0], [77507.5, 61600.0], [77508.0, 11270.0], [77511.5, 100.0]]}}}
{"jsonrpc": "2.0", "method": "subscription", "params": {"channel": "book.BTC-PERPETUAL.none.20.100ms", "data": {"timestamp": 1770029722659, "change_id": 138051414690, "instrument_name": "BTC-PERPETUAL", "bids": [[77488.0, 150110.0], [77487.5, 32590.0], [77485.5, 38400.0], [77485.0, 3350.0], [77484.5, 40900.0], [77484.0, 13290.0], [77483.5, 30000.0], [77482.5, 12380.0], [77476.0, 39490.0], [77475.5, 74990.0], [77474.5, 25990.0], [77474.0, 10990.0], [77473.5, 20320.0], [77472.0, 13500.0], [77471.5, 25000.0], [77470.5, 10990.0], [77470.0, 9230.0], [77469.0, 2880.0], [77468.0, 13060.0], [77467.5, 45000.0]], "asks": [[77488.5, 56520.0], [77489.0, 30000.0], [77489.5, 10990.0], [77490.0, 20000.0], [77492.0, 14000.0], [77493.0, 44900.0], [77493.5, 2880.0], [77496.5, 11230.0], [77499.0, 9240.0], [77499.5, 12620.0], [77500.0, 36460.0], [77500.5, 500.0], [77501.0, 26000.0], [77501.5, 45000.0], [77504.5, 45050.0], [77505.5, 16100.0], [77506.5, 20.0], [77507.0, 75010.0], [77507.5, 61600.0], [77508.0, 11270.0]]}}}
{"jsonrpc": "2.0", "method": "subscription", "params": {"channel": "book.BTC-PERPETUAL.none.20.100ms", "data": {"timestamp": 1770029722989, "change_id": 138051415171, "instrument_name": "BTC-PERPETUAL", "bids": [[77488.0, 150600.0], [77487.5, 74010.0], [77485.5, 38400.0], [77485.0, 3350.0], [77484.5, 115890.0], [77484.0, 37800.0], [77483.5, 30000.0], [77481.5, 16000.0], [77478.0, 10620.0], [77477.5, 25990.0], [77476.5, 10990.0], [77474.5, 10990.0], [77474.0, 26080.0], [77473.5, 20320.0], [77472.5, 70800.0], [77472.0, 20.0], [77469.0, 2880.0], [77468.0, 13060.0], [77467.5, 45000.0], [77466.0, 16760.0]], "asks": [[77488.5, 28080.0], [77489.5, 10990.0], [77493.0, 10990.0], [77496.5, 17300.0], [77498.5, 4000.0], [77499.0, 20000.0], [77500.0, 25570.0], [77503.5, 9240.0], [77504.0, 26500.0], [77504.5, 20800.0], [77505.5, 16100.0], [77506.5, 20.0], [77508.0, 11270.0], [77509.0, 13460.0], [77509.5, 45000.0], [77511.5, 100.0], [77512.5, 75020.0], [77513.0, 61600.0], [77514.5, 11280.0], [77515.0, 16000.0]]}}}
{"jsonrpc": "2.0", "method": "subscription", "params": {"channel": "book.BTC-PERPETUAL.none.20.100ms", "data": {"timestamp": 1770029723290, "change_id": 138051415545, "instrument_name": "BTC-PERPETUAL", "bids": [[77488.0, 150110.0], [77487.5, 74010.0], [77486.0, 490.0], [77485.5, 38400.0], [77485.0, 3350.0], [77484.5, 40900.0], [77484.0, 112790.0], [77483.5, 30000.0], [77481.5, 16000.0], [77476.0, 17110.0], [77475.5, 25990.0], [77474.0, 10990.0], [77473.5, 20320.0], [77472.0, 20.0], [77471.5, 39460.0], [77469.5, 61570.0], [77469.0, 2880.0], [77468.0, 13060.0], [77467.5, 45000.0], [77466.0, 16760.0]], "asks": [[77488.5, 44620.0], [77493.5, 4140.0], [77494.0, 2880.0], [77495.0, 10990.0], [77496.5, 14420.0], [77498.5, 4000.0], [77499.5, 20000.0], [77500.0, 25570.0], [77503.5, 9740.0], [77504.0, 26000.0], [77504.5, 20800.0], [77505.5, 16100.0], [77506.5, 20.0], [77508.0, 11270.0], [77508.5, 50150.0], [77509.0, 136610.0], [77509.5, 45000.0], [77511.5, 50.0], [77514.5, 11280.0], [77515.0, 16000.0]]}}}
{"jsonrpc": "2.0", "method": "subscription", "params": {"channel": "book.BTC-PERPETUAL.none.20.100ms", "data": {"timestamp": 1770029723647, "change_id": 138051416198, "instrument_name": "BTC-PERPETUAL", "bids": [[77488.0, 162490.0], [77487.5, 32590.0], [77486.0, 490.0], [77485.5, 38400.0], [77485.0, 3350.0], [77484.5, 65900.0], [77484.0, 34480.0], [77483.5, 30000.0], [77482.0, 74990.0], [77481.5, 16000.0], [77475.0, 20390.0], [77474.5, 25990.0], [77474.0, 10990.0], [77473.5, 20320.0], [77472.0, 11010.0], [77471.5, 19240.0], [77470.0, 9230.0], [77469.0, 2880.0], [77468.5, 61570.0], [77468.0, 13060.0]], "asks": [[77488.5, 37810.0], [77491.5, 10990.0], [77492.0, 30000.0], [77494.0, 2880.0], [77495.5, 5970.0], [77496.0, 20000.0], [77496.5, 6090.0], [77498.5, 4000.0], [77499.5, 9240.0], [77500.0, 25570.0], [77503.5, 500.0], [77504.0, 26000.0], [77504.5, 20800.0], [77505.5, 16100.0], [77506.5, 20.0], [77508.0, 61420.0], [77508.5, 75010.0], [77509.0, 61600.0], [77509.5, 45000.0], [77511.5, 50.0]]}}}
{"jsonrpc": "2.0", "method": "subscription", "params": {"channel": "book.BTC-PERPETUAL.none.20.100ms", "data": {"timestamp": 1770029723976, "change_id": 138051416439, "instrument_name": "BTC-PERPETUAL", "bids": [[77488.0, 162490.0], [77487.5, 32590.0], [77486.0, 490.0], [77485.5, 38400.0], [77485.0, 3350.0], [77484.5, 40900.0], [77484.0, 34480.0], [77483.5, 30000.0], [77482.0, 74990.0], [77481.5, 16000.0], [77475.0, 20390.0], [77474.5, 50990.0], [77474.0, 10990.0], [77473.5, 20320.0], [77472.0, 11010.0], [77471.5, 19240.0], [77470.0, 9230.0], [77469.0, 2880.0], [77468.5, 61570.0], [77468.0, 21540.0]], "asks": [[77488.5, 21530.0], [77493.0, 41000.0], [77493.5, 10990.0], [77494.0, 2880.0], [77496.5, 13700.0], [77498.5, 4000.0], [77499.5, 29240.0], [77500.0, 25570.0], [77503.5, 500.0], [77504.0, 26000.0], [77504.5, 20800.0], [77505.5, 16100.0], [77506.5, 20.0], [77508.0, 61420.0], [77508.5, 75010.0], [77509.0, 61600.0], [77509.5, 45000.0], [77511.5, 50.0], [77514.5, 32280.0], [77515.0, 16000.0]]}}}
{"jsonrpc": "2.0", "method": "subscription", "params": {"channel": "book.BTC-PERPETUAL.none.20.100ms", "data": {"timestamp": 1770029724312, "change_id": 138051416773, "instrument_name": "BTC-PERPETUAL", "bids": [[77488.0, 162490.0], [77487.5, 22610.0], [77486.0, 490.0], [77485.5, 38400.0], [77485.0, 3350.0], [77484.0, 34480.0], [77483.5, 30000.0], [77483.0, 25000.0], [77482.0, 74990.0], [77481.5, 16000.0], [77475.0, 20390.0], [77474.5, 25990.0], [77473.5, 20320.0], [77472.5, 10990.0], [77472.0, 20.0], [77471.5, 6900.0], [77470.5, 10990.0], [77469.0, 12110.0], [77468.0, 21540.0], [77467.5, 45000.0]], "asks": [[77488.5, 32520.0], [77492.5, 16380.0], [77493.0, 41000.0], [77494.0, 2880.0], [77496.5, 20490.0], [77498.5, 4000.0], [77499.5, 55240.0], [77500.0, 15270.0], [77503.5, 500.0], [77504.5, 42140.0], [77505.5, 16100.0], [77506.5, 20.0], [77507.5, 75010.0], [77508.0, 43110.0], [77509.0, 61600.0], [77509.5, 45000.0], [77511.5, 50.0], [77514.5, 32280.0], [77515.0, 16000.0], [77516.0, 4230.0]]}}}
{"jsonrpc": "2.0", "method": "subscription", "params": {"channel": "book.BTC-PERPETUAL.none.20.100ms", "data": {"timestamp": 1770029724645, "change_id": 138051417867, "instrument_name": "BTC-PERPETUAL", "bids": [[77488.0, 62950.0], [77485.5, 1000.0], [77485.0, 3350.0], [77484.0, 15990.0], [77483.5, 30000.0], [77481.5, 2880.0], [77480.5, 27400.0], [77479.5, 3700.0], [77479.0, 12380.0], [77476.0, 6050.0], [77473.5, 20320.0], [77472.5, 490.0], [77472.0, 29130.0], [77469.5, 25000.0], [77468.5, 74990.0], [77466.0, 16760.0], [77465.5, 16000.0], [77464.0, 10990.0], [77463.5, 20.0], [77460.5, 10.0]], "asks": [[77488.5, 115510.0], [77489.0, 26000.0], [77489.5, 2880.0], [77490.5, 6120.0], [77491.0, 20000.0], [77492.0, 30440.0], [77493.0, 41000.0], [77494.5, 12620.0], [77496.0, 61600.0], [77496.5, 32210.0], [77497.0, 75010.0], [77497.5, 16000.0], [77500.0, 15270.0], [77501.5, 13580.0], [77502.0, 45000.0], [77504.0, 21000.0], [77505.0, 8180.0], [77505.5, 16100.0], [77508.0, 11270.0], [77511.5, 50.0]]}}}
{"jsonrpc": "2.0", "method": "subscription", "params": {"channel": "book.BTC-PERPETUAL.none.20.100ms", "data": {"timestamp": 1770029724974, "change_id": 138051418199, "instrument_name": "BTC-PERPETUAL", "bids": [[77488.0, 59200.0], [77485.5, 10450.0], [77485.0, 3350.0], [77484.5, 32100.0], [77484.0, 15990.0], [77483.5, 30000.0], [77483.0, 10000.0], [77481.5, 2880.0], [77480.5, 27400.0], [77476.0, 4950.0], [77474.5, 12380.0], [77473.5, 4320.0], [77472.5, 490.0], [77472.0, 5590.0], [77469.5, 25000.0], [77466.5, 74990.0], [77466.0, 16760.0], [77465.5, 16000.0], [77463.5, 20.0], [77461.0, 10990.0]], "asks": [[77488.5, 213530.0], [77489.0, 35070.0], [77489.5, 43880.0], [77490.0, 500.0], [77490.5, 20000.0], [77492.0, 52960.0], [77494.5, 12620.0], [77495.5, 75010.0], [77496.0, 61600.0], [77496.5, 4480.0], [77497.0, 9330.0], [77497.5, 16000.0], [77500.0, 15270.0], [77501.5, 13580.0], [77502.0, 45000.0], [77504.0, 21000.0], [77505.0, 8180.0], [77505.5, 16100.0], [77508.0, 11270.0], [77511.5, 50.0]]}}}
{"jsonrpc": "2.0", "method": "subscription", "params": {"channel": "book.BTC-PERPETUAL.none.20.100ms", "data": {"timestamp": 1770029725304, "change_id": 138051418837, "instrument_name": "BTC-PERPETUAL", "bids": [[77488.0, 62950.0], [77485.0, 3350.0], [77483.5, 30000.0], [77476.0, 2150.0], [77473.5, 7200.0], [77470.0, 78690.0], [77469.5, 12380.0], [77466.0, 16760.0], [77465.5, 41000.0], [77463.5, 20.0], [77460.5, 10.0], [77460.0, 45000.0], [77458.5, 11120.0], [77456.0, 36980.0], [77454.5, 11220.0], [77454.0, 11000.0], [77453.5, 50.0], [77453.0, 16000.0], [77452.0, 57610.0], [77451.0, 9330.0]], "asks": [[77488.5, 351900.0], [77489.0, 29250.0], [77489.5, 43880.0], [77491.5, 500.0], [77493.5, 6270.0], [77495.0, 21000.0], [77496.5, 79500.0], [77497.5, 16000.0], [77500.0, 15270.0], [77501.5, 13580.0], [77502.0, 45000.0], [77505.0, 8180.0], [77505.5, 16100.0], [77508.0, 11270.0], [77510.0, 25000.0], [77511.5, 50.0], [77514.0, 9000.0], [77514.5, 11280.0], [77515.0, 16000.0], [77515.5, 2880.0]]}}}
{"jsonrpc": "2.0", "method": "subscription", "params": {"channel": "book.BTC-PERPETUAL.none.20.100ms", "data": {"timestamp": 1770029725632, "change_id": 138051419766, "instrument_name": "BTC-PERPETUAL", "bids": [[77488.0, 59200.0], [77485.0, 3350.0], [77476.5, 2880.0], [77476.0, 10050.0], [77473.5, 4320.0], [77472.5, 27400.0], [77470.5, 3700.0], [77470.0, 490.0], [77469.5, 12380.0], [77467.5, 5220.0], [77467.0, 11350.0], [77466.0, 5640.0], [77463.5, 40600.0], [77463.0, 90990.0], [77460.5, 11000.0], [77460.0, 45000.0], [77459.0, 25000.0], [77458.5, 11120.0], [77458.0, 25990.0], [77455.5, 10990.0]], "asks": [[77488.5, 307750.0], [77489.0, 29100.0], [77489.5, 43880.0], [77492.0, 75020.0], [77492.5, 18390.0], [77493.0, 61600.0], [77496.0, 15580.0], [77496.5, 4480.0], [77497.5, 16000.0], [77499.5, 21000.0], [77500.0, 15270.0], [77501.5, 13580.0], [77502.0, 45000.0], [77505.0, 14590.0], [77505.5, 16100.0], [77508.0, 36270.0], [77511.5, 50.0], [77514.0, 9000.0], [77514.5, 11280.0], [77515.0, 16000.0]]}}}
{"jsonrpc": "2.0", "method": "subscription", "params": {"channel": "book.BTC-PERPETUAL.none.20.100ms", "data": {"timestamp": 1770029725962, "change_id": 138051420195, "instrument_name": "BTC-PERPETUAL", "bids": [[77488.0, 59200.0], [77485.0, 3350.0], [77476.5, 2880.0], [77476.0, 10050.0], [77474.0, 27400.0], [77473.5, 4320.0], [77470.5, 3700.0], [77470.0, 490.0], [77469.5, 12380.0], [77467.5, 5220.0], [77467.0, 11350.0], [77466.0, 5640.0], [77463.5, 74990.0], [77463.0, 16000.0], [77460.5, 25010.0], [77460.0, 45000.0], [77459.5, 36980.0], [77458.5, 11120.0], [77455.0, 11010.0], [77454.5, 11220.0]], "asks": [[77488.5, 307040.0], [77489.0, 16000.0], [77489.5, 2880.0], [77491.5, 18390.0], [77492.0, 83990.0], [77495.5, 75020.0], [77496.0, 10670.0], [77496.5, 4480.0], [77497.5, 16000.0], [77500.0, 15270.0], [77501.0, 21000.0], [77501.5, 22800.0], [77502.0, 45000.0], [77502.5, 37200.0], [77505.0, 14590.0], [77505.5, 16100.0], [77508.0, 36270.0], [77511.5, 50.0], [77514.0, 9000.0], [77514.5, 11280.0]]}}}
{"jsonrpc": "2.0", "method": "subscription", "params": {"channel": "book.BTC-PERPETUAL.none.20.100ms", "data": {"timestamp": 1770029726295, "change_id": 138051420488, "instrument_name": "BTC-PERPETUAL", "bids": [[77488.0, 57100.0], [77485.0, 3350.0], [77476.5, 2880.0], [77476.0, 10050.0], [77474.0, 27400.0], [77473.5, 4320.0], [77470.5, 3700.0], [77469.5, 12380.0], [77468.0, 490.0], [77467.5, 5220.0], [77467.0, 11350.0], [77466.0, 5640.0], [77463.5, 74990.0], [77463.0, 16000.0], [77460.5, 25010.0], [77460.0, 45000.0], [77459.5, 25990.0], [77458.5, 11120.0], [77455.5, 10990.0], [77455.0, 11010.0]], "asks": [[77488.5, 304570.0], [77489.0, 16000.0], [77489.5, 2880.0], [77491.5, 18390.0], [77492.0, 83990.0], [77495.5, 75010.0], [77496.0, 10670.0], [77496.5, 4480.0], [77497.5, 16000.0], [77500.0, 15270.0], [77501.0, 21000.0], [77501.5, 22800.0], [77502.0, 45000.0], [77502.5, 37200.0], [77505.0, 14590.0], [77505.5, 16100.0], [77508.0, 36270.0], [77511.5, 50.0], [77514.0, 9000.0], [77514.5, 11280.0]]}}}
{"jsonrpc": "2.0", "method": "subscription", "params": {"channel": "book.BTC-PERPETUAL.none.20.100ms", "data": {"timestamp": 1770029726626, "change_id": 138051421115, "instrument_name": "BTC-PERPETUAL", "bids": [[77488.0, 18360.0], [77485.0, 3350.0], [77479.0, 2880.0], [77476.0, 10050.0], [77474.0, 27400.0], [77473.5, 4320.0], [77470.5, 3700.0], [77470.0, 490.0], [77469.5, 12380.0], [77467.5, 5220.0], [77467.0, 11350.0], [77466.0, 5640.0], [77463.5, 74990.0], [77463.0, 41000.0], [77460.5, 10.0], [77460.0, 45000.0], [77459.5, 25990.0], [77459.0, 10990.0], [77458.5, 11120.0], [77455.0, 11010.0]], "asks": [[77488.5, 283750.0], [77489.0, 16000.0], [77489.5, 2880.0], [77492.0, 37920.0], [77495.0, 61600.0], [77495.5, 75010.0], [77496.0, 10670.0], [77496.5, 4480.0], [77497.5, 16000.0], [77500.0, 15270.0], [77500.5, 38270.0], [77501.0, 46000.0], [77502.0, 45000.0], [77502.5, 37200.0], [77505.0, 8170.0], [77505.5, 16100.0], [77508.0, 11270.0], [77511.5, 50.0], [77513.5, 57810.0], [77514.0, 9000.0]]}}}
{"jsonrpc": "2.0", "method": "subscription", "params": {"channel": "book.BTC-PERPETUAL.none.20.100ms", "data": {"timestamp": 1770029726948, "change_id": 138051421381, "instrument_name": "BTC-PERPETUAL", "bids": [[77488.0, 18360.0], [77485.0, 3350.0], [77479.5, 3840.0], [77479.0, 2880.0], [77478.0, 10000.0], [77476.0, 10050.0], [77474.0, 27400.0], [77473.5, 4320.0], [77470.5, 3700.0], [77470.0, 490.0], [77469.5, 12380.0], [77467.5, 26790.0], [77467.0, 11350.0], [77466.0, 5640.0], [77464.5, 74990.0], [77463.0, 41000.0], [77460.5, 10.0], [77460.0, 45000.0], [77459.5, 25990.0], [77459.0, 10990.0]], "asks": [[77488.5, 292610.0], [77489.0, 16000.0], [77489.5, 2880.0], [77491.0, 12240.0], [77491.5, 41000.0], [77492.0, 37920.0], [77494.5, 75020.0], [77495.0, 61600.0], [77496.0, 10670.0], [77496.5, 4480.0], [77497.5, 16000.0], [77500.0, 15270.0], [77500.5, 38270.0], [77501.0, 21000.0], [77502.0, 45000.0], [77502.5, 37200.0], [77505.0, 14590.0], [77505.5, 41100.0], [77508.0, 11270.0], [77511.5, 50.0]]}}}
{"jsonrpc": "2.0", "method": "subscription", "params": {"channel": "book.BTC-PERPETUAL.none.20.100ms", "data": {"timestamp": 1770029727275, "change_id": 138051421795, "instrument_name": "BTC-PERPETUAL", "bids": [[77488.0, 18360.0], [77485.0, 3350.0], [77479.5, 3840.0], [77479.0, 2880.0], [77478.0, 10000.0], [77476.0, 10050.0], [77474.0, 27400.0], [77473.5, 4320.0], [77470.5, 3700.0], [77470.0, 490.0], [77469.5, 12380.0], [77467.5, 5220.0], [77467.0, 11350.0], [77466.0, 5640.0], [77463.5, 74990.0], [77463.0, 41000.0], [77460.5, 10.0], [77460.0, 45000.0], [77459.5, 25990.0], [77459.0, 10990.0]], "asks": [[77488.5, 285620.0], [77489.0, 16000.0], [77489.5, 2880.0], [77490.5, 30630.0], [77491.0, 61600.0], [77491.5, 41000.0], [77492.0, 22390.0], [77495.5, 75020.0], [77496.0, 10670.0], [77496.5, 4480.0], [77497.5, 16000.0], [77500.0, 15270.0], [77500.5, 38270.0], [77501.0, 21000.0], [77502.0, 45000.0], [77502.5, 37200.0], [77503.5, 25000.0], [77505.0, 8170.0], [77505.5, 16100.0], [77508.0, 11270.0]]}}}
{"jsonrpc": "2.0", "method": "subscription", "params": {"channel": "book.BTC-PERPETUAL.none.20.100ms", "data": {"timestamp": 1770029727610, "change_id": 138051422368, "instrument_name": "BTC-PERPETUAL", "bids": [[77488.0, 57100.0], [77485.0, 3350.0], [77479.5, 3840.0], [77479.0, 2880.0], [77478.0, 10000.0], [77476.0, 10050.0], [77474.0, 27400.0], [77473.5, 4320.0], [77470.5, 3700.0], [77470.0, 490.0], [77469.5, 12380.0], [77467.5, 5220.0], [77467.0, 11350.0], [77466.0, 5640.0], [77463.5, 74990.0], [77463.0, 41000.0], [77460.5, 10.0], [77460.0, 45000.0], [77459.0, 25990.0], [77458.5, 11120.0]], "asks": [[77488.5, 284570.0], [77489.0, 16000.0], [77489.5, 2880.0], [77490.5, 30630.0], [77491.0, 61600.0], [77491.5, 41000.0], [77492.0, 22390.0], [77495.5, 75020.0], [77496.0, 10670.0], [77496.5, 4480.0], [77497.5, 16000.0], [77500.0, 15270.0], [77500.5, 38270.0], [77501.0, 21000.0], [77502.0, 45000.0], [77502.5, 37200.0], [77505.0, 14590.0], [77505.5, 41100.0], [77508.0, 11270.0], [77511.5, 50.0]]}}}
{"jsonrpc": "2.0", "method": "subscription", "params": {"channel": "book.BTC-PERPETUAL.none.20.100ms", "data": {"timestamp": 1770029727952, "change_id": 138051422653, "instrument_name": "BTC-PERPETUAL", "bids": [[77488.0, 57100.0], [77485.0, 3350.0], [77479.5, 3840.0], [77479.0, 2880.0], [77478.0, 10000.0], [77476.0, 10050.0], [77474.0, 27400.0], [77473.5, 4320.0], [77471.0, 490.0], [77470.5, 3700.0], [77469.5, 12380.0], [77467.5, 26790.0], [77467.0, 11350.0], [77466.0, 5640.0], [77464.5, 74990.0], [77463.0, 16000.0], [77462.5, 25000.0], [77460.5, 10.0], [77460.0, 45000.0], [77459.0, 36980.0]], "asks": [[77488.5, 283930.0], [77489.0, 16000.0], [77489.5, 2880.0], [77494.0, 40780.0], [77494.5, 61600.0], [77495.5, 75020.0], [77496.0, 10670.0], [77496.5, 4480.0], [77497.5, 16000.0], [77500.0, 15270.0], [77500.5, 38270.0], [77501.0, 21000.0], [77502.0, 45000.0], [77502.5, 37200.0], [77505.0, 14590.0], [77505.5, 41100.0], [77508.0, 11270.0], [77511.5, 50.0], [77513.0, 26260.0], [77513.5, 57810.0]]}}}
{"jsonrpc": "2.0", "method": "subscription", "params": {"channel": "book.BTC-PERPETUAL.none.20.100ms", "data": {"timestamp": 1770029728268, "change_id": 138051422957, "instrument_name": "BTC-PERPETUAL", "bids": [[77488.0, 57100.0], [77485.0, 3350.0], [77479.5, 3840.0], [77479.0, 12880.0], [77476.0, 10050.0], [77474.0, 27400.0], [77473.5, 4320.0], [77470.5, 3700.0], [77470.0, 490.0], [77469.5, 12380.0], [77467.5, 5220.0], [77467.0, 11350.0], [77466.0, 5640.0], [77463.5, 74990.0], [77463.0, 16000.0], [77462.5, 25000.0], [77460.5, 10.0], [77460.0, 45000.0], [77459.0, 36980.0], [77458.5, 11120.0]], "asks": [[77488.5, 284590.0], [77489.0, 16000.0], [77489.5, 2880.0], [77491.5, 18390.0], [77492.0, 61600.0], [77493.5, 22390.0], [77494.0, 75020.0], [77496.0, 10670.0], [77496.5, 4480.0], [77497.5, 16000.0], [77500.0, 15270.0], [77500.5, 38270.0], [77501.0, 21000.0], [77502.0, 45000.0], [77502.5, 37200.0], [77505.0, 14590.0], [77505.5, 41100.0], [77508.0, 11270.0], [77511.5, 50.0], [77513.0, 26260.0]]}}}
{"jsonrpc": "2.0", "method": "subscription", "params": {"channel": "book.BTC-PERPETUAL.none.20.100ms", "data": {"timestamp": 1770029728613, "change_id": 138051423625, "instrument_name": "BTC-PERPETUAL", "bids": [[77488.0, 57100.0], [77485.0, 3350.0], [77479.5, 3840.0], [77479.0, 2880.0], [77478.0, 27400.0], [77476.0, 2150.0], [77473.5, 4320.0], [77473.0, 12380.0], [77471.0, 490.0], [77467.5, 80210.0], [77467.0, 11350.0], [77466.0, 5640.0], [77463.0, 41000.0], [77460.5, 11000.0], [77460.0, 45000.0], [77459.5, 10990.0], [77459.0, 25990.0], [77458.5, 11120.0], [77455.5, 9230.0], [77455.0, 20.0]], "asks": [[77488.5, 284390.0], [77489.0, 17510.0], [77489.5, 2880.0], [77492.5, 38430.0], [77495.5, 136610.0], [77496.0, 10670.0], [77496.5, 4480.0], [77497.5, 16000.0], [77500.0, 15270.0], [77500.5, 38270.0], [77501.0, 21000.0], [77502.0, 45000.0], [77502.5, 37200.0], [77505.0, 14590.0], [77505.5, 16100.0], [77507.0, 25000.0], [77508.0, 11270.0], [77511.5, 50.0], [77513.0, 26260.0], [77513.5, 57810.0]]}}}
{"jsonrpc": "2.0", "method": "subscription", "params": {"channel": "book.BTC-PERPETUAL.none.20.100ms", "data": {"timestamp": 1770029728907, "change_id": 138051423855, "instrument_name": "BTC-PERPETUAL", "bids": [[77488.0, 57100.0], [77485.0, 3350.0], [77481.0, 10000.0], [77479.5, 3840.0], [77479.0, 2880.0], [77478.0, 27400.0], [77476.0, 2150.0], [77473.5, 4320.0], [77473.0, 12380.0], [77468.0, 490.0], [77467.5, 80210.0], [77467.0, 11350.0], [77466.0, 5640.0], [77463.5, 36710.0], [77463.0, 41000.0], [77461.0, 25990.0], [77460.5, 11000.0], [77460.0, 45000.0], [77459.5, 10990.0], [77458.5, 11120.0]], "asks": [[77488.5, 293160.0], [77489.0, 28970.0], [77489.5, 2880.0], [77492.0, 41000.0], [77492.5, 38430.0], [77495.0, 75020.0], [77495.5, 61600.0], [77496.0, 10670.0], [77496.5, 4480.0], [77497.5, 16000.0], [77500.0, 15270.0], [77500.5, 38270.0], [77501.0, 21000.0], [77502.0, 45000.0], [77502.5, 37200.0], [77505.0, 14590.0], [77505.5, 16100.0], [77506.0, 25000.0], [77508.0, 11270.0], [77511.5, 50.0]]}}}
{"jsonrpc": "2.0", "method": "subscription", "params": {"channel": "book.BTC-PERPETUAL.none.20.100ms", "data": {"timestamp": 1770029729265, "change_id": 138051424167, "instrument_name": "BTC-PERPETUAL", "bids": [[77488.0, 57100.0], [77485.0, 3350.0], [77479.5, 13840.0], [77479.0, 2880.0], [77478.0, 27400.0], [77476.0, 2150.0], [77473.5, 4320.0], [77473.0, 12380.0], [77468.0, 490.0], [77467.5, 80210.0], [77467.0, 11350.0], [77466.0, 5640.0], [77463.5, 36710.0], [77463.0, 41000.0], [77461.0, 25990.0], [77460.5, 21990.0], [77460.0, 45000.0], [77458.5, 11120.0], [77455.5, 9230.0], [77455.0, 20.0]], "asks": [[77488.5, 297240.0], [77489.0, 28970.0], [77489.5, 2880.0], [77492.0, 41000.0], [77492.5, 38430.0], [77495.0, 75020.0], [77495.5, 61600.0], [77496.0, 10670.0], [77496.5, 4480.0], [77497.5, 16000.0], [77500.0, 15270.0], [77500.5, 38270.0], [77501.0, 21000.0], [77502.0, 45000.0], [77502.5, 37200.0], [77505.0, 14590.0], [77505.5, 16100.0], [77506.0, 25000.0], [77508.0, 11270.0], [77511.5, 50.0]]}}}
{"jsonrpc": "2.0", "method": "subscription", "params": {"channel": "book.BTC-PERPETUAL.none.20.100ms", "data": {"timestamp": 1770029729606, "change_id": 138051424962, "instrument_name": "BTC-PERPETUAL", "bids": [[77488.0, 60850.0], [77485.5, 1000.0], [77485.0, 3350.0], [77480.5, 8180.0], [77480.0, 27400.0], [77478.5, 490.0], [77477.0, 12380.0], [77476.0, 30040.0], [77473.5, 79320.0], [77472.5, 25000.0], [77471.5, 4780.0], [77471.0, 16000.0], [77467.5, 25990.0], [77467.0, 11350.0], [77466.5, 10990.0], [77466.0, 5640.0], [77464.0, 9230.0], [77463.5, 11010.0], [77463.0, 16000.0], [77461.5, 61570.0]], "asks": [[77488.5, 241560.0], [77489.0, 13100.0], [77489.5, 2880.0], [77492.0, 41000.0], [77492.5, 13230.0], [77493.0, 12620.0], [77494.5, 35740.0], [77496.0, 10670.0], [77496.5, 4480.0], [77497.5, 16000.0], [77500.0, 80590.0], [77500.5, 97180.0], [77501.0, 20.0], [77501.5, 61600.0], [77502.0, 45000.0], [77502.5, 37200.0], [77505.0, 8170.0], [77505.5, 16100.0], [77508.0, 11270.0], [77511.5, 50.0]]}}}
{"jsonrpc": "2.0", "method": "subscription", "params": {"channel": "book.BTC-PERPETUAL.none.20.100ms", "data": {"timestamp": 1770029729917, "change_id": 138051425575, "instrument_name": "BTC-PERPETUAL", "bids": [[77488.0, 121130.0], [77486.0, 12740.0], [77485.5, 31000.0], [77485.0, 13350.0], [77481.0, 4190.0], [77480.5, 12380.0], [77476.0, 31140.0], [77475.5, 74990.0], [77475.0, 25000.0], [77473.5, 4320.0], [77472.0, 4780.0], [77471.0, 16000.0], [77467.5, 36980.0], [77467.0, 11350.0], [77466.0, 5640.0], [77464.5, 10990.0], [77464.0, 9230.0], [77463.5, 20.0], [77463.0, 16000.0], [77460.5, 61580.0]], "asks": [[77488.5, 219240.0], [77489.0, 13100.0], [77489.5, 2880.0], [77492.0, 54780.0], [77492.5, 24300.0], [77493.0, 12620.0], [77495.5, 9240.0], [77496.0, 21340.0], [77496.5, 4480.0], [77497.0, 26000.0], [77497.5, 16000.0], [77499.5, 500.0], [77500.0, 45380.0], [77501.0, 20.0], [77502.0, 45000.0], [77503.5, 61600.0], [77504.0, 26560.0], [77505.0, 75020.0], [77505.5, 16100.0], [77508.0, 11270.0]]}}}
{"jsonrpc": "2.0", "method": "subscription", "params": {"channel": "book.BTC-PERPETUAL.none.20.100ms", "data": {"timestamp": 1770029730267, "change_id": 138051425977, "instrument_name": "BTC-PERPETUAL", "bids": [[77488.0, 121130.0], [77486.0, 12740.0], [77485.5, 41000.0], [77485.0, 3350.0], [77483.5, 3840.0], [77481.0, 490.0], [77480.5, 12380.0], [77478.0, 22380.0], [77477.5, 74990.0], [77476.0, 8750.0], [77475.5, 25000.0], [77473.5, 4320.0], [77472.0, 11920.0], [77471.0, 16000.0], [77468.0, 25990.0], [77467.5, 10990.0], [77467.0, 11350.0], [77466.0, 5640.0], [77464.5, 10990.0], [77464.0, 9230.0]], "asks": [[77488.5, 218290.0], [77489.0, 13100.0], [77489.5, 2880.0], [77492.0, 60780.0], [77492.5, 24300.0], [77493.0, 12620.0], [77495.5, 9240.0], [77496.0, 26000.0], [77496.5, 4480.0], [77497.0, 9480.0], [77497.5, 16000.0], [77499.5, 500.0], [77500.0, 45380.0], [77501.0, 20.0], [77502.0, 45000.0], [77504.0, 61600.0], [77504.5, 30560.0], [77505.0, 75020.0], [77505.5, 16100.0], [77508.0, 11270.0]]}}}
{"jsonrpc": "2.0", "method": "subscription", "params": {"channel": "book.BTC-PERPETUAL.none.20.100ms", "data": {"timestamp": 1770029730573, "change_id": 138051426589, "instrument_name": "BTC-PERPETUAL", "bids": [[77488.0, 91130.0], [77487.5, 22190.0], [77487.0, 30000.0], [77485.5, 41000.0], [77485.0, 3350.0], [77483.5, 10810.0], [77481.0, 25490.0], [77480.5, 12380.0], [77476.0, 23510.0], [77473.5, 4320.0], [77472.5, 74990.0], [77472.0, 11920.0], [77471.0, 16000.0], [77468.0, 25990.0], [77467.5, 10990.0], [77467.0, 11350.0], [77466.5, 10990.0], [77466.0, 5640.0], [77464.0, 9230.0], [77463.5, 61590.0]], "asks": [[77488.5, 221470.0], [77489.0, 13100.0], [77489.5, 2880.0], [77492.0, 54780.0], [77493.0, 12620.0], [77495.5, 9240.0], [77496.0, 26000.0], [77496.5, 4480.0], [77497.0, 9480.0], [77497.5, 16000.0], [77499.5, 500.0], [77500.0, 65640.0], [77501.0, 20.0], [77502.0, 45000.0], [77504.0, 136610.0], [77505.0, 8170.0], [77505.5, 16100.0], [77508.0, 11270.0], [77511.5, 50.0], [77513.0, 9000.0]]}}}
{"jsonrpc": "2.0", "method": "subscription", "params": {"channel": "book.BTC-PERPETUAL.none.20.100ms", "data": {"timestamp": 1770029730912, "change_id": 138051426918, "instrument_name": "BTC-PERPETUAL", "bids": [[77488.0, 91130.0], [77487.5, 22190.0], [77487.0, 30000.0], [77485.5, 41000.0], [77485.0, 3350.0], [77483.5, 10810.0], [77481.5, 490.0], [77481.0, 25000.0], [77480.5, 12380.0], [77476.0, 23510.0], [77473.5, 4320.0], [77472.5, 74990.0], [77472.0, 11920.0], [77471.0, 16000.0], [77468.0, 25990.0], [77467.5, 10990.0], [77467.0, 11350.0], [77466.5, 10990.0], [77466.0, 5640.0], [77464.0, 45830.0]], "asks": [[77488.5, 220610.0], [77489.5, 2880.0], [77491.0, 12240.0], [77491.5, 41000.0], [77492.0, 13780.0], [77493.0, 12620.0], [77495.5, 9240.0], [77496.0, 26000.0], [77496.5, 4480.0], [77497.0, 9480.0], [77497.5, 16000.0], [77499.5, 500.0], [77500.0, 65420.0], [77501.0, 20.0], [77502.0, 45000.0], [77503.5, 75020.0], [77504.0, 61600.0], [77505.0, 8170.0], [77505.5, 16100.0], [77508.0, 11270.0]]}}}
{"jsonrpc": "2.0", "method": "subscription", "params": {"channel": "book.BTC-PERPETUAL.none.20.100ms", "data": {"timestamp": 1770029731256, "change_id": 138051427257, "instrument_name": "BTC-PERPETUAL", "bids": [[77488.0, 63730.0], [77487.5, 19460.0], [77487.0, 30000.0], [77486.0, 27400.0], [77485.0, 3350.0], [77484.5, 10000.0], [77483.5, 3840.0], [77481.0, 490.0], [77480.5, 12380.0], [77474.5, 31140.0], [77474.0, 74990.0], [77473.5, 4320.0], [77472.0, 36920.0], [77471.0, 16000.0], [77468.0, 25990.0], [77467.0, 11350.0], [77466.5, 10990.0], [77466.0, 5640.0], [77464.5, 10990.0], [77464.0, 45830.0]], "asks": [[77488.5, 223250.0], [77489.5, 2880.0], [77491.0, 12240.0], [77491.5, 41000.0], [77492.0, 13780.0], [77492.5, 9240.0], [77493.0, 12620.0], [77496.0, 26000.0], [77496.5, 4480.0], [77497.0, 9980.0], [77497.5, 16000.0], [77500.0, 65420.0], [77501.0, 20.0], [77501.5, 61600.0], [77502.0, 45000.0], [77503.5, 75020.0], [77505.0, 13390.0], [77505.5, 16100.0], [77507.5, 21000.0], [77508.0, 11270.0]]}}}
{"jsonrpc": "2.0", "method": "subscription", "params": {"channel": "book.BTC-PERPETUAL.none.20.100ms", "data": {"timestamp": 1770029731584, "change_id": 138051427950, "instrument_name": "BTC-PERPETUAL", "bids": [[77488.0, 91130.0], [77487.5, 12940.0], [77487.0, 30000.0], [77485.0, 3350.0], [77484.5, 10000.0], [77483.5, 3840.0], [77481.0, 490.0], [77480.5, 12380.0], [77475.5, 23820.0], [77475.0, 74990.0], [77474.0, 25000.0], [77473.5, 4320.0], [77472.0, 11920.0], [77471.0, 16000.0], [77468.0, 25990.0], [77467.0, 11350.0], [77466.5, 10990.0], [77466.0, 5640.0], [77464.0, 47590.0], [77463.5, 9250.0]], "asks": [[77488.5, 213700.0], [77489.5, 2880.0], [77491.0, 12240.0], [77491.5, 41000.0], [77492.0, 13780.0], [77492.5, 9240.0], [77493.0, 12620.0], [77496.0, 26000.0], [77496.5, 4480.0], [77497.0, 9980.0], [77497.5, 16000.0], [77500.0, 47100.0], [77501.0, 20.0], [77501.5, 61600.0], [77502.0, 45000.0], [77504.0, 30560.0], [77504.5, 75020.0], [77505.5, 16100.0], [77508.0, 11270.0], [77511.5, 50.0]]}}}
{"jsonrpc": "2.0", "method": "subscription", "params": {"channel": "book.BTC-PERPETUAL.none.20.100ms", "data": {"timestamp": 1770029731921, "change_id": 138051428485, "instrument_name": "BTC-PERPETUAL", "bids": [[77488.0, 57100.0], [77487.0, 30000.0], [77485.0, 3350.0], [77483.0, 2880.0], [77475.5, 21660.0], [77474.0, 27400.0], [77473.5, 4320.0], [77469.0, 490.0], [77468.0, 26810.0], [77467.0, 11350.0], [77466.0, 5640.0], [77464.5, 74990.0], [77464.0, 32540.0], [77463.5, 20.0], [77463.0, 16000.0], [77461.5, 10990.0], [77461.0, 36980.0], [77460.0, 45000.0], [77459.0, 25000.0], [77458.5, 11120.0]], "asks": [[77488.5, 256490.0], [77489.5, 2880.0], [77490.5, 33060.0], [77491.0, 75010.0], [77491.5, 41000.0], [77492.0, 18390.0], [77496.0, 61600.0], [77496.5, 4480.0], [77497.0, 9330.0], [77497.5, 16000.0], [77500.0, 15270.0], [77501.0, 21000.0], [77501.5, 13430.0], [77502.0, 45000.0], [77505.0, 20050.0], [77505.5, 16100.0], [77507.5, 25000.0], [77508.0, 11270.0], [77511.5, 50.0], [77513.0, 9000.0]]}}}
{"jsonrpc": "2.0", "method": "subscription", "params": {"channel": "book.BTC-PERPETUAL.none.20.100ms", "data": {"timestamp": 1770029732252, "change_id": 138051428938, "instrument_name": "BTC-PERPETUAL", "bids": [[77488.0, 57100.0], [77487.0, 30000.0], [77480.0, 2880.0], [77475.5, 9280.0], [77474.0, 27400.0], [77473.5, 4320.0], [77471.5, 3700.0], [77471.0, 12380.0], [77470.0, 3350.0], [77468.5, 490.0], [77468.0, 5070.0], [77467.0, 11350.0], [77466.0, 5640.0], [77464.0, 32540.0], [77463.5, 75010.0], [77463.0, 16000.0], [77462.0, 25000.0], [77461.0, 25990.0], [77460.0, 45000.0], [77459.5, 21980.0]], "asks": [[77488.5, 271390.0], [77489.5, 37510.0], [77490.0, 75020.0], [77491.5, 41000.0], [77492.0, 18390.0], [77496.0, 61600.0], [77496.5, 4480.0], [77497.0, 9330.0], [77497.5, 16000.0], [77500.0, 15270.0], [77501.0, 21000.0], [77501.5, 22820.0], [77502.0, 82200.0], [77505.0, 22810.0], [77505.5, 16100.0], [77507.5, 25000.0], [77508.0, 11270.0], [77511.5, 50.0], [77513.0, 9000.0], [77514.5, 11280.0]]}}}
{"jsonrpc": "2.0", "method": "subscription", "params": {"channel": "book.BTC-PERPETUAL.none.20.100ms", "data": {"timestamp": 1770029732582, "change_id": 138051430377, "instrument_name": "BTC-PERPETUAL", "bids": [[77473.5, 4320.0], [77473.0, 1860.0], [77472.5, 2880.0], [77470.0, 3350.0], [77466.5, 8180.0], [77466.0, 27400.0], [77464.0, 3840.0], [77463.5, 12380.0], [77460.0, 31830.0], [77458.5, 11120.0], [77456.0, 74990.0], [77455.0, 13120.0], [77454.5, 11240.0], [77454.0, 10.0], [77453.5, 50.0], [77453.0, 16000.0], [77452.0, 16650.0], [77451.5, 27780.0], [77451.0, 50990.0], [77450.5, 10990.0]], "asks": [[77474.0, 93320.0], [77474.5, 51100.0], [77477.0, 25110.0], [77477.5, 16000.0], [77478.0, 12620.0], [77478.5, 70890.0], [77483.5, 20.0], [77484.0, 12810.0], [77486.0, 20000.0], [77488.0, 141470.0], [77488.5, 276910.0], [77490.0, 45000.0], [77491.0, 21000.0], [77495.0, 3380.0], [77495.5, 11330.0], [77497.0, 9330.0], [77497.5, 16000.0], [77500.0, 15270.0], [77501.5, 13430.0], [77502.0, 62200.0]]}}}
{"jsonrpc": "2.0", "method": "subscription", "params": {"channel": "book.BTC-PERPETUAL.none.20.100ms", "data": {"timestamp": 1770029732907, "change_id": 138051431346, "instrument_name": "BTC-PERPETUAL", "bids": [[77473.5, 101500.0], [77473.0, 19080.0], [77472.5, 2880.0], [77470.5, 490.0], [77470.0, 3350.0], [77468.0, 25000.0], [77467.5, 22380.0], [77466.5, 74990.0], [77464.0, 3840.0], [77461.0, 16000.0], [77460.0, 13570.0], [77459.0, 47970.0], [77458.5, 11120.0], [77456.0, 36590.0], [77455.0, 9230.0], [77454.5, 11240.0], [77454.0, 10.0], [77453.5, 50.0], [77453.0, 16000.0], [77452.5, 61570.0]], "asks": [[77474.0, 10990.0], [77474.5, 10000.0], [77476.5, 10990.0], [77479.5, 2880.0], [77480.5, 1630.0], [77481.5, 5470.0], [77484.0, 17500.0], [77485.0, 9240.0], [77485.5, 20000.0], [77487.5, 26000.0], [77488.0, 25890.0], [77488.5, 23520.0], [77489.5, 500.0], [77492.0, 12620.0], [77494.0, 40580.0], [77494.5, 136640.0], [77495.5, 11330.0], [77497.0, 27190.0], [77497.5, 16000.0], [77498.5, 45000.0]]}}}
{"jsonrpc": "2.0", "method": "subscription", "params": {"channel": "book.BTC-PERPETUAL.none.20.100ms", "data": {"timestamp": 1770029733231, "change_id": 138051431921, "instrument_name": "BTC-PERPETUAL", "bids": [[77473.5, 101990.0], [77473.0, 43410.0], [77472.5, 2880.0], [77471.0, 25000.0], [77470.0, 3350.0], [77469.5, 74990.0], [77469.0, 16000.0], [77464.0, 12050.0], [77462.5, 20.0], [77461.5, 25990.0], [77461.0, 16000.0], [77460.0, 12640.0], [77459.5, 10990.0], [77459.0, 10990.0], [77458.5, 11120.0], [77457.0, 9230.0], [77456.0, 36590.0], [77454.5, 11220.0], [77454.0, 10.0], [77453.5, 61620.0]], "asks": [[77474.0, 11680.0], [77474.5, 10000.0], [77478.0, 10990.0], [77478.5, 2880.0], [77479.0, 30000.0], [77484.0, 17500.0], [77485.5, 4000.0], [77486.0, 9240.0], [77487.0, 20000.0], [77487.5, 26000.0], [77488.0, 19820.0], [77488.5, 12670.0], [77493.5, 500.0], [77494.0, 40580.0], [77494.5, 61620.0], [77495.5, 11330.0], [77496.0, 75020.0], [77497.0, 22770.0], [77497.5, 16000.0], [77498.5, 45000.0]]}}}
{"jsonrpc": "2.0", "method": "subscription", "params": {"channel": "book.BTC-PERPETUAL.none.20.100ms", "data": {"timestamp": 1770029733574, "change_id": 138051432532, "instrument_name": "BTC-PERPETUAL", "bids": [[77473.5, 140730.0], [77473.0, 44680.0], [77472.5, 2880.0], [77471.0, 25000.0], [77470.0, 3350.0], [77469.5, 74990.0], [77469.0, 16000.0], [77464.0, 12050.0], [77462.5, 20.0], [77461.5, 25990.0], [77461.0, 16000.0], [77460.0, 12640.0], [77459.5, 10990.0], [77458.5, 11120.0], [77457.0, 9230.0], [77456.5, 10990.0], [77456.0, 36590.0], [77454.5, 11220.0], [77454.0, 10.0], [77453.5, 61620.0]], "asks": [[77474.0, 10990.0], [77474.5, 10000.0], [77477.5, 4140.0], [77478.0, 10990.0], [77478.5, 2880.0], [77484.0, 17500.0], [77485.5, 4000.0], [77486.0, 9240.0], [77487.0, 20000.0], [77487.5, 26000.0], [77488.0, 19820.0], [77488.5, 12670.0], [77493.5, 500.0], [77494.0, 28040.0], [77494.5, 61620.0], [77495.5, 11330.0], [77496.0, 45160.0], [77497.0, 75020.0], [77497.5, 16000.0], [77498.5, 45000.0]]}}}
{"jsonrpc": "2.0", "method": "subscription", "params": {"channel": "book.BTC-PERPETUAL.none.20.100ms", "data": {"timestamp": 1770029733903, "change_id": 138051432904, "instrument_name": "BTC-PERPETUAL", "bids": [[77473.5, 165730.0], [77473.0, 28060.0], [77472.5, 2880.0], [77470.0, 3350.0], [77469.5, 41100.0], [77469.0, 16000.0], [77466.0, 22380.0], [77465.5, 74990.0], [77462.5, 20.0], [77462.0, 15810.0], [77461.5, 25990.0], [77461.0, 16000.0], [77460.5, 10990.0], [77460.0, 9350.0], [77458.5, 11120.0], [77458.0, 10990.0], [77456.5, 9230.0], [77456.0, 36590.0], [77454.5, 11220.0], [77454.0, 10.0]], "asks": [[77474.0, 10990.0], [77474.5, 10000.0], [77478.0, 10990.0], [77478.5, 2880.0], [77484.0, 17500.0], [77485.0, 9240.0], [77485.5, 4000.0], [77487.0, 20000.0], [77487.5, 26000.0], [77488.0, 19820.0], [77488.5, 12670.0], [77493.5, 500.0], [77494.0, 40580.0], [77494.5, 61620.0], [77495.5, 86350.0], [77497.5, 16000.0], [77498.0, 17990.0], [77498.5, 45000.0], [77500.0, 15270.0], [77502.0, 6270.0]]}}}
{"jsonrpc": "2.0", "method": "subscription", "params": {"channel": "book.BTC-PERPETUAL.none.20.100ms", "data": {"timestamp": 1770029734226, "change_id": 138051433321, "instrument_name": "BTC-PERPETUAL", "bids": [[77473.5, 165780.0], [77473.0, 38860.0], [77472.5, 2880.0], [77470.5, 41100.0], [77470.0, 3350.0], [77469.5, 41100.0], [77469.0, 16000.0], [77468.0, 22380.0], [77467.5, 74990.0], [77462.5, 20.0], [77462.0, 15810.0], [77461.5, 25990.0], [77461.0, 16000.0], [77460.0, 9350.0], [77459.5, 10990.0], [77458.5, 11120.0], [77457.0, 10990.0], [77456.5, 9230.0], [77456.0, 36590.0], [77454.5, 11220.0]], "asks": [[77474.0, 10990.0], [77474.5, 10000.0], [77478.0, 10990.0], [77478.5, 2880.0], [77484.0, 17500.0], [77485.0, 9240.0], [77485.5, 4000.0], [77487.0, 20000.0], [77487.5, 26000.0], [77488.0, 19820.0], [77488.5, 12670.0], [77493.5, 500.0], [77494.0, 40580.0], [77494.5, 61620.0], [77495.5, 11330.0], [77496.0, 75020.0], [77497.0, 22770.0], [77497.5, 16000.0], [77498.5, 45000.0], [77500.0, 15270.0]]}}}
{"jsonrpc": "2.0", "method": "subscription", "params": {"channel": "book.BTC-PERPETUAL.none.20.100ms", "data": {"timestamp": 1770029734517, "change_id": 138051433672, "instrument_name": "BTC-PERPETUAL", "bids": [[77473.5, 140780.0], [77473.0, 38860.0], [77472.5, 2880.0], [77470.5, 66100.0], [77470.0, 3350.0], [77469.5, 41100.0], [77469.0, 16000.0], [77463.0, 34920.0], [77462.5, 75010.0], [77461.0, 16000.0], [77460.5, 25990.0], [77460.0, 9350.0], [77459.5, 10990.0], [77458.5, 11120.0], [77457.0, 10990.0], [77456.0, 36590.0], [77455.0, 9230.0], [77454.5, 11220.0], [77454.0, 10.0], [77453.5, 50.0]], "asks": [[77474.0, 11040.0], [77474.5, 10000.0], [77477.5, 30000.0], [77478.0, 10990.0], [77478.5, 2880.0], [77484.0, 17500.0], [77485.5, 4000.0], [77486.5, 9240.0], [77487.0, 20000.0], [77487.5, 26000.0], [77488.0, 19820.0], [77488.5, 12670.0], [77493.5, 500.0], [77494.0, 40580.0], [77494.5, 61620.0], [77495.0, 75020.0], [77495.5, 11330.0], [77497.0, 22770.0], [77497.5, 16000.0], [77498.5, 45000.0]]}}}
{"jsonrpc": "2.0", "method": "subscription", "params": {"channel": "book.BTC-PERPETUAL.none.20.100ms", "data": {"timestamp": 1770029734896, "change_id": 138051434195, "instrument_name": "BTC-PERPETUAL", "bids": [[77473.5, 165780.0], [77473.0, 59300.0], [77472.5, 2880.0], [77470.5, 41100.0], [77470.0, 3350.0], [77469.0, 16000.0], [77465.0, 22380.0], [77464.5, 74990.0], [77462.5, 20.0], [77461.5, 12530.0], [77461.0, 16000.0], [77460.5, 25990.0], [77460.0, 9350.0], [77459.5, 10990.0], [77458.5, 11120.0], [77457.0, 10990.0], [77456.0, 36590.0], [77455.0, 9230.0], [77454.5, 11220.0], [77454.0, 10.0]], "asks": [[77474.0, 11040.0], [77474.5, 10000.0], [77478.0, 52090.0], [77483.0, 5970.0], [77483.5, 20000.0], [77484.0, 17500.0], [77485.5, 4000.0], [77486.5, 9240.0], [77487.5, 26000.0], [77488.0, 19820.0], [77488.5, 12670.0], [77493.5, 500.0], [77494.0, 40580.0], [77494.5, 61620.0], [77495.5, 86350.0], [77497.0, 22770.0], [77497.5, 16000.0], [77498.5, 45000.0], [77500.0, 15270.0], [77502.0, 6270.0]]}}}
{"jsonrpc": "2.0", "method": "subscription", "params": {"channel": "book.BTC-PERPETUAL.none.20.100ms", "data": {"timestamp": 1770029735226, "change_id": 138051434561, "instrument_name": "BTC-PERPETUAL", "bids": [[77473.5, 145930.0], [77473.0, 59300.0], [77472.5, 2880.0], [77470.5, 41100.0], [77470.0, 3350.0], [77469.0, 16000.0], [77467.0, 22380.0], [77466.5, 74990.0], [77462.5, 20.0], [77461.5, 12530.0], [77461.0, 16000.0], [77460.5, 25990.0], [77460.0, 16500.0], [77459.5, 25000.0], [77459.0, 10990.0], [77458.5, 11120.0], [77456.5, 10990.0], [77456.0, 36590.0], [77455.0, 9230.0], [77454.5, 11220.0]], "asks": [[77474.0, 11040.0], [77474.5, 10000.0], [77477.0, 10990.0], [77478.0, 41100.0], [77480.5, 2880.0], [77481.5, 5970.0], [77482.0, 20000.0], [77484.0, 17500.0], [77485.5, 4000.0], [77486.5, 9240.0], [77487.5, 26000.0], [77488.0, 19820.0], [77488.5, 12670.0], [77493.5, 500.0], [77494.0, 40580.0], [77494.5, 61620.0], [77495.5, 86350.0], [77497.0, 22770.0], [77497.5, 16000.0], [77498.5, 45000.0]]}}}
{"jsonrpc": "2.0", "method": "subscription", "params": {"channel": "book.BTC-PERPETUAL.none.20.100ms", "data": {"timestamp": 1770029735545, "change_id": 138051435025, "instrument_name": "BTC-PERPETUAL", "bids": [[77473.5, 145930.0], [77473.0, 86730.0], [77472.5, 2880.0], [77470.5, 41100.0], [77470.0, 3350.0], [77469.5, 25000.0], [77469.0, 16000.0], [77468.5, 74990.0], [77463.0, 12540.0], [77462.5, 20.0], [77461.0, 16000.0], [77460.5, 25990.0], [77460.0, 11790.0], [77459.0, 10990.0], [77458.5, 11120.0], [77456.5, 10990.0], [77456.0, 36590.0], [77455.0, 9230.0], [77454.5, 11220.0], [77454.0, 10.0]], "asks": [[77474.0, 22030.0], [77474.5, 10000.0], [77478.0, 41100.0], [77480.5, 2880.0], [77481.5, 5970.0], [77482.0, 20000.0], [77484.0, 17500.0], [77485.5, 4000.0], [77486.5, 9240.0], [77487.5, 26000.0], [77488.0, 19820.0], [77488.5, 12670.0], [77493.5, 500.0], [77494.0, 40580.0], [77494.5, 61620.0], [77495.5, 86350.0], [77497.0, 22770.0], [77497.5, 16000.0], [77498.5, 45000.0], [77500.0, 15270.0]]}}}
{"jsonrpc": "2.0", "method": "subscription", "params": {"channel": "book.BTC-PERPETUAL.none.20.100ms", "data": {"timestamp": 1770029735874, "change_id": 138051435372, "instrument_name": "BTC-PERPETUAL", "bids": [[77473.5, 145930.0], [77473.0, 68410.0], [77472.5, 2880.0], [77470.5, 41100.0], [77470.0, 16950.0], [77469.5, 25000.0], [77469.0, 16000.0], [77465.0, 22380.0], [77464.5, 74990.0], [77462.5, 20.0], [77461.5, 12530.0], [77461.0, 16000.0], [77460.5, 25990.0], [77460.0, 11790.0], [77459.0, 10990.0], [77458.5, 11120.0], [77456.5, 10990.0], [77456.0, 36590.0], [77455.0, 9230.0], [77454.5, 11220.0]], "asks": [[77474.0, 11040.0], [77474.5, 10000.0], [77475.5, 10990.0], [77476.0, 30000.0], [77480.5, 2880.0], [77481.5, 5970.0], [77483.5, 20000.0], [77484.0, 17500.0], [77485.5, 4000.0], [77486.5, 9240.0], [77487.5, 26000.0], [77488.0, 19820.0], [77488.5, 12670.0], [77493.5, 500.0], [77494.0, 40580.0], [77494.5, 61620.0], [77495.0, 75010.0], [77495.5, 11330.0], [77497.0, 22770.0], [77497.5, 16000.0]]}}}
{"jsonrpc": "2.0", "method": "subscription", "params": {"channel": "book.BTC-PERPETUAL.none.20.100ms", "data": {"timestamp": 1770029736215, "change_id": 138051435700, "instrument_name": "BTC-PERPETUAL", "bids": [[77473.5, 145930.0], [77473.0, 68410.0], [77472.5, 2880.0], [77470.5, 41100.0], [77470.0, 16950.0], [77469.5, 25000.0], [77469.0, 16000.0], [77468.0, 22380.0], [77467.5, 74990.0], [77462.5, 20.0], [77461.5, 12530.0], [77461.0, 16000.0], [77460.5, 25990.0], [77460.0, 11790.0], [77459.0, 10990.0], [77458.5, 11120.0], [77456.5, 10990.0], [77456.0, 36590.0], [77455.0, 9230.0], [77454.5, 11220.0]], "asks": [[77474.0, 22030.0], [77474.5, 10000.0], [77480.5, 2880.0], [77484.0, 17500.0], [77485.5, 4000.0], [77486.5, 9240.0], [77487.0, 20000.0], [77487.5, 26000.0], [77488.0, 19820.0], [77488.5, 12670.0], [77493.5, 500.0], [77494.0, 40580.0], [77494.5, 61620.0], [77495.0, 75010.0], [77495.5, 11330.0], [77497.0, 22770.0], [77497.5, 16000.0], [77498.5, 45000.0], [77500.0, 15270.0], [77502.0, 6270.0]]}}}
{"jsonrpc": "2.0", "method": "subscription", "params": {"channel": "book.BTC-PERPETUAL.none.20.100ms", "data": {"timestamp": 1770029736516, "change_id": 138051436056, "instrument_name": "BTC-PERPETUAL", "bids": [[77473.5, 145930.0], [77473.0, 70830.0], [77472.5, 2880.0], [77470.5, 41100.0], [77470.0, 16950.0], [77469.5, 25000.0], [77469.0, 16000.0], [77463.5, 34920.0], [77463.0, 74990.0], [77462.5, 20.0], [77461.0, 16000.0], [77460.5, 25990.0], [77460.0, 11790.0], [77459.0, 10990.0], [77458.5, 11120.0], [77456.5, 10990.0], [77456.0, 36590.0], [77455.0, 9230.0], [77454.5, 11220.0], [77454.0, 10.0]], "asks": [[77474.0, 22030.0], [77474.5, 10000.0], [77480.5, 2880.0], [77484.0, 17500.0], [77485.5, 4000.0], [77486.5, 9240.0], [77487.0, 20000.0], [77487.5, 26000.0], [77488.0, 19820.0], [77488.5, 12670.0], [77493.5, 500.0], [77494.0, 40580.0], [77494.5, 61620.0], [77495.0, 75010.0], [77495.5, 11330.0], [77497.0, 22770.0], [77497.5, 16000.0], [77498.5, 45000.0], [77500.0, 15270.0], [77502.0, 6270.0]]}}}
{"jsonrpc": "2.0", "method": "subscription", "params": {"channel": "book.BTC-PERPETUAL.none.20.100ms", "data": {"timestamp": 1770029736875, "change_id": 138051436460, "instrument_name": "BTC-PERPETUAL", "bids": [[77473.5, 145930.0], [77473.0, 84300.0], [77472.5, 2880.0], [77470.5, 41100.0], [77470.0, 3350.0], [77469.5, 9200.0], [77469.0, 16000.0], [77465.5, 22380.0], [77465.0, 74990.0], [77462.5, 20.0], [77461.5, 12530.0], [77461.0, 16000.0], [77460.5, 25990.0], [77460.0, 11790.0], [77459.0, 10990.0], [77458.5, 11120.0], [77456.5, 10990.0], [77456.0, 36590.0], [77455.0, 9230.0], [77454.5, 11220.0]], "asks": [[77474.0, 11040.0], [77474.5, 10000.0], [77475.5, 10990.0], [77476.5, 30000.0], [77480.5, 2880.0], [77484.0, 17500.0], [77485.5, 4000.0], [77486.5, 9240.0], [77487.0, 20000.0], [77487.5, 26000.0], [77488.0, 19820.0], [77488.5, 12670.0], [77493.5, 44670.0], [77494.0, 75020.0], [77494.5, 61620.0], [77495.5, 11330.0], [77497.0, 22770.0], [77497.5, 16000.0], [77498.5, 45000.0], [77500.0, 15270.0]]}}}
{"jsonrpc": "2.0", "method": "subscription", "params": {"channel": "book.BTC-PERPETUAL.none.20.100ms", "data": {"timestamp": 1770029737199, "change_id": 138051436774, "instrument_name": "BTC-PERPETUAL", "bids": [[77473.5, 145930.0], [77473.0, 67100.0], [77472.5, 2880.0], [77471.0, 25000.0], [77470.5, 41100.0], [77470.0, 3350.0], [77469.5, 9200.0], [77469.0, 16000.0], [77467.5, 22380.0], [77467.0, 74990.0], [77462.5, 20.0], [77461.5, 12530.0], [77461.0, 16000.0], [77460.5, 25990.0], [77460.0, 11790.0], [77459.0, 10990.0], [77458.5, 11120.0], [77456.5, 10990.0], [77456.0, 36590.0], [77455.0, 9230.0]], "asks": [[77474.0, 22030.0], [77474.5, 10000.0], [77480.5, 2880.0], [77484.0, 17500.0], [77485.5, 4000.0], [77486.5, 9240.0], [77487.0, 20000.0], [77487.5, 26000.0], [77488.0, 19820.0], [77488.5, 12670.0], [77493.0, 500.0], [77493.5, 44170.0], [77494.0, 75020.0], [77494.5, 61620.0], [77495.5, 11330.0], [77497.0, 22770.0], [77497.5, 16000.0], [77498.5, 45000.0], [77500.0, 15270.0], [77501.0, 13730.0]]}}}
{"jsonrpc": "2.0", "method": "subscription", "params": {"channel": "book.BTC-PERPETUAL.none.20.100ms", "data": {"timestamp": 1770029737539, "change_id": 138051437403, "instrument_name": "BTC-PERPETUAL", "bids": [[77473.5, 106960.0], [77473.0, 59300.0], [77472.5, 2880.0], [77471.5, 490.0], [77470.5, 41100.0], [77470.0, 3350.0], [77469.0, 16000.0], [77463.5, 45670.0], [77463.0, 74990.0], [77462.5, 26010.0], [77461.0, 16000.0], [77460.5, 10990.0], [77460.0, 31600.0], [77459.0, 10990.0], [77458.5, 11120.0], [77457.0, 9230.0], [77456.0, 36590.0], [77454.5, 11220.0], [77454.0, 10.0], [77453.5, 66620.0]], "asks": [[77474.0, 11040.0], [77474.5, 10000.0], [77479.5, 3280.0], [77480.0, 10990.0], [77480.5, 2880.0], [77484.0, 16250.0], [77485.5, 4000.0], [77487.0, 20000.0], [77487.5, 35240.0], [77488.0, 4320.0], [77488.5, 12670.0], [77492.0, 49090.0], [77492.5, 75010.0], [77493.0, 16000.0], [77494.0, 61600.0], [77494.5, 20.0], [77495.5, 11330.0], [77498.5, 45000.0], [77500.0, 15270.0], [77502.5, 21000.0]]}}}
{"jsonrpc": "2.0", "method": "subscription", "params": {"channel": "book.BTC-PERPETUAL.none.20.100ms", "data": {"timestamp": 1770029737874, "change_id": 138051437820, "instrument_name": "BTC-PERPETUAL", "bids": [[77473.5, 106700.0], [77473.0, 59300.0], [77472.5, 2880.0], [77471.5, 24300.0], [77471.0, 490.0], [77470.5, 25300.0], [77470.0, 28350.0], [77469.0, 16000.0], [77465.5, 22380.0], [77465.0, 74990.0], [77462.5, 20.0], [77462.0, 15810.0], [77461.5, 25990.0], [77461.0, 16000.0], [77460.5, 10990.0], [77460.0, 6600.0], [77459.0, 10990.0], [77458.5, 11120.0], [77457.0, 9230.0], [77456.0, 36590.0]], "asks": [[77474.0, 11040.0], [77474.5, 10000.0], [77479.5, 3280.0], [77480.0, 10990.0], [77480.5, 2880.0], [77484.0, 16540.0], [77485.5, 4000.0], [77487.5, 29240.0], [77488.0, 30320.0], [77488.5, 12670.0], [77492.0, 49090.0], [77492.5, 75010.0], [77493.0, 16000.0], [77494.5, 20.0], [77495.0, 61600.0], [77495.5, 11330.0], [77498.5, 45000.0], [77500.0, 15270.0], [77502.5, 21000.0], [77504.0, 34700.0]]}}}
{"jsonrpc": "2.0", "method": "subscription", "params": {"channel": "book.BTC-PERPETUAL.none.20.100ms", "data": {"timestamp": 1770029738206, "change_id": 138051438200, "instrument_name": "BTC-PERPETUAL", "bids": [[77473.5, 131810.0], [77473.0, 59300.0], [77472.5, 2880.0], [77472.0, 490.0], [77471.5, 24300.0], [77470.5, 25300.0], [77470.0, 3350.0], [77469.0, 16000.0], [77467.5, 22380.0], [77467.0, 74990.0], [77463.0, 15820.0], [77462.5, 26010.0], [77462.0, 10990.0], [77461.0, 16000.0], [77460.5, 10990.0], [77460.0, 6600.0], [77459.5, 9230.0], [77458.5, 11120.0], [77455.5, 61570.0], [77455.0, 11330.0]], "asks": [[77474.0, 50.0], [77474.5, 10000.0], [77478.5, 10990.0], [77479.0, 10990.0], [77480.5, 2880.0], [77484.0, 3800.0], [77485.5, 4000.0], [77487.5, 9240.0], [77488.0, 11690.0], [77488.5, 12670.0], [77491.0, 500.0], [77491.5, 26000.0], [77492.0, 30560.0], [77493.0, 16000.0], [77494.5, 20.0], [77495.0, 75020.0], [77495.5, 11330.0], [77497.5, 36380.0], [77498.0, 61600.0], [77498.5, 45000.0]]}}}
{"jsonrpc": "2.0", "method": "subscription", "params": {"channel": "book.BTC-PERPETUAL.none.20.100ms", "data": {"timestamp": 1770029738528, "change_id": 138051438656, "instrument_name": "BTC-PERPETUAL", "bids": [[77473.5, 161040.0], [77473.0, 59300.0], [77472.5, 2880.0], [77472.0, 490.0], [77471.5, 24300.0], [77470.5, 25300.0], [77470.0, 3350.0], [77469.0, 16000.0], [77468.5, 25000.0], [77465.0, 22380.0], [77464.5, 74990.0], [77463.0, 15820.0], [77462.5, 26010.0], [77462.0, 10990.0], [77461.0, 16000.0], [77460.0, 6600.0], [77459.0, 10990.0], [77458.5, 11120.0], [77456.0, 9230.0], [77455.5, 61570.0]], "asks": [[77474.0, 11040.0], [77474.5, 10000.0], [77480.0, 10990.0], [77480.5, 2880.0], [77484.0, 9440.0], [77485.5, 4000.0], [77487.5, 9240.0], [77488.0, 31690.0], [77488.5, 12670.0], [77490.5, 500.0], [77491.5, 26000.0], [77492.0, 30560.0], [77493.0, 16000.0], [77494.5, 75040.0], [77495.5, 11330.0], [77498.0, 61600.0], [77498.5, 45000.0], [77500.0, 15270.0], [77502.5, 46000.0], [77504.0, 9700.0]]}}}
{"jsonrpc": "2.0", "method": "subscription", "params": {"channel": "book.BTC-PERPETUAL.none.20.100ms", "data": {"timestamp": 1770029738849, "change_id": 138051439071, "instrument_name": "BTC-PERPETUAL", "bids": [[77473.5, 156740.0], [77473.0, 67690.0], [77472.5, 29380.0], [77472.0, 490.0], [77470.5, 25300.0], [77470.0, 3350.0], [77469.0, 16000.0], [77468.5, 25000.0], [77467.0, 22380.0], [77466.5, 74990.0], [77463.0, 15820.0], [77462.5, 26010.0], [77462.0, 10990.0], [77461.0, 16000.0], [77460.0, 6600.0], [77459.0, 10990.0], [77458.5, 11120.0], [77456.0, 9230.0], [77455.5, 61570.0], [77455.0, 11330.0]], "asks": [[77474.0, 50.0], [77474.5, 10000.0], [77476.5, 30000.0], [77479.0, 10990.0], [77479.5, 10990.0], [77483.0, 2880.0], [77484.0, 9440.0], [77485.0, 20000.0], [77485.5, 4000.0], [77487.5, 9240.0], [77488.0, 11690.0], [77488.5, 12670.0], [77491.0, 500.0], [77491.5, 26000.0], [77492.0, 30560.0], [77493.0, 16000.0], [77494.5, 20.0], [77495.0, 75020.0], [77495.5, 11330.0], [77498.0, 61600.0]]}}}
{"jsonrpc": "2.0", "method": "subscription", "params": {"channel": "book.BTC-PERPETUAL.none.20.100ms", "data": {"timestamp": 1770029739200, "change_id": 138051439474, "instrument_name": "BTC-PERPETUAL", "bids": [[77473.5, 156740.0], [77473.0, 37180.0], [77472.5, 2880.0], [77471.0, 10000.0], [77470.5, 490.0], [77470.0, 3350.0], [77469.0, 16000.0], [77468.0, 29850.0], [77467.5, 25000.0], [77465.5, 74990.0], [77462.5, 20.0], [77462.0, 15810.0], [77461.0, 16000.0], [77460.5, 25990.0], [77460.0, 11790.0], [77459.5, 10990.0], [77459.0, 10990.0], [77458.5, 11120.0], [77456.0, 9230.0], [77455.0, 11330.0]], "asks": [[77474.0, 11040.0], [77474.5, 10000.0], [77482.0, 4140.0], [77482.5, 10990.0], [77483.0, 2880.0], [77484.0, 16480.0], [77485.5, 4000.0], [77486.0, 12620.0], [77486.5, 9240.0], [77487.0, 20500.0], [77487.5, 26000.0], [77488.0, 36320.0], [77488.5, 50.0], [77490.5, 45000.0], [77491.5, 75020.0], [77492.0, 30560.0], [77493.0, 16000.0], [77494.5, 61620.0], [77495.5, 11330.0], [77500.0, 15270.0]]}}}
{"jsonrpc": "2.0", "method": "subscription", "params": {"channel": "book.BTC-PERPETUAL.none.20.100ms", "data": {"timestamp": 1770029739530, "change_id": 138051440029, "instrument_name": "BTC-PERPETUAL", "bids": [[77473.5, 156740.0], [77473.0, 37670.0], [77471.0, 10000.0], [77470.0, 3350.0], [77469.0, 16000.0], [77468.0, 22380.0], [77467.5, 74990.0], [77462.5, 20.0], [77461.5, 12530.0], [77461.0, 16000.0], [77460.5, 25990.0], [77460.0, 18480.0], [77459.5, 10990.0], [77459.0, 25000.0], [77458.5, 11120.0], [77456.5, 10990.0], [77456.0, 9230.0], [77455.0, 11330.0], [77454.5, 11220.0], [77454.0, 10.0]], "asks": [[77474.0, 22030.0], [77474.5, 10000.0], [77480.0, 4630.0], [77483.0, 2880.0], [77483.5, 12620.0], [77484.0, 16480.0], [77485.5, 4000.0], [77486.0, 20000.0], [77486.5, 9240.0], [77487.5, 26000.0], [77488.0, 13450.0], [77488.5, 50.0], [77490.0, 500.0], [77490.5, 45000.0], [77492.0, 45040.0], [77493.0, 16000.0], [77494.0, 75010.0], [77494.5, 61620.0], [77495.5, 11330.0], [77500.0, 15270.0]]}}}
{"jsonrpc": "2.0", "method": "subscription", "params": {"channel": "book.BTC-PERPETUAL.none.20.100ms", "data": {"timestamp": 1770029739857, "change_id": 138051440488, "instrument_name": "BTC-PERPETUAL", "bids": [[77473.5, 160110.0], [77473.0, 20280.0], [77472.0, 10000.0], [77470.0, 3350.0], [77469.5, 41000.0], [77469.0, 16000.0], [77463.0, 34920.0], [77462.5, 75010.0], [77461.0, 16000.0], [77460.5, 25990.0], [77460.0, 18480.0], [77459.5, 25000.0], [77459.0, 21980.0], [77458.5, 11120.0], [77456.0, 9230.0], [77455.0, 11330.0], [77454.5, 11220.0], [77454.0, 10.0], [77453.5, 5050.0], [77453.0, 16000.0]], "asks": [[77474.0, 11040.0], [77474.5, 10000.0], [77482.0, 4140.0], [77482.5, 10990.0], [77483.0, 2880.0], [77484.0, 16480.0], [77485.5, 4000.0], [77486.0, 20000.0], [77486.5, 21860.0], [77487.5, 26000.0], [77488.0, 13450.0], [77488.5, 50.0], [77490.0, 500.0], [77490.5, 45000.0], [77492.0, 45040.0], [77493.0, 16000.0], [77494.5, 61620.0], [77495.0, 75020.0], [77495.5, 11330.0], [77500.0, 15270.0]]}}}
{"jsonrpc": "2.0", "method": "subscription", "params": {"channel": "book.BTC-PERPETUAL.none.20.100ms", "data": {"timestamp": 1770029740176, "change_id": 138051440869, "instrument_name": "BTC-PERPETUAL", "bids": [[77473.5, 160110.0], [77473.0, 39790.0], [77472.5, 10000.0], [77469.5, 115990.0], [77469.0, 16000.0], [77467.5, 7460.0], [77467.0, 25000.0], [77462.5, 20.0], [77461.5, 16810.0], [77461.0, 16000.0], [77460.5, 36980.0], [77460.0, 3350.0], [77459.5, 9350.0], [77458.5, 11120.0], [77456.5, 10990.0], [77456.0, 9230.0], [77455.0, 28260.0], [77454.5, 11220.0], [77454.0, 10.0], [77453.5, 5050.0]], "asks": [[77474.0, 11040.0], [77474.5, 10000.0], [77482.0, 4140.0], [77482.5, 10990.0], [77483.0, 2880.0], [77484.0, 16480.0], [77485.5, 4000.0], [77486.5, 21860.0], [77487.0, 20000.0], [77487.5, 26000.0], [77488.0, 13450.0], [77488.5, 50.0], [77490.5, 45000.0], [77491.5, 500.0], [77492.0, 30560.0], [77493.0, 16000.0], [77494.5, 61620.0], [77495.5, 11330.0], [77499.5, 75020.0], [77500.0, 15270.0]]}}}
{"jsonrpc": "2.0", "method": "subscription", "params": {"channel": "book.BTC-PERPETUAL.none.20.100ms", "data": {"timestamp": 1770029740516, "change_id": 138051441181, "instrument_name": "BTC-PERPETUAL", "bids": [[77473.5, 160110.0], [77473.0, 47290.0], [77471.0, 10000.0], [77469.5, 41000.0], [77469.0, 16000.0], [77468.5, 74990.0], [77462.5, 20.0], [77461.5, 13530.0], [77461.0, 16000.0], [77460.5, 25990.0], [77460.0, 3350.0], [77459.5, 18900.0], [77459.0, 35990.0], [77458.5, 11120.0], [77456.5, 10990.0], [77456.0, 9230.0], [77455.0, 28260.0], [77454.5, 11220.0], [77454.0, 10.0], [77453.5, 5050.0]], "asks": [[77474.0, 22030.0], [77474.5, 10000.0], [77483.0, 2880.0], [77484.0, 16480.0], [77485.5, 4000.0], [77486.5, 21860.0], [77487.0, 20000.0], [77487.5, 26000.0], [77488.0, 13450.0], [77488.5, 50.0], [77490.0, 500.0], [77490.5, 45000.0], [77492.0, 45040.0], [77493.0, 16000.0], [77494.0, 75020.0], [77494.5, 61620.0], [77495.5, 11330.0], [77500.0, 15270.0], [77502.0, 13730.0], [77502.5, 46000.0]]}}}
{"jsonrpc": "2.0", "method": "subscription", "params": {"channel": "book.BTC-PERPETUAL.none.20.100ms", "data": {"timestamp": 1770029740851, "change_id": 138051441664, "instrument_name": "BTC-PERPETUAL", "bids": [[77473.5, 160220.0], [77473.0, 50830.0], [77471.5, 41000.0], [77471.0, 10000.0], [77469.5, 41000.0], [77469.0, 16000.0], [77468.0, 82450.0], [77467.5, 25000.0], [77462.5, 20.0], [77461.5, 13530.0], [77461.0, 16000.0], [77460.5, 25990.0], [77460.0, 3350.0], [77459.5, 9350.0], [77459.0, 10990.0], [77458.5, 11120.0], [77456.5, 10990.0], [77456.0, 9230.0], [77455.0, 28260.0], [77454.5, 11220.0]], "asks": [[77474.0, 22030.0], [77474.5, 10000.0], [77483.0, 2880.0], [77484.0, 16480.0], [77485.5, 4000.0], [77486.5, 21860.0], [77487.0, 20000.0], [77487.5, 26000.0], [77488.0, 13450.0], [77488.5, 50.0], [77490.0, 500.0], [77490.5, 45000.0], [77492.0, 45040.0], [77493.0, 16000.0], [77494.0, 75020.0], [77494.5, 61620.0], [77495.5, 11330.0], [77500.0, 15270.0], [77502.0, 13730.0], [77502.5, 46000.0]]}}}
{"jsonrpc": "2.0", "method": "subscription", "params": {"channel": "book.BTC-PERPETUAL.none.20.100ms", "data": {"timestamp": 1770029741178, "change_id": 138051442029, "instrument_name": "BTC-PERPETUAL", "bids": [[77473.5, 160220.0], [77473.0, 50830.0], [77471.5, 41000.0], [77471.0, 10000.0], [77469.5, 41000.0], [77469.0, 16000.0], [77468.0, 82450.0], [77467.5, 25000.0], [77462.5, 20.0], [77461.5, 13530.0], [77461.0, 16000.0], [77460.5, 25990.0], [77460.0, 3350.0], [77459.5, 9350.0], [77459.0, 10990.0], [77458.5, 11120.0], [77456.5, 10990.0], [77456.0, 9230.0], [77455.0, 28260.0], [77454.5, 11220.0]], "asks": [[77474.0, 22030.0], [77474.5, 10000.0], [77483.0, 2880.0], [77484.0, 16480.0], [77485.0, 9240.0], [77485.5, 4000.0], [77486.5, 12620.0], [77487.0, 20000.0], [77487.5, 26000.0], [77488.0, 13450.0], [77488.5, 50.0], [77490.0, 500.0], [77490.5, 45000.0], [77492.0, 45040.0], [77493.0, 16000.0], [77494.0, 75020.0], [77494.5, 61620.0], [77495.5, 11330.0], [77499.0, 21000.0], [77499.5, 4560.0]]}}}
{"jsonrpc": "2.0", "method": "subscription", "params": {"channel": "book.BTC-PERPETUAL.none.20.100ms", "data": {"timestamp": 1770029741516, "change_id": 138051442301, "instrument_name": "BTC-PERPETUAL", "bids": [[77473.5, 170220.0], [77473.0, 50830.0], [77471.5, 41000.0], [77469.5, 41000.0], [77469.0, 16000.0], [77468.0, 82450.0], [77467.5, 25000.0], [77462.5, 20.0], [77461.5, 13530.0], [77461.0, 16000.0], [77460.5, 25990.0], [77460.0, 3350.0], [77459.5, 6600.0], [77459.0, 10990.0], [77458.5, 11120.0], [77455.5, 10990.0], [77455.0, 37490.0], [77454.5, 11220.0], [77454.0, 10.0], [77453.5, 5050.0]], "asks": [[77474.0, 22030.0], [77474.5, 10000.0], [77483.0, 2880.0], [77484.0, 16480.0], [77485.0, 9240.0], [77485.5, 4000.0], [77486.5, 12620.0], [77487.0, 20000.0], [77487.5, 26000.0], [77488.0, 13450.0], [77488.5, 50.0], [77490.0, 500.0], [77490.5, 45000.0], [77492.0, 45040.0], [77493.0, 16000.0], [77494.0, 75020.0], [77494.5, 61620.0], [77495.5, 11330.0], [77499.0, 21000.0], [77499.5, 4560.0]]}}}
{"jsonrpc": "2.0", "method": "subscription", "params": {"channel": "book.BTC-PERPETUAL.none.20.100ms", "data": {"timestamp": 1770029741824, "change_id": 138051442759, "instrument_name": "BTC-PERPETUAL", "bids": [[77473.5, 170220.0], [77473.0, 50830.0], [77470.0, 18400.0], [77469.5, 41000.0], [77469.0, 16000.0], [77468.0, 74990.0], [77462.5, 20.0], [77461.5, 19270.0], [77461.0, 16000.0], [77460.5, 25990.0], [77460.0, 28350.0], [77459.5, 6600.0], [77459.0, 10990.0], [77458.5, 11120.0], [77455.5, 10990.0], [77455.0, 37490.0], [77454.5, 11220.0], [77454.0, 10.0], [77453.5, 5050.0], [77453.0, 16000.0]], "asks": [[77474.0, 22030.0], [77474.5, 10000.0], [77483.0, 2880.0], [77484.0, 16480.0], [77485.0, 9240.0], [77485.5, 4000.0], [77486.5, 12620.0], [77487.0, 20000.0], [77487.5, 26000.0], [77488.0, 13450.0], [77488.5, 50.0], [77490.0, 500.0], [77490.5, 45000.0], [77492.0, 45040.0], [77493.0, 16000.0], [77494.0, 75010.0], [77494.5, 61620.0], [77495.5, 11330.0], [77499.5, 4560.0], [77500.0, 15270.0]]}}}
{"jsonrpc": "2.0", "method": "subscription", "params": {"channel": "book.BTC-PERPETUAL.none.20.100ms", "data": {"timestamp": 1770029742179, "change_id": 138051443137, "instrument_name": "BTC-PERPETUAL", "bids": [[77473.5, 170220.0], [77473.0, 22510.0], [77470.0, 18400.0], [77469.5, 41000.0], [77469.0, 16000.0], [77464.0, 74990.0], [77463.5, 35920.0], [77462.5, 20.0], [77461.0, 16000.0], [77460.5, 25990.0], [77460.0, 17410.0], [77459.5, 25000.0], [77459.0, 10990.0], [77458.5, 11120.0], [77455.5, 10990.0], [77455.0, 37490.0], [77454.5, 11220.0], [77454.0, 10.0], [77453.5, 5050.0], [77453.0, 16000.0]], "asks": [[77474.0, 52030.0], [77474.5, 10000.0], [77483.0, 2880.0], [77484.0, 16480.0], [77485.0, 9240.0], [77485.5, 4000.0], [77486.0, 20000.0], [77486.5, 12620.0], [77487.5, 26000.0], [77488.0, 13450.0], [77488.5, 50.0], [77490.0, 500.0], [77490.5, 45000.0], [77492.0, 45040.0], [77493.0, 16000.0], [77494.0, 75010.0], [77494.5, 61620.0], [77495.5, 11330.0], [77499.5, 4560.0], [77500.0, 15270.0]]}}}
{"jsonrpc": "2.0", "method": "subscription", "params": {"channel": "book.BTC-PERPETUAL.none.20.100ms", "data": {"timestamp": 1770029742495, "change_id": 138051443402, "instrument_name": "BTC-PERPETUAL", "bids": [[77473.5, 131480.0], [77473.0, 22510.0], [77470.0, 18400.0], [77469.5, 41000.0], [77469.0, 16000.0], [77466.5, 22380.0], [77466.0, 74990.0], [77462.5, 20.0], [77461.5, 19270.0], [77461.0, 16000.0], [77460.5, 25990.0], [77460.0, 28350.0], [77459.5, 6600.0], [77459.0, 10990.0], [77458.5, 11120.0], [77455.5, 10990.0], [77455.0, 37490.0], [77454.5, 11220.0], [77454.0, 10.0], [77453.5, 5050.0]], "asks": [[77474.0, 52030.0], [77474.5, 10000.0], [77483.0, 2880.0], [77484.0, 16480.0], [77485.0, 9240.0], [77485.5, 4000.0], [77486.0, 20000.0], [77486.5, 12620.0], [77487.5, 26000.0], [77488.0, 13450.0], [77488.5, 50.0], [77490.0, 500.0], [77490.5, 45000.0], [77492.0, 45040.0], [77493.0, 16000.0], [77494.0, 75010.0], [77494.5, 61620.0], [77495.5, 11330.0], [77499.5, 4560.0], [77500.0, 15270.0]]}}}
{"jsonrpc": "2.0", "method": "subscription", "params": {"channel": "book.BTC-PERPETUAL.none.20.100ms", "data": {"timestamp": 1770029742830, "change_id": 138051443863, "instrument_name": "BTC-PERPETUAL", "bids": [[77473.5, 130770.0], [77473.0, 36670.0], [77470.0, 490.0], [77469.5, 41000.0], [77469.0, 16000.0], [77468.0, 74990.0], [77462.5, 20.0], [77461.5, 19270.0], [77461.0, 16000.0], [77460.5, 25990.0], [77460.0, 28350.0], [77459.5, 6600.0], [77459.0, 10990.0], [77458.5, 11120.0], [77455.5, 10990.0], [77455.0, 37490.0], [77454.5, 11220.0], [77454.0, 10.0], [77453.5, 5050.0], [77453.0, 16000.0]], "asks": [[77474.0, 52030.0], [77474.5, 10000.0], [77483.0, 2880.0], [77484.0, 16480.0], [77485.0, 9240.0], [77485.5, 4000.0], [77486.0, 20000.0], [77486.5, 12620.0], [77487.5, 26000.0], [77488.0, 13450.0], [77488.5, 50.0], [77490.0, 500.0], [77490.5, 45000.0], [77492.0, 45040.0], [77493.0, 16000.0], [77494.0, 75010.0], [77494.5, 61620.0], [77495.5, 11330.0], [77499.5, 4560.0], [77500.0, 15270.0]]}}}
{"jsonrpc": "2.0", "method": "subscription", "params": {"channel": "book.BTC-PERPETUAL.none.20.100ms", "data": {"timestamp": 1770029743168, "change_id": 138051444222, "instrument_name": "BTC-PERPETUAL", "bids": [[77473.5, 131100.0], [77473.0, 22510.0], [77470.0, 490.0], [77469.5, 41000.0], [77469.0, 16000.0], [77463.5, 43390.0], [77463.0, 74990.0], [77462.5, 20.0], [77461.0, 16000.0], [77460.5, 25990.0], [77460.0, 20690.0], [77459.5, 25000.0], [77459.0, 10990.0], [77458.5, 11120.0], [77455.5, 10990.0], [77455.0, 37490.0], [77454.5, 11220.0], [77454.0, 10.0], [77453.5, 5050.0], [77453.0, 16000.0]], "asks": [[77474.0, 52030.0], [77474.5, 10000.0], [77483.0, 2880.0], [77484.0, 16480.0], [77485.0, 9240.0], [77485.5, 30000.0], [77486.0, 20000.0], [77486.5, 12620.0], [77488.0, 13450.0], [77488.5, 50.0], [77490.0, 500.0], [77490.5, 45000.0], [77492.0, 45040.0], [77493.0, 16000.0], [77494.0, 75010.0], [77494.5, 61620.0], [77495.5, 11330.0], [77499.5, 4560.0], [77500.0, 15270.0], [77501.5, 13730.0]]}}}
{"jsonrpc": "2.0", "method": "subscription", "params": {"channel": "book.BTC-PERPETUAL.none.20.100ms", "data": {"timestamp": 1770029743495, "change_id": 138051444506, "instrument_name": "BTC-PERPETUAL", "bids": [[77473.5, 170330.0], [77473.0, 22510.0], [77469.5, 41000.0], [77469.0, 16000.0], [77466.5, 22380.0], [77466.0, 74990.0], [77462.5, 20.0], [77461.5, 13530.0], [77461.0, 16000.0], [77460.5, 25990.0], [77460.0, 20690.0], [77459.5, 25000.0], [77459.0, 10990.0], [77458.5, 11120.0], [77455.5, 10990.0], [77455.0, 37490.0], [77454.5, 11220.0], [77454.0, 10.0], [77453.5, 5050.0], [77453.0, 16000.0]], "asks": [[77474.0, 52030.0], [77474.5, 10000.0], [77483.0, 2880.0], [77484.0, 16480.0], [77485.0, 29240.0], [77485.5, 4000.0], [77486.5, 12620.0], [77487.5, 26000.0], [77488.0, 13450.0], [77488.5, 50.0], [77490.0, 500.0], [77490.5, 45000.0], [77492.0, 45040.0], [77493.0, 16000.0], [77494.0, 75010.0], [77494.5, 61620.0], [77495.5, 11330.0], [77499.5, 4560.0], [77500.0, 15270.0], [77501.5, 13730.0]]}}}
{"jsonrpc": "2.0", "method": "subscription", "params": {"channel": "book.BTC-PERPETUAL.none.20.100ms", "data": {"timestamp": 1770029743829, "change_id": 138051444954, "instrument_name": "BTC-PERPETUAL", "bids": [[77473.5, 170330.0], [77473.0, 36520.0], [77469.5, 41000.0], [77469.0, 16000.0], [77468.0, 74990.0], [77462.5, 20.0], [77461.5, 13530.0], [77461.0, 16000.0], [77460.5, 25990.0], [77460.0, 20690.0], [77459.5, 25000.0], [77459.0, 21980.0], [77458.5, 11120.0], [77455.0, 37490.0], [77454.5, 11220.0], [77454.0, 10.0], [77453.5, 5050.0], [77453.0, 16000.0], [77452.5, 61570.0], [77452.0, 5660.0]], "asks": [[77474.0, 41040.0], [77474.5, 10000.0], [77482.0, 10110.0], [77482.5, 10990.0], [77483.0, 2880.0], [77483.5, 20000.0], [77484.0, 16480.0], [77485.0, 9240.0], [77485.5, 4000.0], [77486.5, 12620.0], [77487.5, 26000.0], [77488.0, 13450.0], [77488.5, 50.0], [77490.0, 500.0], [77490.5, 45000.0], [77492.0, 45040.0], [77493.0, 16000.0], [77494.0, 75010.0], [77494.5, 61620.0], [77495.5, 11330.0]]}}}
{"jsonrpc": "2.0", "method": "subscription", "params": {"channel": "book.BTC-PERPETUAL.none.20.100ms", "data": {"timestamp": 1770029744153, "change_id": 138051445132, "instrument_name": "BTC-PERPETUAL", "bids": [[77473.5, 169840.0], [77473.0, 22510.0], [77470.0, 490.0], [77469.5, 41000.0], [77469.0, 16000.0], [77463.5, 39200.0], [77463.0, 74990.0], [77462.5, 20.0], [77461.0, 16000.0], [77460.5, 36980.0], [77460.0, 20690.0], [77459.5, 25000.0], [77459.0, 10990.0], [77458.5, 11120.0], [77455.0, 37490.0], [77454.5, 11220.0], [77454.0, 10.0], [77453.5, 5050.0], [77453.0, 16000.0], [77452.5, 61570.0]], "asks": [[77474.0, 41040.0], [77474.5, 10000.0], [77482.0, 10110.0], [77482.5, 10990.0], [77483.0, 2880.0], [77483.5, 20000.0], [77484.0, 16480.0], [77485.0, 9240.0], [77485.5, 4000.0], [77486.5, 12620.0], [77487.5, 26000.0], [77488.0, 13450.0], [77488.5, 50.0], [77490.0, 500.0], [77490.5, 45000.0], [77492.0, 45040.0], [77492.5, 75010.0], [77493.0, 16000.0], [77494.5, 61620.0], [77495.5, 11330.0]]}}}
{"jsonrpc": "2.0", "method": "subscription", "params": {"channel": "book.BTC-PERPETUAL.none.20.100ms", "data": {"timestamp": 1770029744477, "change_id": 138051445499, "instrument_name": "BTC-PERPETUAL", "bids": [[77473.5, 169840.0], [77473.0, 22510.0], [77470.0, 490.0], [77469.5, 41000.0], [77469.0, 16000.0], [77465.5, 22380.0], [77465.0, 74990.0], [77462.5, 20.0], [77461.5, 16810.0], [77461.0, 16000.0], [77460.5, 36980.0], [77460.0, 34950.0], [77459.0, 10990.0], [77458.5, 11120.0], [77455.0, 37490.0], [77454.5, 11220.0], [77454.0, 10.0], [77453.5, 5050.0], [77453.0, 16000.0], [77452.5, 61570.0]], "asks": [[77474.0, 41040.0], [77474.5, 10000.0], [77482.0, 10110.0], [77482.5, 10990.0], [77483.0, 2880.0], [77483.5, 20000.0], [77484.0, 16480.0], [77485.0, 9240.0], [77485.5, 4000.0], [77486.5, 12620.0], [77487.5, 26000.0], [77488.0, 13450.0], [77488.5, 50.0], [77490.0, 500.0], [77490.5, 45000.0], [77492.0, 45040.0], [77493.0, 16000.0], [77494.0, 75020.0], [77494.5, 61620.0], [77495.5, 11330.0]]}}}
{"jsonrpc": "2.0", "method": "subscription", "params": {"channel": "book.BTC-PERPETUAL.none.20.100ms", "data": {"timestamp": 1770029744822, "change_id": 138051446027, "instrument_name": "BTC-PERPETUAL", "bids": [[77473.5, 170330.0], [77473.0, 22510.0], [77470.5, 41000.0], [77469.5, 41000.0], [77469.0, 16000.0], [77467.5, 22380.0], [77467.0, 74990.0], [77462.5, 20.0], [77461.5, 16810.0], [77461.0, 16000.0], [77460.5, 25990.0], [77460.0, 45940.0], [77459.0, 10990.0], [77458.5, 11120.0], [77455.5, 32460.0], [77455.0, 70800.0], [77454.5, 11220.0], [77454.0, 10.0], [77453.5, 5050.0], [77453.0, 16000.0]], "asks": [[77474.0, 41040.0], [77474.5, 10000.0], [77482.0, 10110.0], [77482.5, 10990.0], [77483.0, 2880.0], [77483.5, 20000.0], [77484.0, 14270.0], [77485.5, 4000.0], [77486.0, 9240.0], [77486.5, 12620.0], [77487.5, 26000.0], [77488.0, 13450.0], [77488.5, 50.0], [77490.0, 500.0], [77490.5, 45000.0], [77492.0, 45040.0], [77493.0, 16000.0], [77494.0, 75020.0], [77494.5, 61620.0], [77495.5, 11330.0]]}}}
{"jsonrpc": "2.0", "method": "subscription", "params": {"channel": "book.BTC-PERPETUAL.none.20.100ms", "data": {"timestamp": 1770029745154, "change_id": 138051446269, "instrument_name": "BTC-PERPETUAL", "bids": [[77473.5, 170330.0], [77473.0, 22510.0], [77470.5, 41000.0], [77469.5, 41000.0], [77469.0, 16000.0], [77468.0, 29850.0], [77467.5, 74990.0], [77467.0, 25000.0], [77462.5, 20.0], [77461.5, 16810.0], [77461.0, 16000.0], [77460.5, 25990.0], [77460.0, 9950.0], [77459.5, 10990.0], [77459.0, 10990.0], [77458.5, 11120.0], [77455.5, 32460.0], [77455.0, 9230.0], [77454.5, 11220.0], [77454.0, 61580.0]], "asks": [[77474.0, 41040.0], [77474.5, 10000.0], [77482.0, 10110.0], [77482.5, 10990.0], [77483.0, 2880.0], [77483.5, 20000.0], [77484.0, 14270.0], [77485.5, 4000.0], [77486.0, 9240.0], [77486.5, 12620.0], [77487.5, 26000.0], [77488.0, 13450.0], [77488.5, 50.0], [77490.0, 500.0], [77490.5, 45000.0], [77492.0, 45040.0], [77493.0, 16000.0], [77494.0, 75010.0], [77494.5, 61620.0], [77495.5, 11330.0]]}}}
{"jsonrpc": "2.0", "method": "subscription", "params": {"channel": "book.BTC-PERPETUAL.none.20.100ms", "data": {"timestamp": 1770029745476, "change_id": 138051446655, "instrument_name": "BTC-PERPETUAL", "bids": [[77473.5, 170330.0], [77473.0, 22510.0], [77470.5, 41000.0], [77469.5, 41000.0], [77469.0, 16000.0], [77468.0, 29850.0], [77467.5, 74990.0], [77467.0, 25000.0], [77462.5, 20.0], [77461.5, 16810.0], [77461.0, 16000.0], [77460.5, 25990.0], [77460.0, 9950.0], [77459.0, 10990.0], [77458.5, 11120.0], [77456.0, 10990.0], [77455.5, 32460.0], [77455.0, 9230.0], [77454.5, 11220.0], [77454.0, 10.0]], "asks": [[77474.0, 52030.0], [77474.5, 10000.0], [77480.5, 2880.0], [77482.0, 6830.0], [77483.5, 20000.0], [77484.0, 14270.0], [77485.5, 30000.0], [77486.0, 9240.0], [77486.5, 12620.0], [77488.0, 13450.0], [77488.5, 50.0], [77490.0, 500.0], [77490.5, 45000.0], [77492.0, 45040.0], [77493.0, 16000.0], [77494.0, 75010.0], [77494.5, 61620.0], [77495.5, 11330.0], [77499.5, 4560.0], [77500.0, 15270.0]]}}}
