{"jsonrpc": "2.0", "id": 1, "result": ["book.BTC-PERPETUAL.none.20.100ms"], "usIn": 1773226730050409, "usOut": 1773226730050748, "usDiff": 339, "testnet": false}
{"jsonrpc": "2.0", "method": "subscription", "params": {"channel": "book.BTC-PERPETUAL.none.20.100ms", "data": {"timestamp": 1773226730049, "change_id": 144957301314, "instrument_name": "BTC-PERPETUAL", "bids": [[69618.5, 94200.0], [69617.5, 490.0], [69617.0, 2290.0], [69615.5, 1490.0], [69615.0, 6190.0], [69614.0, 13690.0], [69613.5, 38570.0], [69612.5, 74990.0], [69612.0, 36950.0], [69611.5, 10000.0], [69608.5, 4480.0], [69608.0, 15000.0], [69606.5, 14160.0], [69606.0, 8810.0], [69605.5, 13990.0], [69605.0, 22300.0], [69604.5, 24050.0], [69604.0, 8820.0], [69602.5, 10.0], [69602.0, 3090.0]], "asks": [[69619.0, 1740.0], [69621.5, 920.0], [69626.5, 4780.0], [69627.0, 11000.0], [69627.5, 12580.0], [69632.5, 10880.0], [69633.5, 500.0], [69634.5, 500.0], [69635.0, 620.0], [69636.0, 34820.0], [69636.5, 30560.0], [69637.5, 13000.0], [69638.0, 8590.0], [69638.5, 75020.0], [69639.0, 9430.0], [69639.5, 9300.0], [69641.0, 6600.0], [69641.5, 8580.0], [69645.0, 10.0], [69645.5, 8590.0]]}}}
{"jsonrpc": "2.0", "method": "subscription", "params": {"channel": "book.BTC-PERPETUAL.none.20.100ms", "data": {"timestamp": 1773226730157, "change_id": 144957301449, "instrument_name": "BTC-PERPETUAL", "bids": [[69618.5, 94200.0], [69617.5, 490.0], [69616.5, 2290.0], [69616.0, 5490.0], [69615.5, 1490.0], [69615.0, 700.0], [69614.0, 54030.0], [69613.5, 1120.0], [69613.0, 5490.0], [69612.5, 81580.0], [69612.0, 36950.0], [69611.5, 10000.0], [69608.5, 4480.0], [69608.0, 15000.0], [69606.5, 14160.0], [69606.0, 8810.0], [69605.5, 13990.0], [69605.0, 22300.0], [69604.5, 24050.0], [69604.0, 8820.0]], "asks": [[69619.0, 1740.0], [69621.5, 920.0], [69626.5, 4780.0], [69627.0, 5500.0], [69627.5, 12580.0], [69631.5, 1640.0], [69632.0, 5500.0], [69632.5, 10880.0], [69633.5, 500.0], [69634.5, 500.0], [69635.0, 620.0], [69636.0, 34820.0], [69636.5, 30560.0], [69637.5, 13000.0], [69638.0, 8590.0], [69638.5, 75020.0], [69639.0, 16030.0], [69639.5, 9300.0], [69641.5, 8580.0], [69645.0, 10.0]]}}}
{"jsonrpc": "2.0", "method": "subscription", "params": {"channel": "book.BTC-PERPETUAL.none.20.100ms", "data": {"timestamp": 1773226730479, "change_id": 144957302068, "instrument_name": "BTC-PERPETUAL", "bids": [[69618.5, 113650.0], [69616.5, 490.0], [69615.5, 1490.0], [69615.0, 700.0], [69614.5, 17570.0], [69614.0, 54030.0], [69613.5, 1120.0], [69612.5, 74990.0], [69612.0, 36950.0], [69611.5, 10000.0], [69608.5, 4480.0], [69608.0, 15000.0], [69606.5, 14160.0], [69606.0, 8810.0], [69605.5, 13990.0], [69605.0, 22300.0], [69604.5, 24050.0], [69604.0, 8820.0], [69602.5, 10.0], [69602.0, 3090.0]], "asks": [[69619.0, 1740.0], [69621.5, 920.0], [69626.5, 4780.0], [69627.5, 12580.0], [69630.5, 3280.0], [69631.0, 5500.0], [69632.0, 5500.0], [69632.5, 10880.0], [69633.5, 500.0], [69634.5, 500.0], [69635.0, 620.0], [69636.0, 34820.0], [69636.5, 30560.0], [69637.5, 13000.0], [69638.0, 8590.0], [69638.5, 75020.0], [69639.0, 9430.0], [69639.5, 9300.0], [69641.0, 6600.0], [69641.5, 8580.0]]}}}
{"jsonrpc": "2.0", "method": "subscription", "params": {"channel": "book.BTC-PERPETUAL.none.20.100ms", "data": {"timestamp": 1773226730817, "change_id": 144957302319, "instrument_name": "BTC-PERPETUAL", "bids": [[69618.5, 117690.0], [69617.0, 500.0], [69616.5, 2440.0], [69615.5, 1490.0], [69615.0, 6190.0], [69614.5, 19580.0], [69614.0, 46530.0], [69613.5, 1120.0], [69612.5, 74990.0], [69612.0, 36950.0], [69611.5, 10000.0], [69608.5, 4480.0], [69608.0, 15000.0], [69606.5, 14160.0], [69606.0, 8810.0], [69605.5, 13990.0], [69605.0, 30.0], [69604.5, 24050.0], [69604.0, 8820.0], [69602.5, 10.0]], "asks": [[69619.0, 1740.0], [69621.5, 920.0], [69626.5, 4780.0], [69627.0, 5500.0], [69627.5, 12580.0], [69630.0, 1640.0], [69630.5, 5500.0], [69632.5, 10880.0], [69633.5, 500.0], [69634.5, 500.0], [69635.0, 620.0], [69636.0, 34820.0], [69636.5, 30560.0], [69638.0, 83610.0], [69638.5, 13000.0], [69639.0, 9430.0], [69639.5, 9300.0], [69641.0, 6600.0], [69641.5, 8580.0], [69645.0, 10.0]]}}}
{"jsonrpc": "2.0", "method": "subscription", "params": {"channel": "book.BTC-PERPETUAL.none.20.100ms", "data": {"timestamp": 1773226731142, "change_id": 144957302635, "instrument_name": "BTC-PERPETUAL", "bids": [[69618.5, 117690.0], [69617.5, 500.0], [69615.5, 1490.0], [69615.0, 700.0], [69614.5, 5490.0], [69614.0, 41040.0], [69613.5, 1120.0], [69613.0, 25070.0], [69612.5, 74990.0], [69612.0, 36950.0], [69611.5, 10000.0], [69608.5, 4480.0], [69608.0, 15000.0], [69606.5, 14160.0], [69606.0, 8810.0], [69605.5, 13990.0], [69605.0, 30.0], [69604.5, 24050.0], [69604.0, 8820.0], [69602.5, 10.0]], "asks": [[69619.0, 1740.0], [69621.5, 920.0], [69626.5, 4780.0], [69627.0, 5500.0], [69627.5, 12580.0], [69630.0, 1640.0], [69630.5, 5500.0], [69632.5, 10880.0], [69634.5, 500.0], [69635.0, 620.0], [69636.0, 34820.0], [69636.5, 30560.0], [69637.5, 13000.0], [69638.0, 83610.0], [69639.0, 16030.0], [69639.5, 9300.0], [69641.5, 8580.0], [69645.0, 10.0], [69645.5, 33590.0], [69646.0, 500.0]]}}}
{"jsonrpc": "2.0", "method": "subscription", "params": {"channel": "book.BTC-PERPETUAL.none.20.100ms", "data": {"timestamp": 1773226731476, "change_id": 144957303489, "instrument_name": "BTC-PERPETUAL", "bids": [[69618.5, 81350.0], [69616.0, 54520.0], [69615.5, 1490.0], [69615.0, 700.0], [69614.0, 26400.0], [69613.5, 76110.0], [69613.0, 2000.0], [69611.5, 10000.0], [69609.0, 8650.0], [69608.5, 13990.0], [69608.0, 15000.0], [69606.5, 8610.0], [69606.0, 8810.0], [69605.0, 30.0], [69604.5, 24050.0], [69604.0, 8820.0], [69602.5, 10.0], [69602.0, 3090.0], [69601.0, 2760.0], [69599.0, 2740.0]], "asks": [[69619.0, 1740.0], [69621.5, 920.0], [69627.5, 10500.0], [69630.5, 3430.0], [69631.5, 500.0], [69632.0, 11000.0], [69632.5, 18110.0], [69634.5, 500.0], [69635.5, 30000.0], [69636.0, 34820.0], [69636.5, 30560.0], [69638.0, 8590.0], [69639.0, 84450.0], [69639.5, 12200.0], [69641.0, 13620.0], [69641.5, 8580.0], [69644.0, 4870.0], [69644.5, 6600.0], [69645.0, 10.0], [69645.5, 8590.0]]}}}
{"jsonrpc": "2.0", "method": "subscription", "params": {"channel": "book.BTC-PERPETUAL.none.20.100ms", "data": {"timestamp": 1773226731805, "change_id": 144957303753, "instrument_name": "BTC-PERPETUAL", "bids": [[69618.5, 67650.0], [69617.0, 5980.0], [69616.5, 12990.0], [69616.0, 43540.0], [69615.5, 6980.0], [69615.0, 700.0], [69614.0, 26400.0], [69613.5, 1120.0], [69613.0, 2000.0], [69612.0, 74990.0], [69611.5, 10000.0], [69609.0, 8650.0], [69608.5, 13990.0], [69608.0, 15000.0], [69606.5, 8610.0], [69606.0, 8810.0], [69605.0, 30.0], [69604.5, 24050.0], [69604.0, 8820.0], [69602.5, 10.0]], "asks": [[69619.0, 1740.0], [69621.5, 920.0], [69627.5, 10500.0], [69629.0, 3430.0], [69629.5, 5500.0], [69631.0, 5500.0], [69631.5, 500.0], [69632.5, 10880.0], [69635.5, 500.0], [69636.0, 30000.0], [69636.5, 30560.0], [69638.0, 43410.0], [69638.5, 75020.0], [69639.0, 9430.0], [69639.5, 12200.0], [69641.0, 13620.0], [69641.5, 8580.0], [69644.0, 4690.0], [69644.5, 6600.0], [69645.0, 10.0]]}}}
{"jsonrpc": "2.0", "method": "subscription", "params": {"channel": "book.BTC-PERPETUAL.none.20.100ms", "data": {"timestamp": 1773226732137, "change_id": 144957304075, "instrument_name": "BTC-PERPETUAL", "bids": [[69618.5, 50800.0], [69617.5, 490.0], [69617.0, 5490.0], [69616.5, 18480.0], [69616.0, 43540.0], [69615.5, 1490.0], [69615.0, 700.0], [69614.0, 26400.0], [69613.5, 1120.0], [69613.0, 2000.0], [69612.0, 74990.0], [69611.5, 10000.0], [69609.0, 8650.0], [69608.5, 13990.0], [69608.0, 15000.0], [69607.0, 15260.0], [69606.5, 22270.0], [69606.0, 8810.0], [69605.0, 30.0], [69604.5, 24050.0]], "asks": [[69619.0, 1740.0], [69621.5, 920.0], [69627.5, 10500.0], [69629.0, 3200.0], [69630.5, 5500.0], [69631.0, 5500.0], [69631.5, 500.0], [69636.0, 500.0], [69636.5, 30560.0], [69638.0, 43400.0], [69638.5, 75020.0], [69639.0, 9430.0], [69639.5, 12200.0], [69641.0, 13620.0], [69641.5, 8580.0], [69644.0, 4690.0], [69644.5, 6600.0], [69645.0, 10.0], [69645.5, 8590.0], [69646.0, 500.0]]}}}
{"jsonrpc": "2.0", "method": "subscription", "params": {"channel": "book.BTC-PERPETUAL.none.20.100ms", "data": {"timestamp": 1773226732469, "change_id": 144957304868, "instrument_name": "BTC-PERPETUAL", "bids": [[69618.5, 70000.0], [69617.5, 490.0], [69617.0, 25430.0], [69616.5, 23970.0], [69616.0, 36950.0], [69615.5, 1490.0], [69615.0, 26680.0], [69614.0, 700.0], [69613.5, 1120.0], [69613.0, 2000.0], [69612.0, 74990.0], [69611.5, 10000.0], [69609.0, 8650.0], [69608.5, 13990.0], [69608.0, 15000.0], [69607.0, 15260.0], [69606.5, 22270.0], [69606.0, 8810.0], [69605.0, 30.0], [69604.5, 24050.0]], "asks": [[69619.0, 1740.0], [69621.5, 920.0], [69627.5, 10500.0], [69629.0, 3430.0], [69629.5, 5500.0], [69631.0, 5500.0], [69631.5, 500.0], [69636.0, 500.0], [69636.5, 1000.0], [69637.0, 30000.0], [69637.5, 37710.0], [69638.0, 43400.0], [69638.5, 75020.0], [69639.0, 9430.0], [69639.5, 12200.0], [69640.5, 13000.0], [69641.0, 620.0], [69641.5, 8580.0], [69642.5, 6600.0], [69643.0, 2720.0]]}}}
{"jsonrpc": "2.0", "method": "subscription", "params": {"channel": "book.BTC-PERPETUAL.none.20.100ms", "data": {"timestamp": 1773226732770, "change_id": 144957305002, "instrument_name": "BTC-PERPETUAL", "bids": [[69618.5, 70000.0], [69617.5, 490.0], [69617.0, 25430.0], [69616.5, 23970.0], [69616.0, 36950.0], [69615.5, 1490.0], [69615.0, 26680.0], [69614.0, 700.0], [69613.5, 1120.0], [69613.0, 2000.0], [69612.0, 74990.0], [69611.5, 10000.0], [69609.0, 8650.0], [69608.5, 13990.0], [69608.0, 15000.0], [69607.0, 15260.0], [69606.5, 22270.0], [69606.0, 8810.0], [69605.0, 30.0], [69604.5, 24050.0]], "asks": [[69619.0, 4720.0], [69621.5, 920.0], [69627.5, 10500.0], [69629.0, 3430.0], [69631.0, 11000.0], [69631.5, 500.0], [69636.0, 500.0], [69636.5, 1000.0], [69637.0, 30000.0], [69637.5, 37710.0], [69638.0, 43400.0], [69638.5, 75020.0], [69639.0, 9430.0], [69639.5, 12200.0], [69640.5, 13000.0], [69641.0, 620.0], [69641.5, 8580.0], [69642.5, 6600.0], [69643.0, 2720.0], [69645.0, 10.0]]}}}
{"jsonrpc": "2.0", "method": "subscription", "params": {"channel": "book.BTC-PERPETUAL.none.20.100ms", "data": {"timestamp": 1773226733126, "change_id": 144957305443, "instrument_name": "BTC-PERPETUAL", "bids": [[69618.5, 70000.0], [69617.5, 490.0], [69617.0, 14400.0], [69616.5, 18480.0], [69615.5, 6980.0], [69615.0, 26680.0], [69614.5, 36950.0], [69614.0, 700.0], [69613.5, 1120.0], [69613.0, 2000.0], [69612.0, 74990.0], [69611.5, 10000.0], [69609.0, 8650.0], [69608.5, 13990.0], [69608.0, 15000.0], [69607.0, 15260.0], [69606.5, 22270.0], [69606.0, 8810.0], [69605.0, 30.0], [69604.5, 24050.0]], "asks": [[69619.0, 4720.0], [69621.5, 920.0], [69627.5, 10500.0], [69629.0, 3200.0], [69630.5, 5500.0], [69631.0, 5500.0], [69631.5, 500.0], [69636.0, 500.0], [69636.5, 1000.0], [69637.0, 30000.0], [69637.5, 37710.0], [69638.0, 43400.0], [69638.5, 75020.0], [69639.0, 9430.0], [69639.5, 12200.0], [69640.5, 13000.0], [69641.0, 620.0], [69641.5, 8580.0], [69642.5, 6600.0], [69643.0, 2720.0]]}}}
{"jsonrpc": "2.0", "method": "subscription", "params": {"channel": "book.BTC-PERPETUAL.none.20.100ms", "data": {"timestamp": 1773226733407, "change_id": 144957305887, "instrument_name": "BTC-PERPETUAL", "bids": [[69618.5, 69990.0], [69617.5, 490.0], [69617.0, 7810.0], [69616.5, 12990.0], [69616.0, 12080.0], [69615.5, 6980.0], [69615.0, 26680.0], [69614.5, 36950.0], [69614.0, 700.0], [69613.5, 1120.0], [69613.0, 2000.0], [69612.0, 74990.0], [69611.5, 10000.0], [69609.0, 8650.0], [69608.5, 13990.0], [69608.0, 15000.0], [69607.0, 15260.0], [69606.5, 22270.0], [69606.0, 8810.0], [69605.0, 30.0]], "asks": [[69619.0, 4710.0], [69621.5, 920.0], [69627.5, 10500.0], [69629.0, 3200.0], [69630.5, 5500.0], [69631.0, 5500.0], [69631.5, 500.0], [69636.0, 500.0], [69636.5, 1000.0], [69637.5, 37710.0], [69638.0, 43400.0], [69638.5, 75020.0], [69639.0, 9430.0], [69639.5, 12200.0], [69640.5, 13000.0], [69641.0, 620.0], [69641.5, 8580.0], [69642.5, 6600.0], [69643.0, 2720.0], [69645.0, 10.0]]}}}
{"jsonrpc": "2.0", "method": "subscription", "params": {"channel": "book.BTC-PERPETUAL.none.20.100ms", "data": {"timestamp": 1773226733788, "change_id": 144957306367, "instrument_name": "BTC-PERPETUAL", "bids": [[69618.5, 82980.0], [69617.5, 25150.0], [69617.0, 42440.0], [69616.0, 6590.0], [69615.5, 1490.0], [69615.0, 26680.0], [69614.0, 700.0], [69613.5, 1120.0], [69613.0, 2000.0], [69612.0, 74990.0], [69611.5, 10000.0], [69609.0, 8650.0], [69608.5, 13990.0], [69608.0, 15000.0], [69607.0, 15260.0], [69606.5, 22270.0], [69606.0, 8810.0], [69605.0, 30.0], [69604.5, 24050.0], [69604.0, 8820.0]], "asks": [[69619.0, 4710.0], [69621.5, 920.0], [69627.5, 10500.0], [69629.5, 10.0], [69630.0, 1790.0], [69631.0, 11000.0], [69631.5, 500.0], [69636.0, 500.0], [69636.5, 1000.0], [69637.5, 37710.0], [69638.0, 43400.0], [69638.5, 75020.0], [69639.0, 9430.0], [69639.5, 12200.0], [69641.0, 620.0], [69641.5, 8580.0], [69642.0, 13000.0], [69643.0, 4340.0], [69645.0, 6610.0], [69645.5, 8590.0]]}}}
{"jsonrpc": "2.0", "method": "subscription", "params": {"channel": "book.BTC-PERPETUAL.none.20.100ms", "data": {"timestamp": 1773226734116, "change_id": 144957307162, "instrument_name": "BTC-PERPETUAL", "bids": [[69618.5, 66360.0], [69618.0, 44800.0], [69617.0, 94570.0], [69616.0, 5490.0], [69615.5, 38440.0], [69615.0, 700.0], [69614.0, 4620.0], [69613.5, 1120.0], [69613.0, 2000.0], [69611.5, 10000.0], [69609.0, 8650.0], [69608.5, 13990.0], [69608.0, 15000.0], [69607.0, 15260.0], [69606.5, 22270.0], [69606.0, 8810.0], [69605.0, 30.0], [69604.5, 24050.0], [69604.0, 8820.0], [69602.5, 10.0]], "asks": [[69619.0, 4710.0], [69621.5, 920.0], [69632.0, 3070.0], [69632.5, 14130.0], [69633.5, 10500.0], [69636.0, 4900.0], [69636.5, 9900.0], [69637.0, 500.0], [69639.0, 10.0], [69639.5, 6000.0], [69640.0, 17020.0], [69640.5, 13000.0], [69641.5, 8580.0], [69642.0, 35440.0], [69643.5, 29880.0], [69644.0, 75020.0], [69645.0, 15990.0], [69645.5, 8590.0], [69646.0, 500.0], [69646.5, 7240.0]]}}}
{"jsonrpc": "2.0", "method": "subscription", "params": {"channel": "book.BTC-PERPETUAL.none.20.100ms", "data": {"timestamp": 1773226734439, "change_id": 144957307815, "instrument_name": "BTC-PERPETUAL", "bids": [[69618.5, 95070.0], [69618.0, 44800.0], [69616.0, 74990.0], [69615.5, 38440.0], [69615.0, 700.0], [69614.0, 4620.0], [69613.5, 1120.0], [69613.0, 2000.0], [69611.5, 10000.0], [69609.0, 8650.0], [69608.5, 13990.0], [69608.0, 15000.0], [69607.0, 15260.0], [69606.5, 22270.0], [69606.0, 8810.0], [69605.0, 22300.0], [69604.5, 24050.0], [69604.0, 8820.0], [69602.5, 10.0], [69602.0, 3090.0]], "asks": [[69619.0, 4620.0], [69621.5, 920.0], [69632.0, 3070.0], [69632.5, 14130.0], [69633.5, 10500.0], [69636.0, 13730.0], [69636.5, 9900.0], [69639.0, 510.0], [69639.5, 36000.0], [69640.0, 17020.0], [69641.5, 21580.0], [69642.0, 35440.0], [69644.0, 29880.0], [69644.5, 75020.0], [69645.0, 15990.0], [69645.5, 8590.0], [69646.0, 500.0], [69646.5, 7240.0], [69647.0, 6000.0], [69647.5, 6000.0]]}}}
{"jsonrpc": "2.0", "method": "subscription", "params": {"channel": "book.BTC-PERPETUAL.none.20.100ms", "data": {"timestamp": 1773226734776, "change_id": 144957308340, "instrument_name": "BTC-PERPETUAL", "bids": [[69618.5, 262620.0], [69615.5, 1490.0], [69615.0, 700.0], [69614.0, 8290.0], [69613.5, 1120.0], [69613.0, 2000.0], [69612.0, 13990.0], [69611.5, 10000.0], [69608.5, 4480.0], [69608.0, 15000.0], [69607.0, 21450.0], [69606.5, 27270.0], [69606.0, 8810.0], [69605.0, 22300.0], [69604.5, 24050.0], [69604.0, 8820.0], [69602.5, 10.0], [69602.0, 3090.0], [69601.0, 2760.0], [69599.0, 2740.0]], "asks": [[69619.0, 4620.0], [69621.5, 920.0], [69633.0, 4780.0], [69633.5, 10500.0], [69634.0, 2080.0], [69635.5, 5500.0], [69636.0, 8210.0], [69636.5, 1000.0], [69639.0, 10.0], [69639.5, 6000.0], [69640.0, 17020.0], [69641.0, 30000.0], [69641.5, 9080.0], [69642.0, 35440.0], [69643.5, 11370.0], [69645.0, 9390.0], [69645.5, 8590.0], [69646.0, 13500.0], [69646.5, 7240.0], [69647.0, 6000.0]]}}}
{"jsonrpc": "2.0", "method": "subscription", "params": {"channel": "book.BTC-PERPETUAL.none.20.100ms", "data": {"timestamp": 1773226735108, "change_id": 144957309098, "instrument_name": "BTC-PERPETUAL", "bids": [[69621.0, 117380.0], [69620.0, 64400.0], [69619.5, 74990.0], [69619.0, 19200.0], [69618.5, 108080.0], [69616.5, 1160.0], [69616.0, 1700.0], [69615.5, 1490.0], [69615.0, 700.0], [69614.0, 8290.0], [69613.5, 1120.0], [69612.0, 13990.0], [69611.5, 10000.0], [69608.5, 4480.0], [69608.0, 15000.0], [69607.0, 21450.0], [69606.5, 27270.0], [69606.0, 8810.0], [69605.0, 22300.0], [69604.5, 24050.0]], "asks": [[69621.5, 450.0], [69633.0, 7040.0], [69633.5, 10500.0], [69634.0, 2080.0], [69635.5, 11000.0], [69636.0, 1790.0], [69639.0, 10.0], [69639.5, 6000.0], [69640.0, 13370.0], [69640.5, 1000.0], [69641.0, 1000.0], [69641.5, 8580.0], [69642.0, 35440.0], [69643.5, 11370.0], [69644.5, 13000.0], [69645.0, 9390.0], [69645.5, 8590.0], [69646.5, 7240.0], [69647.0, 6000.0], [69647.5, 6000.0]]}}}
{"jsonrpc": "2.0", "method": "subscription", "params": {"channel": "book.BTC-PERPETUAL.none.20.100ms", "data": {"timestamp": 1773226735437, "change_id": 144957309927, "instrument_name": "BTC-PERPETUAL", "bids": [[69621.0, 140090.0], [69620.5, 32830.0], [69620.0, 74990.0], [69619.5, 36950.0], [69618.5, 3000.0], [69617.5, 1160.0], [69616.0, 1700.0], [69615.5, 1490.0], [69615.0, 8400.0], [69614.0, 700.0], [69613.5, 1120.0], [69612.0, 13990.0], [69611.5, 10000.0], [69608.5, 4480.0], [69608.0, 15000.0], [69607.0, 21450.0], [69606.5, 27270.0], [69606.0, 8810.0], [69605.0, 30.0], [69604.5, 24050.0]], "asks": [[69621.5, 450.0], [69633.5, 12580.0], [69635.5, 5500.0], [69638.5, 3440.0], [69639.0, 5510.0], [69639.5, 6000.0], [69640.5, 1000.0], [69641.0, 20350.0], [69641.5, 30000.0], [69642.0, 34820.0], [69643.5, 30190.0], [69644.5, 13000.0], [69645.0, 9390.0], [69645.5, 8590.0], [69646.0, 75020.0], [69646.5, 7240.0], [69647.0, 12600.0], [69647.5, 6000.0], [69648.5, 6000.0], [69649.0, 6220.0]]}}}
{"jsonrpc": "2.0", "method": "subscription", "params": {"channel": "book.BTC-PERPETUAL.none.20.100ms", "data": {"timestamp": 1773226735769, "change_id": 144957310252, "instrument_name": "BTC-PERPETUAL", "bids": [[69621.0, 109530.0], [69620.5, 31150.0], [69619.5, 74990.0], [69619.0, 30560.0], [69618.5, 15190.0], [69618.0, 36950.0], [69616.0, 1700.0], [69615.5, 1490.0], [69615.0, 8400.0], [69614.0, 700.0], [69613.5, 1120.0], [69612.0, 13990.0], [69611.5, 10000.0], [69610.5, 11130.0], [69610.0, 22270.0], [69608.0, 15000.0], [69607.0, 21450.0], [69606.5, 27270.0], [69606.0, 8810.0], [69605.0, 30.0]], "asks": [[69621.5, 870.0], [69631.5, 2080.0], [69633.0, 11000.0], [69633.5, 10500.0], [69637.5, 1790.0], [69639.0, 10.0], [69639.5, 6000.0], [69640.0, 500.0], [69640.5, 1000.0], [69641.0, 10890.0], [69642.0, 34820.0], [69643.5, 30190.0], [69644.5, 13000.0], [69645.0, 85030.0], [69645.5, 8590.0], [69646.0, 6600.0], [69646.5, 7240.0], [69647.0, 6000.0], [69647.5, 6000.0], [69648.5, 6000.0]]}}}
{"jsonrpc": "2.0", "method": "subscription", "params": {"channel": "book.BTC-PERPETUAL.none.20.100ms", "data": {"timestamp": 1773226736100, "change_id": 144957310712, "instrument_name": "BTC-PERPETUAL", "bids": [[69621.0, 109430.0], [69620.5, 31150.0], [69619.5, 80480.0], [69619.0, 25070.0], [69618.5, 15520.0], [69616.5, 38790.0], [69616.0, 1700.0], [69615.5, 1490.0], [69615.0, 4230.0], [69614.0, 700.0], [69611.5, 10000.0], [69610.5, 25120.0], [69610.0, 22270.0], [69608.0, 15000.0], [69607.0, 21450.0], [69606.5, 27270.0], [69606.0, 8810.0], [69605.0, 30.0], [69604.5, 24050.0], [69604.0, 8820.0]], "asks": [[69621.5, 870.0], [69631.5, 2080.0], [69633.0, 11000.0], [69633.5, 10500.0], [69637.5, 1790.0], [69639.0, 10.0], [69639.5, 6000.0], [69640.0, 500.0], [69640.5, 1000.0], [69641.0, 22400.0], [69641.5, 30000.0], [69642.0, 34820.0], [69642.5, 13000.0], [69643.5, 30190.0], [69645.0, 85030.0], [69645.5, 8590.0], [69646.0, 6600.0], [69646.5, 7240.0], [69647.0, 6000.0], [69647.5, 6000.0]]}}}
{"jsonrpc": "2.0", "method": "subscription", "params": {"channel": "book.BTC-PERPETUAL.none.20.100ms", "data": {"timestamp": 1773226736430, "change_id": 144957311199, "instrument_name": "BTC-PERPETUAL", "bids": [[69621.0, 159440.0], [69618.5, 44660.0], [69617.0, 105550.0], [69616.5, 38790.0], [69616.0, 1700.0], [69615.5, 1490.0], [69615.0, 4230.0], [69614.0, 700.0], [69611.5, 10000.0], [69610.5, 11130.0], [69610.0, 22270.0], [69608.5, 13990.0], [69608.0, 15000.0], [69607.0, 15260.0], [69606.5, 22270.0], [69606.0, 8810.0], [69605.0, 30.0], [69604.5, 24050.0], [69604.0, 8820.0], [69602.5, 10.0]], "asks": [[69621.5, 870.0], [69630.5, 2260.0], [69631.0, 5500.0], [69631.5, 2080.0], [69632.5, 4780.0], [69633.0, 5500.0], [69633.5, 10500.0], [69637.5, 1790.0], [69639.0, 510.0], [69639.5, 6000.0], [69640.0, 4330.0], [69640.5, 14000.0], [69641.0, 500.0], [69643.0, 6600.0], [69643.5, 28950.0], [69644.5, 75020.0], [69645.0, 10010.0], [69645.5, 8590.0], [69646.0, 34820.0], [69646.5, 7240.0]]}}}
{"jsonrpc": "2.0", "method": "subscription", "params": {"channel": "book.BTC-PERPETUAL.none.20.100ms", "data": {"timestamp": 1773226736761, "change_id": 144957311627, "instrument_name": "BTC-PERPETUAL", "bids": [[69621.0, 159280.0], [69618.5, 44660.0], [69617.5, 74990.0], [69617.0, 25070.0], [69616.5, 7330.0], [69616.0, 1700.0], [69615.5, 38440.0], [69615.0, 4230.0], [69614.0, 700.0], [69611.5, 10000.0], [69610.5, 11130.0], [69610.0, 22270.0], [69608.5, 13990.0], [69608.0, 15000.0], [69607.0, 15260.0], [69606.5, 22270.0], [69606.0, 8810.0], [69605.0, 30.0], [69604.5, 24050.0], [69604.0, 8820.0]], "asks": [[69621.5, 870.0], [69631.0, 11000.0], [69631.5, 2080.0], [69633.0, 3130.0], [69633.5, 10500.0], [69637.5, 1790.0], [69639.0, 510.0], [69639.5, 6000.0], [69640.0, 8400.0], [69640.5, 14000.0], [69641.0, 500.0], [69642.0, 8910.0], [69643.0, 6600.0], [69643.5, 28950.0], [69644.5, 75020.0], [69645.0, 10010.0], [69645.5, 8590.0], [69646.0, 34820.0], [69646.5, 7240.0], [69647.0, 6000.0]]}}}
{"jsonrpc": "2.0", "method": "subscription", "params": {"channel": "book.BTC-PERPETUAL.none.20.100ms", "data": {"timestamp": 1773226737092, "change_id": 144957312048, "instrument_name": "BTC-PERPETUAL", "bids": [[69621.0, 159280.0], [69618.5, 44660.0], [69618.0, 5490.0], [69617.5, 74990.0], [69617.0, 12990.0], [69616.5, 1840.0], [69616.0, 13780.0], [69615.5, 1490.0], [69615.0, 14470.0], [69614.5, 36950.0], [69614.0, 700.0], [69611.5, 10000.0], [69610.5, 11130.0], [69610.0, 22270.0], [69608.5, 13990.0], [69608.0, 15000.0], [69607.0, 15260.0], [69606.5, 22270.0], [69606.0, 8810.0], [69605.0, 30.0]], "asks": [[69621.5, 870.0], [69631.0, 5500.0], [69631.5, 2080.0], [69632.5, 5500.0], [69633.0, 3130.0], [69633.5, 10500.0], [69637.5, 5590.0], [69639.0, 13510.0], [69639.5, 6000.0], [69640.0, 4330.0], [69640.5, 1000.0], [69641.0, 500.0], [69642.0, 8910.0], [69643.0, 6600.0], [69643.5, 28950.0], [69644.5, 75020.0], [69645.0, 10010.0], [69645.5, 8590.0], [69646.0, 34820.0], [69646.5, 7240.0]]}}}
{"jsonrpc": "2.0", "method": "subscription", "params": {"channel": "book.BTC-PERPETUAL.none.20.100ms", "data": {"timestamp": 1773226737408, "change_id": 144957312488, "instrument_name": "BTC-PERPETUAL", "bids": [[69621.0, 159280.0], [69618.5, 44660.0], [69618.0, 5490.0], [69617.5, 74990.0], [69617.0, 13910.0], [69616.5, 1840.0], [69616.0, 13780.0], [69615.5, 1490.0], [69615.0, 14470.0], [69614.5, 36950.0], [69611.5, 10000.0], [69610.5, 11130.0], [69610.0, 22270.0], [69608.5, 13990.0], [69608.0, 15000.0], [69607.0, 15260.0], [69606.5, 22270.0], [69606.0, 8810.0], [69605.0, 30.0], [69604.5, 24050.0]], "asks": [[69621.5, 870.0], [69631.0, 11000.0], [69631.5, 2080.0], [69633.0, 3130.0], [69633.5, 10500.0], [69637.5, 5590.0], [69639.0, 13510.0], [69639.5, 6000.0], [69640.0, 4330.0], [69640.5, 1000.0], [69641.0, 500.0], [69642.0, 8910.0], [69643.0, 6600.0], [69643.5, 28950.0], [69644.5, 75020.0], [69645.0, 10010.0], [69645.5, 8590.0], [69646.0, 34820.0], [69646.5, 7240.0], [69647.0, 6000.0]]}}}
{"jsonrpc": "2.0", "method": "subscription", "params": {"channel": "book.BTC-PERPETUAL.none.20.100ms", "data": {"timestamp": 1773226737749, "change_id": 144957312879, "instrument_name": "BTC-PERPETUAL", "bids": [[69621.0, 159280.0], [69618.5, 36490.0], [69618.0, 80480.0], [69617.0, 13910.0], [69616.5, 1840.0], [69616.0, 13780.0], [69615.5, 1490.0], [69615.0, 14470.0], [69614.5, 36950.0], [69611.5, 10000.0], [69610.5, 11130.0], [69610.0, 22270.0], [69608.5, 13990.0], [69608.0, 15000.0], [69607.0, 15260.0], [69606.5, 22270.0], [69606.0, 8810.0], [69605.0, 30.0], [69604.5, 24050.0], [69604.0, 8820.0]], "asks": [[69621.5, 870.0], [69629.5, 2080.0], [69631.0, 11000.0], [69633.0, 3130.0], [69633.5, 10500.0], [69637.5, 1790.0], [69639.0, 10.0], [69639.5, 15610.0], [69640.0, 13000.0], [69640.5, 1000.0], [69641.0, 500.0], [69642.0, 8910.0], [69643.0, 6600.0], [69643.5, 28950.0], [69644.5, 75020.0], [69645.0, 10010.0], [69645.5, 8590.0], [69646.0, 34820.0], [69646.5, 7240.0], [69647.0, 6000.0]]}}}
{"jsonrpc": "2.0", "method": "subscription", "params": {"channel": "book.BTC-PERPETUAL.none.20.100ms", "data": {"timestamp": 1773226738084, "change_id": 144957313320, "instrument_name": "BTC-PERPETUAL", "bids": [[69621.0, 159280.0], [69618.5, 47520.0], [69618.0, 80480.0], [69617.5, 18480.0], [69617.0, 920.0], [69616.5, 38790.0], [69616.0, 8290.0], [69615.5, 1490.0], [69615.0, 4230.0], [69611.5, 10000.0], [69610.5, 11130.0], [69610.0, 22270.0], [69608.5, 13990.0], [69608.0, 15000.0], [69607.0, 15260.0], [69606.5, 22270.0], [69606.0, 8810.0], [69605.0, 30.0], [69604.5, 24050.0], [69604.0, 8820.0]], "asks": [[69621.5, 870.0], [69629.5, 2080.0], [69631.5, 3070.0], [69632.5, 11000.0], [69633.0, 3130.0], [69633.5, 10500.0], [69637.5, 1790.0], [69639.0, 10.0], [69639.5, 15110.0], [69640.0, 13500.0], [69640.5, 1000.0], [69641.0, 500.0], [69642.0, 8910.0], [69643.5, 28950.0], [69644.5, 6600.0], [69645.0, 85030.0], [69645.5, 8590.0], [69646.0, 34820.0], [69646.5, 7240.0], [69647.0, 6000.0]]}}}
{"jsonrpc": "2.0", "method": "subscription", "params": {"channel": "book.BTC-PERPETUAL.none.20.100ms", "data": {"timestamp": 1773226738408, "change_id": 144957313809, "instrument_name": "BTC-PERPETUAL", "bids": [[69621.0, 159280.0], [69619.0, 23280.0], [69618.5, 77990.0], [69618.0, 25990.0], [69617.5, 12990.0], [69617.0, 6410.0], [69616.5, 1840.0], [69616.0, 8290.0], [69615.5, 38440.0], [69615.0, 4230.0], [69611.5, 10000.0], [69610.5, 11130.0], [69610.0, 22270.0], [69608.5, 13990.0], [69608.0, 15000.0], [69607.0, 15260.0], [69606.5, 22270.0], [69606.0, 8810.0], [69605.0, 30.0], [69604.5, 24050.0]], "asks": [[69621.5, 870.0], [69629.5, 2080.0], [69631.0, 11000.0], [69633.0, 3130.0], [69633.5, 10500.0], [69637.5, 1790.0], [69639.0, 10.0], [69639.5, 15110.0], [69640.0, 13500.0], [69640.5, 1000.0], [69641.0, 500.0], [69642.0, 8910.0], [69643.5, 28950.0], [69644.5, 81620.0], [69645.0, 10010.0], [69645.5, 8590.0], [69646.0, 34820.0], [69646.5, 7240.0], [69647.0, 6000.0], [69647.5, 6000.0]]}}}
{"jsonrpc": "2.0", "method": "subscription", "params": {"channel": "book.BTC-PERPETUAL.none.20.100ms", "data": {"timestamp": 1773226738730, "change_id": 144957314166, "instrument_name": "BTC-PERPETUAL", "bids": [[69621.0, 159060.0], [69620.0, 23280.0], [69618.5, 77990.0], [69618.0, 25990.0], [69617.5, 14990.0], [69617.0, 920.0], [69616.5, 7330.0], [69616.0, 8290.0], [69615.5, 38440.0], [69615.0, 3530.0], [69611.5, 10000.0], [69610.5, 11130.0], [69610.0, 22270.0], [69608.5, 13990.0], [69608.0, 15000.0], [69607.0, 15260.0], [69606.5, 22270.0], [69606.0, 8810.0], [69605.0, 30.0], [69604.5, 24050.0]], "asks": [[69621.5, 870.0], [69629.5, 2080.0], [69632.0, 5500.0], [69632.5, 5500.0], [69633.0, 3130.0], [69633.5, 10500.0], [69637.5, 1790.0], [69639.0, 510.0], [69639.5, 15110.0], [69640.0, 13000.0], [69640.5, 1000.0], [69641.0, 500.0], [69642.0, 8910.0], [69643.5, 28950.0], [69644.5, 81620.0], [69645.0, 10010.0], [69645.5, 8590.0], [69646.0, 34820.0], [69646.5, 7240.0], [69647.0, 6000.0]]}}}
{"jsonrpc": "2.0", "method": "subscription", "params": {"channel": "book.BTC-PERPETUAL.none.20.100ms", "data": {"timestamp": 1773226739063, "change_id": 144957314559, "instrument_name": "BTC-PERPETUAL", "bids": [[69621.0, 159060.0], [69620.0, 23280.0], [69618.5, 77990.0], [69618.0, 20500.0], [69617.5, 20480.0], [69617.0, 920.0], [69616.5, 7330.0], [69616.0, 8290.0], [69615.5, 38440.0], [69615.0, 3530.0], [69611.5, 10000.0], [69610.5, 11130.0], [69610.0, 22270.0], [69608.5, 13990.0], [69608.0, 15000.0], [69607.0, 15260.0], [69606.5, 22270.0], [69606.0, 8810.0], [69605.0, 30.0], [69604.5, 24050.0]], "asks": [[69621.5, 870.0], [69629.5, 2080.0], [69632.0, 5500.0], [69632.5, 5500.0], [69633.0, 3130.0], [69633.5, 10500.0], [69637.5, 1790.0], [69639.0, 510.0], [69639.5, 15110.0], [69640.5, 1000.0], [69641.0, 500.0], [69641.5, 13000.0], [69642.0, 8910.0], [69643.5, 28950.0], [69644.5, 81620.0], [69645.0, 10010.0], [69645.5, 8590.0], [69646.0, 34820.0], [69646.5, 7240.0], [69647.0, 6000.0]]}}}
{"jsonrpc": "2.0", "method": "subscription", "params": {"channel": "book.BTC-PERPETUAL.none.20.100ms", "data": {"timestamp": 1773226739396, "change_id": 144957314974, "instrument_name": "BTC-PERPETUAL", "bids": [[69621.0, 159060.0], [69618.5, 47910.0], [69618.0, 74990.0], [69617.5, 20480.0], [69617.0, 920.0], [69616.5, 7330.0], [69616.0, 8290.0], [69615.5, 38440.0], [69615.0, 3530.0], [69611.5, 10000.0], [69610.5, 11130.0], [69610.0, 22270.0], [69608.5, 13990.0], [69608.0, 15000.0], [69607.0, 15260.0], [69606.5, 22270.0], [69606.0, 8810.0], [69605.0, 30.0], [69604.5, 24050.0], [69604.0, 8820.0]], "asks": [[69621.5, 870.0], [69629.5, 2080.0], [69632.0, 5500.0], [69632.5, 5500.0], [69633.0, 3130.0], [69633.5, 10500.0], [69637.5, 1790.0], [69639.0, 510.0], [69639.5, 15110.0], [69640.5, 1000.0], [69641.0, 500.0], [69641.5, 13000.0], [69642.0, 8910.0], [69643.5, 28950.0], [69644.5, 81620.0], [69645.0, 10010.0], [69645.5, 8590.0], [69646.0, 34820.0], [69646.5, 7240.0], [69647.0, 6000.0]]}}}
{"jsonrpc": "2.0", "method": "subscription", "params": {"channel": "book.BTC-PERPETUAL.none.20.100ms", "data": {"timestamp": 1773226739730, "change_id": 144957315388, "instrument_name": "BTC-PERPETUAL", "bids": [[69621.0, 159060.0], [69618.5, 47910.0], [69618.0, 87070.0], [69617.5, 20480.0], [69617.0, 920.0], [69616.5, 1840.0], [69616.0, 1700.0], [69615.5, 38440.0], [69615.0, 3530.0], [69611.5, 10000.0], [69610.5, 11130.0], [69608.5, 13990.0], [69608.0, 15000.0], [69607.0, 8610.0], [69606.0, 8810.0], [69605.0, 30.0], [69604.5, 24050.0], [69604.0, 8820.0], [69602.5, 10.0], [69602.0, 3090.0]], "asks": [[69621.5, 2860.0], [69629.5, 2080.0], [69631.5, 3280.0], [69632.0, 5500.0], [69632.5, 5500.0], [69633.0, 3130.0], [69633.5, 10500.0], [69637.5, 1790.0], [69639.0, 510.0], [69639.5, 15110.0], [69640.5, 1000.0], [69641.0, 500.0], [69641.5, 13000.0], [69642.0, 8910.0], [69643.5, 28950.0], [69644.5, 81620.0], [69645.0, 10010.0], [69645.5, 8590.0], [69646.0, 34820.0], [69646.5, 7240.0]]}}}
{"jsonrpc": "2.0", "method": "subscription", "params": {"channel": "book.BTC-PERPETUAL.none.20.100ms", "data": {"timestamp": 1773226740028, "change_id": 144957315787, "instrument_name": "BTC-PERPETUAL", "bids": [[69621.0, 159050.0], [69619.5, 32040.0], [69619.0, 12990.0], [69618.5, 96520.0], [69618.0, 7690.0], [69617.5, 7490.0], [69617.0, 920.0], [69616.5, 38790.0], [69616.0, 1700.0], [69615.0, 3530.0], [69611.5, 10000.0], [69611.0, 21950.0], [69610.5, 22270.0], [69608.5, 36260.0], [69608.0, 15000.0], [69607.0, 8610.0], [69606.0, 8810.0], [69605.0, 30.0], [69604.5, 24050.0], [69604.0, 8820.0]], "asks": [[69621.5, 2860.0], [69629.5, 2080.0], [69631.5, 3280.0], [69632.0, 5500.0], [69632.5, 5500.0], [69633.0, 3130.0], [69633.5, 10500.0], [69637.5, 1790.0], [69639.0, 510.0], [69639.5, 15110.0], [69640.5, 1000.0], [69641.0, 500.0], [69641.5, 13000.0], [69642.0, 8910.0], [69643.5, 28950.0], [69644.5, 81620.0], [69645.0, 10010.0], [69645.5, 8590.0], [69646.0, 34820.0], [69646.5, 7240.0]]}}}
{"jsonrpc": "2.0", "method": "subscription", "params": {"channel": "book.BTC-PERPETUAL.none.20.100ms", "data": {"timestamp": 1773226740399, "change_id": 144957316241, "instrument_name": "BTC-PERPETUAL", "bids": [[69621.0, 159050.0], [69619.5, 28190.0], [69619.0, 23970.0], [69618.5, 96520.0], [69618.0, 7690.0], [69617.5, 2000.0], [69617.0, 920.0], [69616.5, 38790.0], [69616.0, 1700.0], [69615.0, 3530.0], [69611.5, 10000.0], [69611.0, 21950.0], [69610.5, 22270.0], [69608.5, 36260.0], [69608.0, 15000.0], [69607.0, 8610.0], [69606.0, 8810.0], [69605.0, 30.0], [69604.5, 24050.0], [69604.0, 8820.0]], "asks": [[69621.5, 2860.0], [69629.5, 2080.0], [69632.0, 5500.0], [69632.5, 4780.0], [69633.5, 10500.0], [69637.0, 5500.0], [69637.5, 1790.0], [69639.0, 510.0], [69639.5, 15110.0], [69640.5, 1000.0], [69641.0, 500.0], [69642.0, 8910.0], [69643.0, 13000.0], [69643.5, 28950.0], [69644.5, 81620.0], [69645.0, 10010.0], [69645.5, 8590.0], [69646.0, 34820.0], [69646.5, 7240.0], [69647.0, 6000.0]]}}}
{"jsonrpc": "2.0", "method": "subscription", "params": {"channel": "book.BTC-PERPETUAL.none.20.100ms", "data": {"timestamp": 1773226740702, "change_id": 144957316699, "instrument_name": "BTC-PERPETUAL", "bids": [[69621.0, 301550.0], [69618.5, 9140.0], [69618.0, 1100.0], [69617.5, 2000.0], [69617.0, 920.0], [69616.5, 1840.0], [69616.0, 1700.0], [69615.5, 13990.0], [69615.0, 3530.0], [69611.5, 10000.0], [69611.0, 21950.0], [69610.5, 22270.0], [69608.5, 22270.0], [69608.0, 15000.0], [69607.0, 8610.0], [69606.0, 8810.0], [69605.0, 30.0], [69604.5, 29050.0], [69604.0, 8820.0], [69602.5, 10.0]], "asks": [[69621.5, 2830.0], [69631.5, 2080.0], [69633.5, 10500.0], [69636.5, 3580.0], [69638.0, 5500.0], [69638.5, 5500.0], [69639.0, 10.0], [69639.5, 9260.0], [69640.5, 1000.0], [69641.0, 500.0], [69642.0, 8910.0], [69643.0, 500.0], [69643.5, 15950.0], [69645.0, 10010.0], [69645.5, 8590.0], [69646.0, 34820.0], [69646.5, 10180.0], [69647.0, 19000.0], [69647.5, 6000.0], [69648.5, 6000.0]]}}}
{"jsonrpc": "2.0", "method": "subscription", "params": {"channel": "book.BTC-PERPETUAL.none.20.100ms", "data": {"timestamp": 1773226741050, "change_id": 144957317205, "instrument_name": "BTC-PERPETUAL", "bids": [[69621.0, 177500.0], [69620.5, 34310.0], [69620.0, 87070.0], [69619.0, 36950.0], [69618.5, 3000.0], [69618.0, 3030.0], [69617.5, 2000.0], [69617.0, 920.0], [69616.5, 1840.0], [69616.0, 1700.0], [69612.5, 7160.0], [69612.0, 13990.0], [69611.5, 10000.0], [69611.0, 21950.0], [69610.5, 22270.0], [69608.5, 22270.0], [69608.0, 15000.0], [69607.0, 8610.0], [69606.0, 8810.0], [69605.0, 30.0]], "asks": [[69621.5, 2830.0], [69631.5, 2080.0], [69633.0, 3130.0], [69633.5, 10500.0], [69636.0, 12790.0], [69639.0, 10.0], [69639.5, 9260.0], [69640.5, 1000.0], [69641.0, 500.0], [69641.5, 500.0], [69642.0, 8910.0], [69643.5, 40180.0], [69645.0, 98030.0], [69645.5, 8590.0], [69646.0, 34820.0], [69646.5, 7240.0], [69647.0, 6000.0], [69647.5, 6000.0], [69648.0, 6600.0], [69648.5, 6000.0]]}}}
{"jsonrpc": "2.0", "method": "subscription", "params": {"channel": "book.BTC-PERPETUAL.none.20.100ms", "data": {"timestamp": 1773226741388, "change_id": 144957317648, "instrument_name": "BTC-PERPETUAL", "bids": [[69621.0, 226530.0], [69620.5, 23280.0], [69619.5, 74990.0], [69618.5, 3000.0], [69618.0, 3030.0], [69617.5, 2000.0], [69617.0, 920.0], [69616.5, 1840.0], [69616.0, 1700.0], [69612.5, 7160.0], [69612.0, 13990.0], [69611.5, 10000.0], [69611.0, 21950.0], [69610.5, 22270.0], [69608.5, 22270.0], [69608.0, 15000.0], [69607.0, 8610.0], [69606.0, 8810.0], [69605.0, 30.0], [69604.5, 29050.0]], "asks": [[69621.5, 2830.0], [69631.5, 2080.0], [69633.5, 10500.0], [69636.0, 4670.0], [69639.0, 11010.0], [69639.5, 9260.0], [69640.5, 1000.0], [69641.0, 500.0], [69641.5, 500.0], [69642.0, 8910.0], [69643.5, 40180.0], [69645.0, 10010.0], [69645.5, 83610.0], [69646.0, 47820.0], [69646.5, 7240.0], [69647.0, 6000.0], [69647.5, 6000.0], [69648.5, 6000.0], [69649.0, 6220.0], [69650.5, 6600.0]]}}}
{"jsonrpc": "2.0", "method": "subscription", "params": {"channel": "book.BTC-PERPETUAL.none.20.100ms", "data": {"timestamp": 1773226741705, "change_id": 144957318237, "instrument_name": "BTC-PERPETUAL", "bids": [[69621.0, 251520.0], [69618.5, 3000.0], [69618.0, 3030.0], [69617.5, 2000.0], [69617.0, 920.0], [69616.5, 1840.0], [69616.0, 1700.0], [69614.0, 6780.0], [69613.5, 13990.0], [69611.5, 10000.0], [69611.0, 21950.0], [69610.5, 22270.0], [69608.5, 22270.0], [69608.0, 15000.0], [69607.0, 8610.0], [69606.0, 8810.0], [69605.0, 30.0], [69604.5, 29050.0], [69604.0, 8820.0], [69602.5, 10.0]], "asks": [[69621.5, 2830.0], [69633.5, 10500.0], [69635.0, 2080.0], [69636.0, 3440.0], [69638.5, 5500.0], [69639.0, 5510.0], [69639.5, 6000.0], [69640.5, 1000.0], [69642.0, 500.0], [69643.0, 500.0], [69643.5, 15950.0], [69645.0, 10010.0], [69645.5, 8590.0], [69646.0, 34820.0], [69646.5, 32200.0], [69647.0, 6000.0], [69647.5, 81020.0], [69648.0, 13000.0], [69648.5, 6000.0], [69649.0, 6220.0]]}}}
{"jsonrpc": "2.0", "method": "subscription", "params": {"channel": "book.BTC-PERPETUAL.none.20.100ms", "data": {"timestamp": 1773226742033, "change_id": 144957318656, "instrument_name": "BTC-PERPETUAL", "bids": [[69621.0, 251650.0], [69618.5, 3000.0], [69618.0, 6960.0], [69617.5, 2000.0], [69617.0, 920.0], [69616.5, 15830.0], [69616.0, 1700.0], [69614.0, 2990.0], [69611.5, 10000.0], [69611.0, 21950.0], [69610.5, 22270.0], [69608.5, 22270.0], [69608.0, 15000.0], [69607.0, 8610.0], [69606.0, 8810.0], [69605.0, 30.0], [69604.5, 29050.0], [69604.0, 8820.0], [69602.5, 10.0], [69602.0, 3090.0]], "asks": [[69621.5, 2760.0], [69633.5, 10500.0], [69635.0, 2080.0], [69638.0, 5080.0], [69638.5, 5500.0], [69639.0, 5510.0], [69639.5, 6000.0], [69640.5, 1000.0], [69642.0, 500.0], [69643.0, 500.0], [69643.5, 15950.0], [69645.0, 10010.0], [69645.5, 8590.0], [69646.0, 34820.0], [69646.5, 32200.0], [69647.0, 6000.0], [69647.5, 81020.0], [69648.0, 13000.0], [69648.5, 6000.0], [69649.0, 6220.0]]}}}
{"jsonrpc": "2.0", "method": "subscription", "params": {"channel": "book.BTC-PERPETUAL.none.20.100ms", "data": {"timestamp": 1773226742375, "change_id": 144957319173, "instrument_name": "BTC-PERPETUAL", "bids": [[69621.0, 232420.0], [69618.5, 3000.0], [69618.0, 6960.0], [69617.5, 2000.0], [69617.0, 920.0], [69616.5, 15830.0], [69616.0, 1700.0], [69614.0, 2990.0], [69613.5, 2750.0], [69611.5, 10000.0], [69611.0, 21950.0], [69610.5, 22270.0], [69608.5, 22270.0], [69608.0, 15000.0], [69607.0, 8610.0], [69606.0, 8810.0], [69605.0, 30.0], [69604.5, 29050.0], [69604.0, 8820.0], [69603.5, 25000.0]], "asks": [[69621.5, 2760.0], [69635.0, 2080.0], [69638.0, 7560.0], [69638.5, 5500.0], [69639.0, 16010.0], [69639.5, 6000.0], [69640.5, 1000.0], [69643.5, 15950.0], [69644.0, 500.0], [69645.0, 510.0], [69645.5, 8590.0], [69646.0, 34820.0], [69646.5, 32350.0], [69647.0, 6000.0], [69647.5, 6000.0], [69648.5, 6000.0], [69649.0, 94240.0], [69649.5, 580.0], [69650.5, 4690.0], [69651.0, 6610.0]]}}}
{"jsonrpc": "2.0", "method": "subscription", "params": {"channel": "book.BTC-PERPETUAL.none.20.100ms", "data": {"timestamp": 1773226742693, "change_id": 144957319725, "instrument_name": "BTC-PERPETUAL", "bids": [[69621.0, 232670.0], [69618.5, 3000.0], [69618.0, 3030.0], [69617.5, 2000.0], [69617.0, 920.0], [69616.5, 1840.0], [69616.0, 1700.0], [69615.0, 7980.0], [69613.5, 2750.0], [69612.0, 13990.0], [69611.5, 10000.0], [69611.0, 21950.0], [69610.5, 22270.0], [69608.5, 22270.0], [69608.0, 15000.0], [69607.0, 8610.0], [69606.0, 8810.0], [69605.0, 30.0], [69604.5, 29050.0], [69604.0, 8820.0]], "asks": [[69621.5, 2760.0], [69635.0, 2080.0], [69637.0, 8210.0], [69637.5, 11000.0], [69639.0, 10510.0], [69639.5, 6000.0], [69640.5, 1000.0], [69643.0, 500.0], [69643.5, 15950.0], [69644.0, 500.0], [69645.0, 10.0], [69645.5, 21590.0], [69646.0, 34820.0], [69646.5, 30440.0], [69647.0, 6000.0], [69647.5, 81020.0], [69648.0, 6600.0], [69648.5, 6000.0], [69649.0, 6220.0], [69649.5, 580.0]]}}}
{"jsonrpc": "2.0", "method": "subscription", "params": {"channel": "book.BTC-PERPETUAL.none.20.100ms", "data": {"timestamp": 1773226743040, "change_id": 144957320221, "instrument_name": "BTC-PERPETUAL", "bids": [[69621.0, 232520.0], [69618.5, 3000.0], [69618.0, 6960.0], [69617.5, 2000.0], [69617.0, 920.0], [69616.5, 1840.0], [69616.0, 1700.0], [69615.5, 13990.0], [69614.0, 3810.0], [69613.5, 2750.0], [69611.5, 10000.0], [69611.0, 11130.0], [69610.5, 22270.0], [69608.0, 15000.0], [69607.0, 8610.0], [69606.0, 8810.0], [69605.0, 30.0], [69604.5, 29050.0], [69604.0, 8820.0], [69602.5, 25010.0]], "asks": [[69621.5, 2760.0], [69635.0, 2080.0], [69636.0, 8210.0], [69636.5, 11000.0], [69639.0, 10510.0], [69639.5, 6000.0], [69640.5, 1000.0], [69643.0, 500.0], [69643.5, 15950.0], [69645.0, 10.0], [69645.5, 9170.0], [69646.0, 34820.0], [69646.5, 43270.0], [69647.0, 6000.0], [69647.5, 6000.0], [69648.5, 6000.0], [69649.0, 6220.0], [69649.5, 6600.0], [69650.0, 80690.0], [69650.5, 9890.0]]}}}
{"jsonrpc": "2.0", "method": "subscription", "params": {"channel": "book.BTC-PERPETUAL.none.20.100ms", "data": {"timestamp": 1773226743366, "change_id": 144957320662, "instrument_name": "BTC-PERPETUAL", "bids": [[69621.0, 195390.0], [69620.5, 15530.0], [69620.0, 12080.0], [69619.0, 36950.0], [69618.5, 3000.0], [69618.0, 3030.0], [69617.5, 2000.0], [69617.0, 920.0], [69616.5, 1840.0], [69616.0, 1700.0], [69615.0, 14630.0], [69614.5, 22270.0], [69613.5, 2750.0], [69612.0, 13990.0], [69611.5, 10000.0], [69611.0, 11130.0], [69610.5, 22270.0], [69608.0, 15000.0], [69607.0, 8610.0], [69606.0, 8810.0]], "asks": [[69621.5, 2700.0], [69634.5, 5500.0], [69635.0, 2080.0], [69635.5, 5500.0], [69636.0, 4930.0], [69639.0, 10510.0], [69639.5, 6000.0], [69640.5, 1000.0], [69643.0, 500.0], [69643.5, 6770.0], [69644.5, 500.0], [69645.0, 13010.0], [69645.5, 9170.0], [69646.5, 30270.0], [69647.0, 6000.0], [69647.5, 87620.0], [69648.0, 34820.0], [69648.5, 6000.0], [69649.0, 6220.0], [69650.0, 5670.0]]}}}
{"jsonrpc": "2.0", "method": "subscription", "params": {"channel": "book.BTC-PERPETUAL.none.20.100ms", "data": {"timestamp": 1773226743688, "change_id": 144957321205, "instrument_name": "BTC-PERPETUAL", "bids": [[69621.0, 244340.0], [69618.5, 3000.0], [69618.0, 6960.0], [69617.5, 2000.0], [69617.0, 920.0], [69616.5, 1840.0], [69616.0, 1700.0], [69615.5, 13990.0], [69615.0, 10450.0], [69614.5, 22270.0], [69613.5, 2750.0], [69611.5, 10000.0], [69611.0, 11130.0], [69610.5, 22270.0], [69608.0, 15000.0], [69607.0, 8610.0], [69606.0, 8810.0], [69605.0, 30.0], [69604.5, 29050.0], [69604.0, 8820.0]], "asks": [[69621.5, 2700.0], [69635.0, 2080.0], [69638.0, 8210.0], [69638.5, 11000.0], [69639.0, 10510.0], [69639.5, 6000.0], [69640.5, 1000.0], [69643.0, 500.0], [69643.5, 6380.0], [69644.5, 500.0], [69645.0, 10.0], [69645.5, 9170.0], [69646.0, 13000.0], [69646.5, 42000.0], [69647.0, 6000.0], [69647.5, 81020.0], [69648.0, 34820.0], [69648.5, 6000.0], [69649.0, 6220.0], [69649.5, 6600.0]]}}}
{"jsonrpc": "2.0", "method": "subscription", "params": {"channel": "book.BTC-PERPETUAL.none.20.100ms", "data": {"timestamp": 1773226744006, "change_id": 144957321630, "instrument_name": "BTC-PERPETUAL", "bids": [[69621.0, 246230.0], [69618.5, 3000.0], [69618.0, 6960.0], [69617.5, 2000.0], [69617.0, 920.0], [69616.5, 1840.0], [69616.0, 1700.0], [69615.5, 13990.0], [69615.0, 10450.0], [69614.5, 22270.0], [69613.5, 2750.0], [69611.5, 10000.0], [69611.0, 11130.0], [69610.5, 22270.0], [69608.0, 15000.0], [69607.0, 8610.0], [69606.0, 8810.0], [69605.0, 30.0], [69604.5, 29050.0], [69604.0, 8820.0]], "asks": [[69621.5, 2700.0], [69635.0, 2080.0], [69638.0, 8210.0], [69638.5, 11000.0], [69639.0, 10510.0], [69639.5, 6000.0], [69640.5, 1000.0], [69643.0, 500.0], [69643.5, 3040.0], [69644.5, 500.0], [69645.0, 10.0], [69645.5, 9170.0], [69646.5, 42000.0], [69647.0, 6000.0], [69647.5, 81020.0], [69648.0, 47820.0], [69648.5, 6000.0], [69649.0, 6220.0], [69650.0, 5670.0], [69650.5, 9890.0]]}}}
{"jsonrpc": "2.0", "method": "subscription", "params": {"channel": "book.BTC-PERPETUAL.none.20.100ms", "data": {"timestamp": 1773226744356, "change_id": 144957322031, "instrument_name": "BTC-PERPETUAL", "bids": [[69621.0, 246160.0], [69618.5, 3000.0], [69618.0, 6960.0], [69617.5, 2000.0], [69617.0, 920.0], [69616.5, 1840.0], [69616.0, 1700.0], [69615.5, 13990.0], [69615.0, 10450.0], [69614.5, 22270.0], [69613.5, 2750.0], [69611.5, 10000.0], [69611.0, 11130.0], [69610.5, 22270.0], [69608.0, 15000.0], [69607.0, 8610.0], [69606.0, 8810.0], [69605.0, 30.0], [69604.5, 29050.0], [69604.0, 8820.0]], "asks": [[69621.5, 2700.0], [69635.0, 2080.0], [69638.0, 8210.0], [69638.5, 11000.0], [69639.0, 10510.0], [69639.5, 6000.0], [69640.5, 1000.0], [69643.0, 500.0], [69643.5, 3040.0], [69644.5, 500.0], [69645.0, 10.0], [69645.5, 9170.0], [69646.5, 42000.0], [69647.0, 6000.0], [69647.5, 94020.0], [69648.0, 34820.0], [69648.5, 6000.0], [69649.0, 6220.0], [69649.5, 6600.0], [69650.0, 5670.0]]}}}
{"jsonrpc": "2.0", "method": "subscription", "params": {"channel": "book.BTC-PERPETUAL.none.20.100ms", "data": {"timestamp": 1773226744687, "change_id": 144957322600, "instrument_name": "BTC-PERPETUAL", "bids": [[69621.0, 170940.0], [69618.5, 3000.0], [69618.0, 28840.0], [69617.5, 2000.0], [69617.0, 920.0], [69616.5, 1840.0], [69616.0, 76690.0], [69615.5, 13990.0], [69615.0, 10450.0], [69614.5, 22270.0], [69613.5, 2750.0], [69611.5, 10000.0], [69611.0, 11130.0], [69610.5, 22270.0], [69608.0, 15000.0], [69607.0, 8610.0], [69606.0, 8810.0], [69605.0, 30.0], [69604.5, 29050.0], [69604.0, 8820.0]], "asks": [[69621.5, 2700.0], [69635.0, 2080.0], [69638.0, 8210.0], [69638.5, 11000.0], [69639.0, 10510.0], [69639.5, 6000.0], [69640.5, 1000.0], [69643.0, 500.0], [69643.5, 6380.0], [69644.5, 500.0], [69645.0, 10.0], [69645.5, 9170.0], [69646.0, 13000.0], [69646.5, 42000.0], [69647.0, 81020.0], [69647.5, 6000.0], [69648.0, 34820.0], [69648.5, 6000.0], [69649.0, 6220.0], [69649.5, 6600.0]]}}}
{"jsonrpc": "2.0", "method": "subscription", "params": {"channel": "book.BTC-PERPETUAL.none.20.100ms", "data": {"timestamp": 1773226745023, "change_id": 144957323093, "instrument_name": "BTC-PERPETUAL", "bids": [[69621.0, 160020.0], [69620.0, 23280.0], [69619.5, 74990.0], [69618.5, 3000.0], [69618.0, 3030.0], [69617.5, 2000.0], [69617.0, 920.0], [69616.5, 1840.0], [69616.0, 1700.0], [69615.0, 10450.0], [69614.5, 22270.0], [69614.0, 13990.0], [69613.5, 2750.0], [69611.5, 10000.0], [69611.0, 11130.0], [69610.5, 22270.0], [69608.0, 15000.0], [69607.0, 8610.0], [69606.0, 8810.0], [69605.0, 30.0]], "asks": [[69621.5, 3350.0], [69632.5, 80.0], [69635.0, 2080.0], [69638.0, 8210.0], [69638.5, 11000.0], [69639.0, 10510.0], [69639.5, 6000.0], [69640.5, 1000.0], [69642.0, 500.0], [69642.5, 9100.0], [69643.0, 30000.0], [69643.5, 2890.0], [69644.5, 500.0], [69645.0, 10.0], [69645.5, 9170.0], [69646.5, 41990.0], [69647.0, 94020.0], [69647.5, 6000.0], [69648.0, 34820.0], [69648.5, 6000.0]]}}}
{"jsonrpc": "2.0", "method": "subscription", "params": {"channel": "book.BTC-PERPETUAL.none.20.100ms", "data": {"timestamp": 1773226745353, "change_id": 144957323479, "instrument_name": "BTC-PERPETUAL", "bids": [[69621.0, 178400.0], [69618.5, 3000.0], [69618.0, 25170.0], [69617.5, 2000.0], [69617.0, 920.0], [69616.5, 1840.0], [69616.0, 1700.0], [69615.5, 74990.0], [69615.0, 10450.0], [69614.5, 22270.0], [69614.0, 13990.0], [69613.5, 2750.0], [69611.5, 10000.0], [69611.0, 11130.0], [69610.5, 22270.0], [69608.0, 15000.0], [69607.0, 8610.0], [69606.0, 8810.0], [69605.0, 30.0], [69604.5, 29050.0]], "asks": [[69621.5, 3350.0], [69632.5, 80.0], [69635.0, 2080.0], [69638.0, 8210.0], [69638.5, 11000.0], [69639.0, 10510.0], [69639.5, 6000.0], [69640.5, 1000.0], [69643.0, 500.0], [69643.5, 24910.0], [69644.5, 500.0], [69645.0, 10.0], [69645.5, 22170.0], [69646.0, 75020.0], [69646.5, 23470.0], [69647.0, 6000.0], [69647.5, 6000.0], [69648.0, 34820.0], [69648.5, 6000.0], [69649.0, 6220.0]]}}}
{"jsonrpc": "2.0", "method": "subscription", "params": {"channel": "book.BTC-PERPETUAL.none.20.100ms", "data": {"timestamp": 1773226745675, "change_id": 144957324019, "instrument_name": "BTC-PERPETUAL", "bids": [[69621.0, 121990.0], [69620.0, 23280.0], [69619.5, 111940.0], [69618.5, 3000.0], [69618.0, 3030.0], [69617.5, 2000.0], [69617.0, 920.0], [69616.5, 1840.0], [69616.0, 1700.0], [69615.0, 10450.0], [69614.5, 22270.0], [69613.5, 2750.0], [69612.0, 13990.0], [69611.5, 10000.0], [69611.0, 11130.0], [69610.5, 22270.0], [69608.0, 15000.0], [69607.0, 8610.0], [69606.0, 8810.0], [69605.0, 30.0]], "asks": [[69621.5, 3350.0], [69632.5, 80.0], [69634.0, 2260.0], [69634.5, 5500.0], [69635.0, 2080.0], [69638.0, 8210.0], [69638.5, 5500.0], [69639.0, 10510.0], [69639.5, 6000.0], [69640.5, 1000.0], [69643.0, 500.0], [69643.5, 24910.0], [69644.5, 500.0], [69645.0, 75030.0], [69645.5, 22170.0], [69646.5, 23470.0], [69647.0, 6000.0], [69647.5, 12600.0], [69648.0, 34820.0], [69648.5, 6000.0]]}}}
{"jsonrpc": "2.0", "method": "subscription", "params": {"channel": "book.BTC-PERPETUAL.none.20.100ms", "data": {"timestamp": 1773226746004, "change_id": 144957324567, "instrument_name": "BTC-PERPETUAL", "bids": [[69621.0, 97170.0], [69620.0, 48920.0], [69619.5, 12080.0], [69618.5, 114940.0], [69618.0, 3030.0], [69617.5, 2000.0], [69617.0, 920.0], [69616.5, 1840.0], [69616.0, 1700.0], [69615.0, 10450.0], [69614.5, 22270.0], [69613.5, 2750.0], [69612.0, 13990.0], [69611.5, 10000.0], [69611.0, 11130.0], [69610.5, 22270.0], [69608.0, 15000.0], [69607.0, 8610.0], [69606.0, 8810.0], [69605.0, 30.0]], "asks": [[69621.5, 3340.0], [69632.5, 2340.0], [69633.0, 2080.0], [69633.5, 5500.0], [69637.0, 5500.0], [69638.0, 8210.0], [69639.0, 19950.0], [69639.5, 6000.0], [69640.5, 1000.0], [69641.5, 580.0], [69643.0, 28840.0], [69643.5, 75020.0], [69644.0, 13000.0], [69645.0, 10.0], [69645.5, 8590.0], [69646.5, 23470.0], [69647.0, 6000.0], [69647.5, 12600.0], [69648.0, 34820.0], [69648.5, 6000.0]]}}}
{"jsonrpc": "2.0", "method": "subscription", "params": {"channel": "book.BTC-PERPETUAL.none.20.100ms", "data": {"timestamp": 1773226746344, "change_id": 144957325343, "instrument_name": "BTC-PERPETUAL", "bids": [[69621.0, 91140.0], [69619.5, 2680.0], [69619.0, 5980.0], [69618.5, 21800.0], [69618.0, 1100.0], [69617.5, 2000.0], [69617.0, 7510.0], [69616.5, 14830.0], [69616.0, 7190.0], [69615.0, 68200.0], [69614.5, 22270.0], [69613.5, 2750.0], [69612.0, 74990.0], [69611.5, 10000.0], [69611.0, 11130.0], [69610.5, 22270.0], [69608.5, 13990.0], [69608.0, 15000.0], [69607.0, 8610.0], [69606.0, 8810.0]], "asks": [[69621.5, 3340.0], [69629.5, 1670.0], [69631.0, 5500.0], [69631.5, 5500.0], [69632.5, 80.0], [69633.5, 500.0], [69634.0, 10500.0], [69637.0, 1580.0], [69638.0, 26290.0], [69638.5, 88020.0], [69639.0, 8950.0], [69639.5, 6000.0], [69640.5, 8690.0], [69642.5, 9500.0], [69643.0, 6600.0], [69643.5, 500.0], [69645.0, 2570.0], [69645.5, 8590.0], [69646.5, 33120.0], [69647.0, 6000.0]]}}}
{"jsonrpc": "2.0", "method": "subscription", "params": {"channel": "book.BTC-PERPETUAL.none.20.100ms", "data": {"timestamp": 1773226746663, "change_id": 144957326298, "instrument_name": "BTC-PERPETUAL", "bids": [[69621.0, 40790.0], [69619.5, 1040.0], [69618.5, 5770.0], [69618.0, 1100.0], [69617.5, 2000.0], [69617.0, 1420.0], [69616.5, 3560.0], [69616.0, 1700.0], [69615.0, 3810.0], [69613.5, 8240.0], [69611.5, 43510.0], [69611.0, 74990.0], [69608.0, 40070.0], [69607.5, 18480.0], [69606.5, 6590.0], [69606.0, 8810.0], [69605.0, 36980.0], [69604.5, 24050.0], [69604.0, 8820.0], [69602.5, 10.0]], "asks": [[69621.5, 17870.0], [69625.5, 4780.0], [69626.0, 5500.0], [69628.5, 5500.0], [69629.0, 10500.0], [69632.5, 16610.0], [69633.0, 30000.0], [69633.5, 13500.0], [69636.0, 6600.0], [69636.5, 26860.0], [69638.0, 75020.0], [69639.0, 8950.0], [69639.5, 6000.0], [69642.5, 9500.0], [69643.5, 500.0], [69644.5, 36970.0], [69645.0, 2570.0], [69645.5, 8590.0], [69646.5, 23470.0], [69647.0, 6000.0]]}}}
{"jsonrpc": "2.0", "method": "subscription", "params": {"channel": "book.BTC-PERPETUAL.none.20.100ms", "data": {"timestamp": 1773226746992, "change_id": 144957326927, "instrument_name": "BTC-PERPETUAL", "bids": [[69621.0, 112780.0], [69619.5, 1040.0], [69619.0, 500.0], [69618.5, 7200.0], [69618.0, 1100.0], [69617.5, 2000.0], [69617.0, 920.0], [69616.5, 9060.0], [69616.0, 1700.0], [69615.0, 42660.0], [69614.5, 6590.0], [69614.0, 18480.0], [69613.5, 2750.0], [69612.0, 74990.0], [69611.5, 46950.0], [69608.5, 4480.0], [69608.0, 28130.0], [69606.0, 8810.0], [69605.5, 13990.0], [69605.0, 30.0]], "asks": [[69621.5, 13170.0], [69626.5, 2080.0], [69628.0, 4780.0], [69628.5, 5500.0], [69629.0, 10500.0], [69629.5, 1840.0], [69632.0, 5500.0], [69632.5, 9760.0], [69635.0, 500.0], [69635.5, 30000.0], [69636.0, 26860.0], [69636.5, 1000.0], [69638.0, 75020.0], [69638.5, 13000.0], [69639.0, 8950.0], [69639.5, 6000.0], [69641.5, 4810.0], [69642.0, 6600.0], [69642.5, 9500.0], [69643.5, 500.0]]}}}
{"jsonrpc": "2.0", "method": "subscription", "params": {"channel": "book.BTC-PERPETUAL.none.20.100ms", "data": {"timestamp": 1773226747333, "change_id": 144957327401, "instrument_name": "BTC-PERPETUAL", "bids": [[69621.0, 112650.0], [69619.5, 1040.0], [69618.5, 7910.0], [69618.0, 1100.0], [69617.5, 2000.0], [69617.0, 920.0], [69616.5, 3570.0], [69616.0, 1700.0], [69615.5, 5490.0], [69615.0, 41850.0], [69614.0, 18480.0], [69613.5, 2750.0], [69612.5, 6590.0], [69612.0, 111940.0], [69611.5, 10000.0], [69608.5, 4480.0], [69608.0, 28130.0], [69606.0, 8810.0], [69605.5, 13990.0], [69605.0, 30.0]], "asks": [[69621.5, 3340.0], [69626.5, 2080.0], [69628.0, 4780.0], [69628.5, 5500.0], [69629.0, 10500.0], [69631.5, 1670.0], [69632.0, 5500.0], [69632.5, 80.0], [69635.0, 500.0], [69636.0, 38700.0], [69636.5, 1580.0], [69638.0, 75020.0], [69638.5, 13000.0], [69639.0, 8950.0], [69639.5, 6000.0], [69640.5, 4940.0], [69641.0, 6600.0], [69642.5, 9500.0], [69645.0, 2570.0], [69645.5, 8590.0]]}}}
{"jsonrpc": "2.0", "method": "subscription", "params": {"channel": "book.BTC-PERPETUAL.none.20.100ms", "data": {"timestamp": 1773226747657, "change_id": 144957327953, "instrument_name": "BTC-PERPETUAL", "bids": [[69621.0, 112650.0], [69619.5, 1040.0], [69618.5, 7910.0], [69618.0, 1100.0], [69617.5, 2000.0], [69617.0, 920.0], [69616.5, 3570.0], [69616.0, 1700.0], [69615.5, 5490.0], [69615.0, 41850.0], [69614.0, 12990.0], [69613.5, 2750.0], [69613.0, 5490.0], [69612.5, 6590.0], [69612.0, 111940.0], [69611.5, 10000.0], [69608.5, 4480.0], [69608.0, 28130.0], [69606.0, 8810.0], [69605.5, 13990.0]], "asks": [[69621.5, 3340.0], [69626.5, 2080.0], [69628.0, 4780.0], [69628.5, 5500.0], [69629.0, 10500.0], [69629.5, 1670.0], [69632.5, 5580.0], [69635.5, 500.0], [69636.0, 38700.0], [69636.5, 1580.0], [69637.5, 13000.0], [69638.5, 75020.0], [69639.0, 8950.0], [69639.5, 10960.0], [69640.0, 6600.0], [69640.5, 500.0], [69642.5, 9500.0], [69645.0, 2570.0], [69645.5, 8590.0], [69646.5, 23470.0]]}}}
{"jsonrpc": "2.0", "method": "subscription", "params": {"channel": "book.BTC-PERPETUAL.none.20.100ms", "data": {"timestamp": 1773226747988, "change_id": 144957328434, "instrument_name": "BTC-PERPETUAL", "bids": [[69621.0, 112650.0], [69619.5, 1040.0], [69618.5, 7910.0], [69618.0, 1100.0], [69617.5, 2000.0], [69617.0, 6410.0], [69616.5, 3570.0], [69616.0, 1700.0], [69615.0, 41850.0], [69614.5, 12080.0], [69614.0, 12990.0], [69613.5, 2750.0], [69612.0, 111940.0], [69611.5, 10000.0], [69608.5, 4480.0], [69608.0, 28130.0], [69607.0, 5000.0], [69606.0, 8810.0], [69605.5, 13990.0], [69605.0, 30.0]], "asks": [[69621.5, 3340.0], [69626.5, 2080.0], [69628.0, 4780.0], [69628.5, 5500.0], [69629.0, 10500.0], [69631.0, 1670.0], [69631.5, 5500.0], [69632.5, 80.0], [69634.0, 500.0], [69635.0, 8960.0], [69635.5, 30000.0], [69636.0, 38700.0], [69636.5, 1580.0], [69637.5, 13000.0], [69638.5, 75020.0], [69639.0, 8950.0], [69639.5, 10960.0], [69640.0, 6600.0], [69640.5, 500.0], [69642.5, 9500.0]]}}}
{"jsonrpc": "2.0", "method": "subscription", "params": {"channel": "book.BTC-PERPETUAL.none.20.100ms", "data": {"timestamp": 1773226748313, "change_id": 144957328812, "instrument_name": "BTC-PERPETUAL", "bids": [[69621.0, 126050.0], [69619.5, 1040.0], [69618.5, 7910.0], [69618.0, 1100.0], [69617.5, 2000.0], [69617.0, 920.0], [69616.5, 9060.0], [69616.0, 1700.0], [69615.0, 41850.0], [69614.5, 6590.0], [69614.0, 18480.0], [69613.5, 2750.0], [69612.5, 74990.0], [69612.0, 36950.0], [69611.5, 10000.0], [69608.5, 4480.0], [69608.0, 28130.0], [69607.0, 5000.0], [69606.0, 8810.0], [69605.5, 13990.0]], "asks": [[69621.5, 3340.0], [69626.5, 2080.0], [69628.0, 4780.0], [69628.5, 5500.0], [69629.0, 10500.0], [69632.5, 80.0], [69634.5, 6000.0], [69635.0, 8960.0], [69635.5, 30000.0], [69636.0, 38700.0], [69636.5, 1580.0], [69637.5, 13000.0], [69638.5, 75020.0], [69639.0, 8950.0], [69639.5, 10960.0], [69640.0, 6600.0], [69640.5, 500.0], [69642.5, 9500.0], [69645.0, 2570.0], [69645.5, 8590.0]]}}}
{"jsonrpc": "2.0", "method": "subscription", "params": {"channel": "book.BTC-PERPETUAL.none.20.100ms", "data": {"timestamp": 1773226748656, "change_id": 144957329319, "instrument_name": "BTC-PERPETUAL", "bids": [[69621.0, 112840.0], [69619.5, 1040.0], [69619.0, 500.0], [69618.5, 12360.0], [69618.0, 1100.0], [69617.5, 2000.0], [69617.0, 920.0], [69616.5, 9060.0], [69616.0, 1700.0], [69615.5, 12990.0], [69615.0, 41850.0], [69614.5, 12080.0], [69613.5, 2750.0], [69613.0, 36950.0], [69612.0, 74990.0], [69611.5, 10000.0], [69608.5, 4480.0], [69608.0, 28130.0], [69606.0, 8810.0], [69605.5, 13990.0]], "asks": [[69621.5, 3340.0], [69626.5, 2080.0], [69628.0, 4780.0], [69628.5, 5500.0], [69629.0, 10500.0], [69632.5, 80.0], [69633.5, 510.0], [69634.0, 5500.0], [69635.0, 8960.0], [69635.5, 30000.0], [69636.0, 38700.0], [69636.5, 1580.0], [69638.5, 75020.0], [69639.0, 21950.0], [69639.5, 10960.0], [69640.5, 500.0], [69642.0, 6600.0], [69642.5, 9500.0], [69645.0, 2570.0], [69645.5, 8590.0]]}}}
{"jsonrpc": "2.0", "method": "subscription", "params": {"channel": "book.BTC-PERPETUAL.none.20.100ms", "data": {"timestamp": 1773226748979, "change_id": 144957329796, "instrument_name": "BTC-PERPETUAL", "bids": [[69621.0, 112840.0], [69619.5, 1040.0], [69618.5, 7910.0], [69618.0, 1100.0], [69617.5, 2000.0], [69617.0, 920.0], [69616.5, 3570.0], [69616.0, 1700.0], [69615.5, 5490.0], [69615.0, 41850.0], [69613.5, 2750.0], [69613.0, 19580.0], [69612.5, 5490.0], [69612.0, 111940.0], [69611.5, 10000.0], [69609.5, 4480.0], [69608.0, 28130.0], [69606.0, 8810.0], [69605.5, 13990.0], [69605.0, 30.0]], "asks": [[69621.5, 3340.0], [69626.0, 5500.0], [69626.5, 2080.0], [69627.0, 3130.0], [69629.0, 10500.0], [69632.5, 80.0], [69634.0, 5500.0], [69634.5, 500.0], [69635.0, 8970.0], [69635.5, 30000.0], [69636.0, 26860.0], [69636.5, 1580.0], [69637.5, 75020.0], [69638.0, 13000.0], [69639.0, 8950.0], [69639.5, 10570.0], [69640.0, 6600.0], [69640.5, 500.0], [69642.5, 9500.0], [69645.0, 2570.0]]}}}
{"jsonrpc": "2.0", "method": "subscription", "params": {"channel": "book.BTC-PERPETUAL.none.20.100ms", "data": {"timestamp": 1773226749306, "change_id": 144957330158, "instrument_name": "BTC-PERPETUAL", "bids": [[69621.0, 108870.0], [69619.5, 1040.0], [69618.5, 7410.0], [69618.0, 1100.0], [69617.5, 2500.0], [69617.0, 920.0], [69616.5, 9060.0], [69616.0, 1700.0], [69615.0, 22320.0], [69613.5, 15740.0], [69613.0, 6590.0], [69612.5, 5490.0], [69612.0, 36950.0], [69611.5, 10000.0], [69609.5, 26290.0], [69608.5, 74990.0], [69608.0, 28130.0], [69606.0, 8810.0], [69605.5, 13990.0], [69605.0, 30.0]], "asks": [[69621.5, 27120.0], [69626.0, 9260.0], [69626.5, 2080.0], [69629.0, 10500.0], [69630.5, 1670.0], [69631.0, 5500.0], [69632.5, 10600.0], [69633.0, 500.0], [69635.0, 10.0], [69635.5, 30000.0], [69636.0, 39860.0], [69636.5, 1580.0], [69637.5, 75020.0], [69639.0, 8950.0], [69639.5, 10570.0], [69640.0, 6600.0], [69640.5, 500.0], [69642.5, 9500.0], [69645.0, 12640.0], [69645.5, 8590.0]]}}}
{"jsonrpc": "2.0", "method": "subscription", "params": {"channel": "book.BTC-PERPETUAL.none.20.100ms", "data": {"timestamp": 1773226749642, "change_id": 144957330731, "instrument_name": "BTC-PERPETUAL", "bids": [[69621.0, 90470.0], [69619.5, 1040.0], [69618.5, 7410.0], [69618.0, 1100.0], [69617.5, 2500.0], [69617.0, 920.0], [69616.5, 9060.0], [69616.0, 1700.0], [69615.0, 11290.0], [69613.5, 2750.0], [69613.0, 6590.0], [69612.5, 18480.0], [69611.5, 47890.0], [69611.0, 74990.0], [69610.0, 36950.0], [69608.0, 28130.0], [69606.0, 8810.0], [69605.5, 13990.0], [69605.0, 30.0], [69604.5, 22650.0]], "asks": [[69621.5, 27100.0], [69626.0, 3760.0], [69626.5, 2080.0], [69628.5, 5500.0], [69629.0, 10500.0], [69629.5, 1810.0], [69631.5, 5500.0], [69632.0, 500.0], [69632.5, 80.0], [69635.0, 10.0], [69636.0, 26860.0], [69636.5, 76600.0], [69638.0, 13000.0], [69639.0, 8950.0], [69639.5, 11070.0], [69640.0, 6600.0], [69642.5, 9500.0], [69645.0, 12640.0], [69645.5, 8590.0], [69646.0, 34820.0]]}}}
