{"jsonrpc": "2.0", "id": 1, "result": ["book.BTC-PERPETUAL.none.20.100ms"], "usIn": 1771620308050178, "usOut": 1771620308050441, "usDiff": 263, "testnet": false}
{"jsonrpc": "2.0", "method": "subscription", "params": {"channel": "book.BTC-PERPETUAL.none.20.100ms", "data": {"timestamp": 1771620308044, "change_id": 141449161537, "instrument_name": "BTC-PERPETUAL", "bids": [[67718.0, 30080.0], [67714.5, 7670.0], [67714.0, 27300.0], [67711.5, 210.0], [67711.0, 41140.0], [67710.5, 540.0], [67710.0, 9230.0], [67709.0, 6000.0], [67708.5, 38500.0], [67708.0, 94220.0], [67707.0, 33230.0], [67706.0, 19490.0], [67705.5, 56000.0], [67704.5, 32490.0], [67704.0, 18800.0], [67703.5, 49270.0], [67703.0, 10320.0], [67701.0, 4990.0], [67700.0, 3880.0], [67699.5, 6000.0]], "asks": [[67718.5, 20580.0], [67719.0, 800.0], [67719.5, 2000.0], [67721.0, 2460.0], [67721.5, 13510.0], [67722.0, 11000.0], [67722.5, 200.0], [67724.5, 6430.0], [67726.5, 500.0], [67727.0, 23430.0], [67728.0, 79010.0], [67728.5, 32840.0], [67729.0, 19500.0], [67729.5, 24000.0], [67730.0, 6000.0], [67730.5, 60000.0], [67731.0, 500.0], [67732.5, 5600.0], [67734.0, 8450.0], [67734.5, 10320.0]]}}}
{"jsonrpc": "2.0", "method": "subscription", "params": {"channel": "book.BTC-PERPETUAL.none.20.100ms", "data": {"timestamp": 1771620308269, "change_id": 141449161930, "instrument_name": "BTC-PERPETUAL", "bids": [[67718.0, 12180.0], [67714.0, 2300.0], [67711.5, 210.0], [67711.0, 41140.0], [67710.5, 540.0], [67709.0, 15230.0], [67708.5, 38500.0], [67707.5, 94220.0], [67707.0, 33230.0], [67706.0, 25000.0], [67705.5, 56000.0], [67705.0, 19490.0], [67704.5, 32490.0], [67704.0, 18800.0], [67703.5, 49270.0], [67703.0, 10320.0], [67701.0, 4990.0], [67700.0, 3880.0], [67699.5, 6000.0], [67699.0, 6000.0]], "asks": [[67718.5, 20580.0], [67719.0, 6800.0], [67719.5, 2000.0], [67721.0, 2460.0], [67721.5, 13510.0], [67722.0, 11000.0], [67722.5, 200.0], [67724.5, 6430.0], [67726.5, 20500.0], [67727.0, 23430.0], [67728.0, 4000.0], [67728.5, 107850.0], [67729.0, 19500.0], [67729.5, 24000.0], [67730.0, 6000.0], [67730.5, 60000.0], [67731.0, 500.0], [67732.5, 5600.0], [67734.0, 8450.0], [67734.5, 10320.0]]}}}
{"jsonrpc": "2.0", "method": "subscription", "params": {"channel": "book.BTC-PERPETUAL.none.20.100ms", "data": {"timestamp": 1771620308607, "change_id": 141449162165, "instrument_name": "BTC-PERPETUAL", "bids": [[67718.0, 10990.0], [67713.5, 25000.0], [67712.0, 2300.0], [67711.5, 210.0], [67711.0, 41140.0], [67710.5, 50.0], [67709.5, 490.0], [67709.0, 6000.0], [67708.5, 38500.0], [67708.0, 84220.0], [67707.5, 19230.0], [67707.0, 33230.0], [67705.5, 56000.0], [67705.0, 19490.0], [67704.5, 32490.0], [67704.0, 18800.0], [67703.5, 49270.0], [67703.0, 10320.0], [67701.0, 4990.0], [67700.0, 3880.0]], "asks": [[67718.5, 20580.0], [67719.0, 6800.0], [67719.5, 2000.0], [67720.0, 5330.0], [67720.5, 8250.0], [67721.0, 11000.0], [67722.5, 200.0], [67724.0, 1920.0], [67724.5, 6430.0], [67726.0, 500.0], [67726.5, 20000.0], [67727.0, 23430.0], [67727.5, 19500.0], [67728.0, 79010.0], [67728.5, 32840.0], [67729.5, 24000.0], [67730.0, 6000.0], [67730.5, 60000.0], [67731.0, 500.0], [67732.5, 5600.0]]}}}
{"jsonrpc": "2.0", "method": "subscription", "params": {"channel": "book.BTC-PERPETUAL.none.20.100ms", "data": {"timestamp": 1771620308934, "change_id": 141449162526, "instrument_name": "BTC-PERPETUAL", "bids": [[67718.0, 15370.0], [67713.0, 8210.0], [67712.5, 25000.0], [67712.0, 2300.0], [67711.5, 210.0], [67711.0, 41140.0], [67710.5, 540.0], [67710.0, 9230.0], [67709.0, 6000.0], [67708.5, 38500.0], [67708.0, 10990.0], [67707.5, 83230.0], [67707.0, 33230.0], [67705.5, 56000.0], [67705.0, 19490.0], [67704.5, 32490.0], [67704.0, 18800.0], [67703.5, 49270.0], [67703.0, 10320.0], [67701.0, 4990.0]], "asks": [[67718.5, 38780.0], [67719.0, 6800.0], [67719.5, 2000.0], [67722.5, 200.0], [67723.0, 5200.0], [67723.5, 19250.0], [67724.5, 6430.0], [67726.0, 500.0], [67726.5, 20000.0], [67727.0, 23430.0], [67728.0, 79010.0], [67728.5, 32840.0], [67729.0, 19500.0], [67729.5, 24000.0], [67730.0, 6000.0], [67730.5, 60000.0], [67731.0, 500.0], [67732.5, 5600.0], [67734.0, 8450.0], [67734.5, 10320.0]]}}}
{"jsonrpc": "2.0", "method": "subscription", "params": {"channel": "book.BTC-PERPETUAL.none.20.100ms", "data": {"timestamp": 1771620309252, "change_id": 141449163193, "instrument_name": "BTC-PERPETUAL", "bids": [[67718.0, 15250.0], [67713.0, 8210.0], [67712.5, 25000.0], [67712.0, 2300.0], [67711.5, 210.0], [67711.0, 24920.0], [67710.5, 50.0], [67709.5, 490.0], [67709.0, 15230.0], [67708.5, 38500.0], [67708.0, 10990.0], [67707.5, 8240.0], [67707.0, 51500.0], [67706.0, 74990.0], [67705.5, 56000.0], [67705.0, 19490.0], [67704.5, 32490.0], [67704.0, 18800.0], [67703.5, 49270.0], [67703.0, 10320.0]], "asks": [[67718.5, 38780.0], [67719.0, 6800.0], [67719.5, 2000.0], [67722.5, 200.0], [67723.0, 5200.0], [67723.5, 19250.0], [67724.0, 500.0], [67724.5, 6430.0], [67726.5, 20000.0], [67727.0, 23430.0], [67728.0, 79010.0], [67728.5, 32840.0], [67729.0, 19500.0], [67729.5, 24000.0], [67730.0, 6000.0], [67730.5, 60000.0], [67731.0, 500.0], [67732.5, 5600.0], [67734.0, 17690.0], [67734.5, 10320.0]]}}}
{"jsonrpc": "2.0", "method": "subscription", "params": {"channel": "book.BTC-PERPETUAL.none.20.100ms", "data": {"timestamp": 1771620309582, "change_id": 141449163363, "instrument_name": "BTC-PERPETUAL", "bids": [[67718.0, 15370.0], [67713.0, 8210.0], [67712.5, 25000.0], [67712.0, 2300.0], [67711.5, 210.0], [67711.0, 24920.0], [67710.5, 50.0], [67709.5, 490.0], [67709.0, 15230.0], [67708.5, 38500.0], [67708.0, 10990.0], [67707.5, 63160.0], [67707.0, 1000.0], [67706.0, 74990.0], [67705.5, 56000.0], [67705.0, 19490.0], [67704.5, 32490.0], [67704.0, 18800.0], [67703.5, 49270.0], [67703.0, 10320.0]], "asks": [[67718.5, 38780.0], [67719.0, 6800.0], [67719.5, 2000.0], [67722.5, 200.0], [67723.0, 5200.0], [67723.5, 19250.0], [67724.0, 500.0], [67724.5, 6430.0], [67726.0, 29550.0], [67726.5, 20000.0], [67728.0, 79010.0], [67728.5, 32840.0], [67729.0, 19500.0], [67729.5, 24000.0], [67730.0, 6000.0], [67730.5, 60000.0], [67731.0, 500.0], [67732.5, 5600.0], [67734.0, 8450.0], [67734.5, 10320.0]]}}}
{"jsonrpc": "2.0", "method": "subscription", "params": {"channel": "book.BTC-PERPETUAL.none.20.100ms", "data": {"timestamp": 1771620309912, "change_id": 141449163673, "instrument_name": "BTC-PERPETUAL", "bids": [[67718.0, 10990.0], [67713.0, 8210.0], [67712.5, 25000.0], [67712.0, 2300.0], [67711.5, 210.0], [67711.0, 24920.0], [67710.5, 50.0], [67709.5, 490.0], [67709.0, 15230.0], [67708.5, 38500.0], [67708.0, 10990.0], [67707.5, 63160.0], [67707.0, 1000.0], [67706.0, 74990.0], [67705.5, 56000.0], [67705.0, 19490.0], [67704.5, 32490.0], [67704.0, 18800.0], [67703.5, 49270.0], [67703.0, 10320.0]], "asks": [[67718.5, 20580.0], [67719.0, 6800.0], [67719.5, 2000.0], [67722.5, 200.0], [67723.0, 5200.0], [67723.5, 19250.0], [67724.0, 500.0], [67724.5, 6430.0], [67725.5, 20000.0], [67726.0, 29550.0], [67727.0, 75010.0], [67727.5, 19500.0], [67728.0, 4000.0], [67728.5, 32840.0], [67729.5, 24000.0], [67730.0, 6000.0], [67730.5, 60000.0], [67731.0, 500.0], [67732.5, 5600.0], [67734.0, 17690.0]]}}}
{"jsonrpc": "2.0", "method": "subscription", "params": {"channel": "book.BTC-PERPETUAL.none.20.100ms", "data": {"timestamp": 1771620310261, "change_id": 141449164401, "instrument_name": "BTC-PERPETUAL", "bids": [[67718.0, 42740.0], [67713.0, 8210.0], [67712.5, 25000.0], [67712.0, 2300.0], [67711.5, 210.0], [67711.0, 24920.0], [67710.5, 50.0], [67710.0, 9230.0], [67709.5, 490.0], [67709.0, 6000.0], [67708.5, 38500.0], [67707.5, 74150.0], [67707.0, 75990.0], [67705.5, 56000.0], [67705.0, 19490.0], [67704.5, 32490.0], [67704.0, 18800.0], [67703.5, 49270.0], [67703.0, 10320.0], [67701.0, 4990.0]], "asks": [[67718.5, 20580.0], [67719.0, 6800.0], [67719.5, 2000.0], [67722.5, 200.0], [67723.0, 5200.0], [67723.5, 19250.0], [67724.0, 500.0], [67724.5, 6430.0], [67725.5, 20000.0], [67726.0, 29550.0], [67728.0, 98510.0], [67728.5, 32840.0], [67729.5, 24000.0], [67730.0, 6000.0], [67730.5, 60000.0], [67731.0, 500.0], [67732.5, 5600.0], [67734.0, 8450.0], [67734.5, 10320.0], [67736.5, 5000.0]]}}}
{"jsonrpc": "2.0", "method": "subscription", "params": {"channel": "book.BTC-PERPETUAL.none.20.100ms", "data": {"timestamp": 1771620310591, "change_id": 141449164622, "instrument_name": "BTC-PERPETUAL", "bids": [[67718.0, 42740.0], [67714.0, 8210.0], [67713.0, 25000.0], [67712.0, 2300.0], [67711.5, 210.0], [67711.0, 24920.0], [67710.5, 50.0], [67710.0, 9230.0], [67709.5, 490.0], [67709.0, 14240.0], [67708.5, 38500.0], [67708.0, 10990.0], [67707.0, 1000.0], [67706.5, 54620.0], [67706.0, 94480.0], [67705.5, 56000.0], [67704.5, 32490.0], [67704.0, 18800.0], [67703.5, 49270.0], [67703.0, 10320.0]], "asks": [[67718.5, 20580.0], [67719.0, 800.0], [67719.5, 2000.0], [67722.5, 200.0], [67723.0, 5200.0], [67723.5, 19250.0], [67724.5, 6430.0], [67725.0, 500.0], [67725.5, 20000.0], [67726.0, 29550.0], [67728.0, 79010.0], [67728.5, 32840.0], [67729.0, 19500.0], [67729.5, 24000.0], [67730.0, 6000.0], [67730.5, 60000.0], [67731.0, 500.0], [67732.5, 5600.0], [67734.0, 8450.0], [67734.5, 10320.0]]}}}
{"jsonrpc": "2.0", "method": "subscription", "params": {"channel": "book.BTC-PERPETUAL.none.20.100ms", "data": {"timestamp": 1771620310897, "change_id": 141449165082, "instrument_name": "BTC-PERPETUAL", "bids": [[67718.0, 202740.0], [67716.0, 7460.0], [67715.5, 25000.0], [67712.0, 2300.0], [67711.5, 210.0], [67711.0, 46960.0], [67710.5, 540.0], [67710.0, 9230.0], [67709.5, 8240.0], [67709.0, 16990.0], [67708.5, 38500.0], [67708.0, 74990.0], [67707.5, 68590.0], [67707.0, 1000.0], [67706.5, 49270.0], [67705.5, 56000.0], [67704.5, 32490.0], [67704.0, 5590.0], [67703.0, 10320.0], [67701.0, 4990.0]], "asks": [[67718.5, 20580.0], [67719.0, 800.0], [67719.5, 2000.0], [67720.0, 1000.0], [67721.5, 7870.0], [67722.0, 11000.0], [67722.5, 200.0], [67724.0, 8250.0], [67724.5, 6430.0], [67725.0, 500.0], [67725.5, 20000.0], [67726.0, 29550.0], [67728.0, 79010.0], [67728.5, 32840.0], [67729.5, 24000.0], [67730.0, 25500.0], [67730.5, 60000.0], [67731.0, 500.0], [67732.5, 5600.0], [67734.0, 8450.0]]}}}
{"jsonrpc": "2.0", "method": "subscription", "params": {"channel": "book.BTC-PERPETUAL.none.20.100ms", "data": {"timestamp": 1771620311250, "change_id": 141449165775, "instrument_name": "BTC-PERPETUAL", "bids": [[67718.0, 202740.0], [67712.0, 2300.0], [67711.5, 210.0], [67711.0, 48600.0], [67710.5, 540.0], [67710.0, 9230.0], [67709.0, 6000.0], [67708.5, 46740.0], [67708.0, 99990.0], [67707.5, 60090.0], [67707.0, 1000.0], [67706.0, 19490.0], [67705.5, 56000.0], [67705.0, 49270.0], [67704.5, 32490.0], [67704.0, 5590.0], [67703.0, 10320.0], [67701.0, 4990.0], [67700.0, 3880.0], [67699.5, 6000.0]], "asks": [[67718.5, 20580.0], [67719.0, 800.0], [67719.5, 2000.0], [67720.0, 1000.0], [67721.0, 11000.0], [67721.5, 4590.0], [67722.5, 200.0], [67724.0, 8250.0], [67724.5, 6430.0], [67725.0, 500.0], [67725.5, 20000.0], [67726.0, 29550.0], [67728.0, 79010.0], [67728.5, 32840.0], [67729.5, 24000.0], [67730.0, 25500.0], [67730.5, 60000.0], [67731.0, 500.0], [67732.5, 5600.0], [67734.0, 8450.0]]}}}
{"jsonrpc": "2.0", "method": "subscription", "params": {"channel": "book.BTC-PERPETUAL.none.20.100ms", "data": {"timestamp": 1771620311559, "change_id": 141449165999, "instrument_name": "BTC-PERPETUAL", "bids": [[67718.0, 202740.0], [67714.5, 8210.0], [67714.0, 25000.0], [67712.0, 2300.0], [67711.5, 210.0], [67711.0, 41140.0], [67710.5, 540.0], [67710.0, 9230.0], [67709.0, 6000.0], [67708.5, 46740.0], [67708.0, 74990.0], [67707.5, 43520.0], [67707.0, 1000.0], [67706.0, 19490.0], [67705.5, 56000.0], [67704.5, 32490.0], [67704.0, 18560.0], [67703.5, 49270.0], [67703.0, 10320.0], [67701.0, 4990.0]], "asks": [[67718.5, 20580.0], [67719.0, 800.0], [67719.5, 2000.0], [67720.0, 1000.0], [67722.5, 8010.0], [67723.0, 11000.0], [67723.5, 8250.0], [67724.5, 6430.0], [67725.0, 500.0], [67726.0, 29550.0], [67728.0, 79010.0], [67728.5, 32840.0], [67729.0, 19500.0], [67729.5, 24000.0], [67730.0, 6000.0], [67730.5, 60000.0], [67731.0, 500.0], [67732.5, 5600.0], [67734.0, 8450.0], [67734.5, 10320.0]]}}}
{"jsonrpc": "2.0", "method": "subscription", "params": {"channel": "book.BTC-PERPETUAL.none.20.100ms", "data": {"timestamp": 1771620311899, "change_id": 141449166412, "instrument_name": "BTC-PERPETUAL", "bids": [[67718.0, 202740.0], [67714.5, 8210.0], [67714.0, 25000.0], [67712.0, 2300.0], [67711.5, 210.0], [67711.0, 24920.0], [67710.5, 50.0], [67710.0, 9230.0], [67709.5, 490.0], [67709.0, 6000.0], [67708.5, 57730.0], [67707.5, 65460.0], [67707.0, 1000.0], [67706.5, 74990.0], [67706.0, 19490.0], [67705.5, 56000.0], [67704.5, 32490.0], [67704.0, 18690.0], [67703.5, 49270.0], [67703.0, 10320.0]], "asks": [[67718.5, 20580.0], [67719.0, 800.0], [67719.5, 2000.0], [67720.0, 1000.0], [67721.5, 11000.0], [67722.0, 4440.0], [67722.5, 8450.0], [67724.0, 500.0], [67724.5, 6430.0], [67726.0, 23430.0], [67728.0, 79010.0], [67728.5, 32840.0], [67729.5, 24000.0], [67730.0, 25500.0], [67730.5, 60000.0], [67731.0, 500.0], [67732.5, 5600.0], [67734.0, 8450.0], [67734.5, 10320.0], [67736.5, 13660.0]]}}}
{"jsonrpc": "2.0", "method": "subscription", "params": {"channel": "book.BTC-PERPETUAL.none.20.100ms", "data": {"timestamp": 1771620312237, "change_id": 141449167112, "instrument_name": "BTC-PERPETUAL", "bids": [[67718.0, 202740.0], [67714.5, 8210.0], [67714.0, 25000.0], [67712.0, 2300.0], [67711.5, 210.0], [67711.0, 24920.0], [67710.5, 50.0], [67710.0, 9230.0], [67709.0, 6490.0], [67708.5, 38500.0], [67708.0, 19230.0], [67707.5, 65460.0], [67707.0, 1000.0], [67706.0, 74990.0], [67705.5, 56000.0], [67705.0, 19490.0], [67704.5, 32490.0], [67704.0, 18690.0], [67703.5, 49270.0], [67703.0, 10320.0]], "asks": [[67718.5, 20580.0], [67719.0, 800.0], [67719.5, 2000.0], [67720.0, 1000.0], [67721.0, 8250.0], [67721.5, 5410.0], [67722.0, 11000.0], [67722.5, 200.0], [67724.0, 500.0], [67724.5, 6430.0], [67726.0, 23430.0], [67728.0, 79010.0], [67728.5, 52340.0], [67729.5, 24000.0], [67730.0, 6000.0], [67730.5, 60000.0], [67731.0, 500.0], [67732.5, 5600.0], [67734.0, 8450.0], [67734.5, 10320.0]]}}}
{"jsonrpc": "2.0", "method": "subscription", "params": {"channel": "book.BTC-PERPETUAL.none.20.100ms", "data": {"timestamp": 1771620312562, "change_id": 141449167301, "instrument_name": "BTC-PERPETUAL", "bids": [[67718.0, 202740.0], [67714.5, 8210.0], [67714.0, 25000.0], [67712.0, 2300.0], [67711.5, 210.0], [67711.0, 24920.0], [67710.5, 50.0], [67710.0, 9230.0], [67709.0, 6490.0], [67708.5, 38500.0], [67708.0, 19230.0], [67707.5, 65460.0], [67707.0, 1000.0], [67706.5, 19490.0], [67706.0, 74990.0], [67705.5, 56000.0], [67704.5, 32490.0], [67704.0, 18690.0], [67703.5, 49270.0], [67703.0, 10320.0]], "asks": [[67718.5, 20580.0], [67719.0, 800.0], [67719.5, 2000.0], [67720.0, 1000.0], [67721.5, 13660.0], [67722.5, 200.0], [67723.5, 11000.0], [67724.0, 500.0], [67724.5, 6430.0], [67726.0, 23430.0], [67728.0, 79010.0], [67728.5, 52340.0], [67729.5, 24000.0], [67730.0, 6000.0], [67730.5, 60000.0], [67731.0, 500.0], [67732.5, 5600.0], [67734.0, 8450.0], [67734.5, 10320.0], [67736.0, 9240.0]]}}}
{"jsonrpc": "2.0", "method": "subscription", "params": {"channel": "book.BTC-PERPETUAL.none.20.100ms", "data": {"timestamp": 1771620312897, "change_id": 141449167647, "instrument_name": "BTC-PERPETUAL", "bids": [[67718.0, 202740.0], [67715.5, 7460.0], [67715.0, 25000.0], [67712.0, 2300.0], [67711.5, 210.0], [67711.0, 41140.0], [67710.5, 540.0], [67710.0, 9230.0], [67709.5, 10990.0], [67709.0, 14240.0], [67708.5, 38500.0], [67708.0, 74990.0], [67707.5, 32530.0], [67707.0, 1000.0], [67706.5, 19490.0], [67705.5, 56000.0], [67704.5, 32490.0], [67704.0, 18690.0], [67703.5, 49270.0], [67703.0, 10320.0]], "asks": [[67718.5, 20580.0], [67719.0, 800.0], [67719.5, 2000.0], [67720.0, 1000.0], [67721.5, 5410.0], [67722.5, 8450.0], [67723.5, 11000.0], [67724.5, 6430.0], [67725.5, 500.0], [67726.0, 23430.0], [67728.0, 79010.0], [67728.5, 32840.0], [67729.5, 43500.0], [67730.0, 6000.0], [67730.5, 60000.0], [67731.0, 500.0], [67732.5, 5600.0], [67734.0, 8450.0], [67734.5, 10320.0], [67736.0, 9240.0]]}}}
{"jsonrpc": "2.0", "method": "subscription", "params": {"channel": "book.BTC-PERPETUAL.none.20.100ms", "data": {"timestamp": 1771620313235, "change_id": 141449168378, "instrument_name": "BTC-PERPETUAL", "bids": [[67718.0, 202740.0], [67715.5, 7460.0], [67714.5, 25000.0], [67712.0, 2300.0], [67711.5, 210.0], [67711.0, 41140.0], [67710.5, 50.0], [67710.0, 9720.0], [67709.0, 6000.0], [67708.5, 46740.0], [67708.0, 85980.0], [67707.5, 32530.0], [67707.0, 1000.0], [67706.0, 19490.0], [67705.5, 56000.0], [67704.5, 32490.0], [67704.0, 18690.0], [67703.5, 49270.0], [67703.0, 10320.0], [67701.0, 4990.0]], "asks": [[67718.5, 20580.0], [67719.0, 800.0], [67719.5, 2000.0], [67720.0, 6590.0], [67720.5, 1000.0], [67721.0, 11000.0], [67721.5, 8250.0], [67722.5, 200.0], [67724.0, 2420.0], [67724.5, 6430.0], [67726.0, 23430.0], [67728.0, 98510.0], [67728.5, 32840.0], [67729.5, 24000.0], [67730.0, 6000.0], [67730.5, 60000.0], [67731.0, 500.0], [67732.5, 5600.0], [67734.0, 8450.0], [67734.5, 10320.0]]}}}
{"jsonrpc": "2.0", "method": "subscription", "params": {"channel": "book.BTC-PERPETUAL.none.20.100ms", "data": {"timestamp": 1771620313566, "change_id": 141449168592, "instrument_name": "BTC-PERPETUAL", "bids": [[67718.0, 202620.0], [67715.5, 7460.0], [67714.5, 25000.0], [67712.0, 2300.0], [67711.5, 210.0], [67711.0, 41140.0], [67710.5, 50.0], [67709.5, 490.0], [67709.0, 15230.0], [67708.5, 38500.0], [67708.0, 94220.0], [67707.5, 32530.0], [67707.0, 1000.0], [67705.5, 56000.0], [67705.0, 19490.0], [67704.5, 32490.0], [67704.0, 18690.0], [67703.5, 49270.0], [67703.0, 10320.0], [67701.0, 4990.0]], "asks": [[67718.5, 20580.0], [67719.0, 800.0], [67719.5, 2000.0], [67720.0, 1000.0], [67720.5, 1000.0], [67722.5, 13800.0], [67723.0, 11000.0], [67724.0, 500.0], [67724.5, 6430.0], [67726.0, 23430.0], [67728.0, 79010.0], [67728.5, 32840.0], [67729.0, 19500.0], [67729.5, 24000.0], [67730.0, 6000.0], [67730.5, 60000.0], [67731.0, 500.0], [67732.5, 5600.0], [67734.0, 8450.0], [67734.5, 10320.0]]}}}
{"jsonrpc": "2.0", "method": "subscription", "params": {"channel": "book.BTC-PERPETUAL.none.20.100ms", "data": {"timestamp": 1771620313878, "change_id": 141449168946, "instrument_name": "BTC-PERPETUAL", "bids": [[67718.0, 202740.0], [67715.5, 7460.0], [67714.5, 25000.0], [67712.0, 2300.0], [67711.5, 210.0], [67711.0, 24920.0], [67710.5, 50.0], [67709.5, 490.0], [67709.0, 15230.0], [67708.5, 38500.0], [67708.0, 10990.0], [67707.5, 59000.0], [67707.0, 1000.0], [67706.0, 74990.0], [67705.5, 56000.0], [67705.0, 19490.0], [67704.5, 32490.0], [67704.0, 18690.0], [67703.0, 10320.0], [67701.5, 49270.0]], "asks": [[67718.5, 33580.0], [67719.0, 4300.0], [67719.5, 2000.0], [67720.0, 9250.0], [67720.5, 1000.0], [67722.5, 5550.0], [67723.0, 11000.0], [67724.0, 500.0], [67724.5, 6430.0], [67726.0, 23430.0], [67727.5, 19500.0], [67728.0, 79010.0], [67728.5, 32840.0], [67729.5, 24000.0], [67730.0, 6000.0], [67730.5, 60000.0], [67731.0, 500.0], [67732.5, 5600.0], [67734.0, 17690.0], [67734.5, 10320.0]]}}}
{"jsonrpc": "2.0", "method": "subscription", "params": {"channel": "book.BTC-PERPETUAL.none.20.100ms", "data": {"timestamp": 1771620314227, "change_id": 141449169855, "instrument_name": "BTC-PERPETUAL", "bids": [[67718.0, 194180.0], [67711.5, 210.0], [67711.0, 12190.0], [67710.5, 50.0], [67708.5, 38500.0], [67708.0, 2300.0], [67707.5, 51250.0], [67706.5, 10990.0], [67705.5, 140220.0], [67704.5, 40730.0], [67704.0, 18690.0], [67703.0, 11320.0], [67701.5, 19490.0], [67701.0, 4990.0], [67700.5, 49270.0], [67700.0, 13010.0], [67699.5, 31000.0], [67699.0, 6000.0], [67698.5, 33260.0], [67697.0, 5510.0]], "asks": [[67718.5, 116950.0], [67719.0, 11430.0], [67719.5, 2000.0], [67720.0, 12000.0], [67720.5, 1000.0], [67722.0, 500.0], [67722.5, 200.0], [67724.0, 8930.0], [67724.5, 6430.0], [67725.0, 41890.0], [67725.5, 75010.0], [67730.0, 26820.0], [67730.5, 60000.0], [67731.0, 500.0], [67732.0, 9240.0], [67732.5, 5600.0], [67734.0, 8450.0], [67734.5, 10320.0], [67736.5, 21000.0], [67737.0, 24820.0]]}}}
{"jsonrpc": "2.0", "method": "subscription", "params": {"channel": "book.BTC-PERPETUAL.none.20.100ms", "data": {"timestamp": 1771620314550, "change_id": 141449170191, "instrument_name": "BTC-PERPETUAL", "bids": [[67718.0, 194180.0], [67711.5, 210.0], [67711.0, 14490.0], [67710.5, 50.0], [67708.5, 38990.0], [67708.0, 10990.0], [67707.5, 50760.0], [67706.5, 6000.0], [67706.0, 74990.0], [67705.5, 90230.0], [67705.0, 8240.0], [67704.5, 32490.0], [67704.0, 12560.0], [67703.0, 11320.0], [67701.5, 19490.0], [67701.0, 2090.0], [67700.0, 13010.0], [67699.5, 55270.0], [67699.0, 6000.0], [67698.5, 33260.0]], "asks": [[67718.5, 116950.0], [67719.0, 11130.0], [67719.5, 2000.0], [67720.0, 1000.0], [67720.5, 1000.0], [67721.0, 11000.0], [67722.5, 200.0], [67723.5, 500.0], [67724.0, 1920.0], [67724.5, 6430.0], [67725.5, 49350.0], [67726.0, 75010.0], [67728.5, 25000.0], [67729.5, 24100.0], [67730.0, 6000.0], [67730.5, 65000.0], [67731.0, 500.0], [67732.0, 9240.0], [67732.5, 5600.0], [67734.0, 8450.0]]}}}
{"jsonrpc": "2.0", "method": "subscription", "params": {"channel": "book.BTC-PERPETUAL.none.20.100ms", "data": {"timestamp": 1771620314887, "change_id": 141449170637, "instrument_name": "BTC-PERPETUAL", "bids": [[67718.0, 34180.0], [67711.5, 210.0], [67711.0, 14490.0], [67710.5, 50.0], [67708.5, 38500.0], [67707.5, 50760.0], [67707.0, 11480.0], [67706.5, 6000.0], [67705.5, 40230.0], [67705.0, 83230.0], [67704.5, 32490.0], [67704.0, 72920.0], [67703.0, 11320.0], [67701.5, 19490.0], [67701.0, 2090.0], [67700.5, 49270.0], [67700.0, 13010.0], [67699.5, 6000.0], [67699.0, 6000.0], [67698.5, 33260.0]], "asks": [[67718.5, 96630.0], [67719.0, 7990.0], [67719.5, 2000.0], [67720.0, 1000.0], [67720.5, 1000.0], [67722.0, 6500.0], [67722.5, 27280.0], [67723.0, 11000.0], [67724.5, 6430.0], [67725.0, 94510.0], [67727.0, 7460.0], [67728.5, 25000.0], [67729.5, 24100.0], [67730.0, 6000.0], [67730.5, 65000.0], [67731.0, 500.0], [67732.0, 9240.0], [67732.5, 5600.0], [67734.0, 8450.0], [67734.5, 10320.0]]}}}
{"jsonrpc": "2.0", "method": "subscription", "params": {"channel": "book.BTC-PERPETUAL.none.20.100ms", "data": {"timestamp": 1771620315219, "change_id": 141449171422, "instrument_name": "BTC-PERPETUAL", "bids": [[67718.0, 34180.0], [67711.0, 12190.0], [67710.5, 50.0], [67708.5, 40800.0], [67707.5, 53930.0], [67706.5, 6000.0], [67706.0, 490.0], [67705.5, 31000.0], [67705.0, 9230.0], [67704.5, 32490.0], [67704.0, 86390.0], [67703.5, 8450.0], [67703.0, 11320.0], [67701.0, 2090.0], [67700.5, 19490.0], [67700.0, 63010.0], [67699.5, 55270.0], [67699.0, 6000.0], [67698.5, 33260.0], [67697.0, 5510.0]], "asks": [[67718.5, 96850.0], [67719.0, 11270.0], [67719.5, 2000.0], [67720.0, 12000.0], [67720.5, 1000.0], [67721.0, 500.0], [67721.5, 3710.0], [67722.0, 6000.0], [67724.5, 6430.0], [67725.5, 75010.0], [67726.0, 19500.0], [67728.5, 25000.0], [67729.5, 24100.0], [67730.0, 6000.0], [67730.5, 65000.0], [67731.0, 9740.0], [67732.5, 11160.0], [67734.0, 8450.0], [67734.5, 10320.0], [67735.5, 21000.0]]}}}
{"jsonrpc": "2.0", "method": "subscription", "params": {"channel": "book.BTC-PERPETUAL.none.20.100ms", "data": {"timestamp": 1771620315547, "change_id": 141449171679, "instrument_name": "BTC-PERPETUAL", "bids": [[67718.0, 34180.0], [67711.0, 12190.0], [67710.5, 2350.0], [67708.5, 38500.0], [67707.5, 42940.0], [67706.5, 16990.0], [67706.0, 490.0], [67705.5, 31000.0], [67705.0, 9230.0], [67704.5, 40730.0], [67704.0, 86390.0], [67703.5, 210.0], [67703.0, 11320.0], [67701.0, 2090.0], [67700.5, 19490.0], [67700.0, 63010.0], [67699.5, 55270.0], [67699.0, 6000.0], [67698.5, 33260.0], [67697.0, 5510.0]], "asks": [[67718.5, 96850.0], [67719.0, 11270.0], [67719.5, 2000.0], [67720.0, 12000.0], [67720.5, 1500.0], [67721.5, 25630.0], [67722.0, 6000.0], [67724.5, 100940.0], [67725.0, 7460.0], [67728.5, 25000.0], [67729.5, 24100.0], [67730.0, 6000.0], [67730.5, 65000.0], [67731.0, 500.0], [67732.0, 9240.0], [67732.5, 25160.0], [67734.0, 8450.0], [67734.5, 10320.0], [67735.0, 49290.0], [67735.5, 21000.0]]}}}
{"jsonrpc": "2.0", "method": "subscription", "params": {"channel": "book.BTC-PERPETUAL.none.20.100ms", "data": {"timestamp": 1771620315880, "change_id": 141449172032, "instrument_name": "BTC-PERPETUAL", "bids": [[67718.0, 34060.0], [67711.0, 12190.0], [67710.5, 2350.0], [67708.5, 38500.0], [67707.5, 48680.0], [67707.0, 700.0], [67706.5, 16990.0], [67705.5, 31000.0], [67705.0, 9230.0], [67704.5, 115720.0], [67703.5, 9820.0], [67703.0, 11320.0], [67701.0, 2090.0], [67700.5, 19490.0], [67700.0, 63010.0], [67699.5, 55270.0], [67699.0, 6000.0], [67698.5, 33260.0], [67697.0, 5510.0], [67696.5, 10320.0]], "asks": [[67718.5, 96850.0], [67719.0, 11270.0], [67719.5, 2000.0], [67720.0, 1000.0], [67720.5, 1000.0], [67721.0, 11500.0], [67721.5, 25630.0], [67722.0, 6000.0], [67724.0, 75010.0], [67724.5, 25930.0], [67725.0, 7460.0], [67728.5, 25000.0], [67729.5, 24100.0], [67730.0, 6000.0], [67730.5, 65000.0], [67731.0, 500.0], [67732.0, 9240.0], [67732.5, 25160.0], [67734.0, 8450.0], [67734.5, 10320.0]]}}}
{"jsonrpc": "2.0", "method": "subscription", "params": {"channel": "book.BTC-PERPETUAL.none.20.100ms", "data": {"timestamp": 1771620316184, "change_id": 141449172567, "instrument_name": "BTC-PERPETUAL", "bids": [[67718.0, 34180.0], [67711.0, 12190.0], [67710.5, 2350.0], [67708.5, 38500.0], [67707.5, 48740.0], [67707.0, 210.0], [67706.5, 16990.0], [67706.0, 490.0], [67705.5, 31000.0], [67705.0, 9230.0], [67704.5, 32490.0], [67704.0, 83230.0], [67703.5, 9820.0], [67703.0, 11320.0], [67701.0, 2090.0], [67700.5, 62630.0], [67700.0, 50000.0], [67699.5, 55270.0], [67699.0, 6000.0], [67698.5, 33260.0]], "asks": [[67718.5, 96850.0], [67719.0, 11270.0], [67719.5, 2000.0], [67720.0, 12000.0], [67720.5, 1000.0], [67721.0, 500.0], [67721.5, 25630.0], [67722.0, 6000.0], [67724.0, 75010.0], [67724.5, 25930.0], [67725.0, 7460.0], [67728.5, 25000.0], [67729.5, 24100.0], [67730.0, 6000.0], [67730.5, 65000.0], [67731.0, 500.0], [67732.0, 9240.0], [67732.5, 25160.0], [67734.0, 8450.0], [67734.5, 10320.0]]}}}
{"jsonrpc": "2.0", "method": "subscription", "params": {"channel": "book.BTC-PERPETUAL.none.20.100ms", "data": {"timestamp": 1771620316518, "change_id": 141449172971, "instrument_name": "BTC-PERPETUAL", "bids": [[67718.0, 34080.0], [67711.0, 12190.0], [67710.5, 2350.0], [67708.5, 38500.0], [67707.5, 46280.0], [67707.0, 210.0], [67706.5, 6000.0], [67706.0, 11480.0], [67705.5, 31000.0], [67705.0, 9230.0], [67704.5, 32490.0], [67704.0, 87270.0], [67703.5, 8240.0], [67703.0, 11320.0], [67701.0, 2090.0], [67700.5, 62630.0], [67700.0, 50000.0], [67699.5, 55270.0], [67699.0, 6000.0], [67698.5, 33260.0]], "asks": [[67718.5, 96850.0], [67719.0, 11270.0], [67719.5, 2000.0], [67720.0, 12000.0], [67720.5, 1000.0], [67721.0, 500.0], [67721.5, 30760.0], [67722.0, 6000.0], [67724.0, 75010.0], [67724.5, 25930.0], [67725.0, 7460.0], [67728.5, 25000.0], [67729.5, 24100.0], [67730.0, 15240.0], [67730.5, 65000.0], [67731.0, 500.0], [67732.5, 25160.0], [67734.0, 8450.0], [67734.5, 10320.0], [67735.0, 49290.0]]}}}
{"jsonrpc": "2.0", "method": "subscription", "params": {"channel": "book.BTC-PERPETUAL.none.20.100ms", "data": {"timestamp": 1771620316868, "change_id": 141449173331, "instrument_name": "BTC-PERPETUAL", "bids": [[67718.0, 34080.0], [67711.0, 12190.0], [67710.5, 2350.0], [67708.5, 38500.0], [67707.5, 24170.0], [67707.0, 11200.0], [67706.5, 6000.0], [67706.0, 490.0], [67705.5, 31000.0], [67705.0, 9230.0], [67704.5, 40730.0], [67704.0, 30640.0], [67703.5, 74990.0], [67703.0, 11320.0], [67701.0, 2090.0], [67700.5, 62630.0], [67700.0, 50000.0], [67699.5, 55270.0], [67699.0, 6000.0], [67698.5, 33260.0]], "asks": [[67718.5, 97960.0], [67719.0, 11270.0], [67719.5, 2000.0], [67720.0, 1000.0], [67720.5, 12000.0], [67721.0, 500.0], [67721.5, 30760.0], [67722.0, 6000.0], [67724.0, 75010.0], [67724.5, 25930.0], [67725.0, 7460.0], [67728.5, 25000.0], [67729.5, 24100.0], [67730.0, 6000.0], [67730.5, 65000.0], [67731.0, 500.0], [67732.0, 9240.0], [67732.5, 11160.0], [67734.0, 8450.0], [67734.5, 10320.0]]}}}
{"jsonrpc": "2.0", "method": "subscription", "params": {"channel": "book.BTC-PERPETUAL.none.20.100ms", "data": {"timestamp": 1771620317186, "change_id": 141449173977, "instrument_name": "BTC-PERPETUAL", "bids": [[67718.0, 34080.0], [67711.0, 12190.0], [67710.5, 2350.0], [67708.5, 38500.0], [67707.5, 46770.0], [67707.0, 11200.0], [67706.5, 6000.0], [67705.5, 31000.0], [67705.0, 84220.0], [67704.5, 32490.0], [67704.0, 12280.0], [67703.5, 8240.0], [67703.0, 11320.0], [67701.0, 2090.0], [67700.5, 62630.0], [67700.0, 50000.0], [67699.5, 55270.0], [67699.0, 6000.0], [67698.5, 33260.0], [67697.0, 5510.0]], "asks": [[67718.5, 111800.0], [67719.0, 11430.0], [67719.5, 2000.0], [67720.0, 1000.0], [67720.5, 12000.0], [67721.5, 9560.0], [67722.0, 6000.0], [67724.5, 25930.0], [67725.0, 35270.0], [67728.0, 75010.0], [67728.5, 25000.0], [67729.5, 24100.0], [67730.0, 15240.0], [67730.5, 65000.0], [67731.0, 500.0], [67732.5, 25160.0], [67734.0, 57740.0], [67734.5, 10320.0], [67735.5, 21000.0], [67736.5, 6200.0]]}}}
{"jsonrpc": "2.0", "method": "subscription", "params": {"channel": "book.BTC-PERPETUAL.none.20.100ms", "data": {"timestamp": 1771620317502, "change_id": 141449174363, "instrument_name": "BTC-PERPETUAL", "bids": [[67718.0, 34080.0], [67711.0, 12190.0], [67710.5, 2350.0], [67708.5, 38500.0], [67707.5, 46280.0], [67707.0, 700.0], [67706.5, 6000.0], [67706.0, 10990.0], [67705.5, 31000.0], [67705.0, 84220.0], [67704.5, 32490.0], [67704.0, 12280.0], [67703.5, 8240.0], [67703.0, 11320.0], [67701.0, 2090.0], [67700.5, 62630.0], [67700.0, 50000.0], [67699.5, 55270.0], [67699.0, 6000.0], [67698.5, 33260.0]], "asks": [[67718.5, 111800.0], [67719.0, 11260.0], [67719.5, 2000.0], [67720.0, 12000.0], [67720.5, 1000.0], [67721.5, 31250.0], [67722.0, 6000.0], [67724.0, 19500.0], [67724.5, 6430.0], [67725.0, 75010.0], [67728.0, 7460.0], [67728.5, 25000.0], [67729.5, 24100.0], [67730.0, 15240.0], [67730.5, 65000.0], [67731.0, 500.0], [67732.5, 25160.0], [67734.0, 8450.0], [67734.5, 10320.0], [67735.0, 49290.0]]}}}
{"jsonrpc": "2.0", "method": "subscription", "params": {"channel": "book.BTC-PERPETUAL.none.20.100ms", "data": {"timestamp": 1771620317866, "change_id": 141449174682, "instrument_name": "BTC-PERPETUAL", "bids": [[67718.0, 34080.0], [67711.0, 12190.0], [67710.5, 2350.0], [67708.5, 38500.0], [67707.5, 46280.0], [67707.0, 11690.0], [67706.5, 6000.0], [67705.5, 31000.0], [67705.0, 84220.0], [67704.5, 32490.0], [67704.0, 12280.0], [67703.5, 8240.0], [67703.0, 11320.0], [67701.0, 2090.0], [67700.5, 62630.0], [67700.0, 50000.0], [67699.5, 55270.0], [67699.0, 6000.0], [67698.5, 33260.0], [67697.0, 5510.0]], "asks": [[67718.5, 111800.0], [67719.0, 11260.0], [67719.5, 2000.0], [67720.0, 1000.0], [67720.5, 1000.0], [67721.0, 11000.0], [67721.5, 3860.0], [67722.0, 6000.0], [67723.5, 500.0], [67724.5, 6430.0], [67726.5, 29850.0], [67727.0, 94510.0], [67728.5, 25000.0], [67729.5, 24100.0], [67730.0, 6000.0], [67730.5, 65000.0], [67731.0, 500.0], [67732.0, 9240.0], [67732.5, 25160.0], [67734.0, 8450.0]]}}}
{"jsonrpc": "2.0", "method": "subscription", "params": {"channel": "book.BTC-PERPETUAL.none.20.100ms", "data": {"timestamp": 1771620318196, "change_id": 141449175204, "instrument_name": "BTC-PERPETUAL", "bids": [[67718.0, 33960.0], [67711.0, 12190.0], [67710.5, 2350.0], [67708.5, 38500.0], [67708.0, 490.0], [67707.5, 46280.0], [67707.0, 11200.0], [67706.5, 6000.0], [67706.0, 74990.0], [67705.5, 31000.0], [67705.0, 9230.0], [67704.5, 32490.0], [67704.0, 12280.0], [67703.5, 8240.0], [67703.0, 11320.0], [67701.0, 2090.0], [67700.5, 62630.0], [67700.0, 50000.0], [67699.5, 55270.0], [67699.0, 6000.0]], "asks": [[67718.5, 111800.0], [67719.0, 11260.0], [67719.5, 2000.0], [67720.0, 1000.0], [67720.5, 1000.0], [67721.0, 11000.0], [67721.5, 9190.0], [67722.0, 6000.0], [67723.5, 500.0], [67724.0, 19500.0], [67724.5, 6430.0], [67725.5, 35670.0], [67728.0, 75010.0], [67728.5, 25000.0], [67729.5, 24100.0], [67730.0, 15240.0], [67730.5, 65000.0], [67731.0, 500.0], [67732.5, 25160.0], [67734.0, 8450.0]]}}}
{"jsonrpc": "2.0", "method": "subscription", "params": {"channel": "book.BTC-PERPETUAL.none.20.100ms", "data": {"timestamp": 1771620318521, "change_id": 141449175541, "instrument_name": "BTC-PERPETUAL", "bids": [[67718.0, 34080.0], [67711.0, 12190.0], [67710.5, 2350.0], [67708.5, 38500.0], [67708.0, 490.0], [67707.5, 46280.0], [67707.0, 11200.0], [67706.5, 6000.0], [67706.0, 74990.0], [67705.5, 31000.0], [67705.0, 17470.0], [67704.5, 32490.0], [67704.0, 12280.0], [67703.0, 11320.0], [67701.0, 2090.0], [67700.5, 62630.0], [67700.0, 50000.0], [67699.5, 55270.0], [67699.0, 6000.0], [67697.0, 5510.0]], "asks": [[67718.5, 111810.0], [67719.0, 11260.0], [67719.5, 2000.0], [67720.0, 1000.0], [67720.5, 1000.0], [67721.0, 11000.0], [67721.5, 9190.0], [67722.0, 6000.0], [67724.0, 500.0], [67724.5, 6430.0], [67725.0, 19500.0], [67725.5, 35670.0], [67728.0, 75010.0], [67728.5, 25000.0], [67729.5, 24100.0], [67730.0, 6000.0], [67730.5, 65000.0], [67731.0, 500.0], [67732.0, 9240.0], [67732.5, 11160.0]]}}}
{"jsonrpc": "2.0", "method": "subscription", "params": {"channel": "book.BTC-PERPETUAL.none.20.100ms", "data": {"timestamp": 1771620318856, "change_id": 141449175926, "instrument_name": "BTC-PERPETUAL", "bids": [[67718.0, 34080.0], [67711.0, 36450.0], [67710.5, 2350.0], [67709.0, 490.0], [67708.5, 38500.0], [67708.0, 8240.0], [67707.5, 110150.0], [67707.0, 9440.0], [67706.5, 31000.0], [67705.5, 6000.0], [67705.0, 19490.0], [67704.5, 32490.0], [67704.0, 36490.0], [67703.5, 49270.0], [67703.0, 11320.0], [67702.0, 50000.0], [67701.0, 2090.0], [67699.5, 6000.0], [67699.0, 6000.0], [67697.0, 5510.0]], "asks": [[67718.5, 44630.0], [67719.0, 18900.0], [67719.5, 2000.0], [67720.0, 1000.0], [67720.5, 29250.0], [67721.0, 11000.0], [67721.5, 10530.0], [67722.0, 6000.0], [67722.5, 4000.0], [67724.0, 24000.0], [67724.5, 6430.0], [67725.0, 500.0], [67725.5, 35670.0], [67727.5, 19500.0], [67728.0, 75010.0], [67729.0, 25000.0], [67729.5, 24100.0], [67730.0, 6000.0], [67730.5, 65000.0], [67731.0, 500.0]]}}}
{"jsonrpc": "2.0", "method": "subscription", "params": {"channel": "book.BTC-PERPETUAL.none.20.100ms", "data": {"timestamp": 1771620319147, "change_id": 141449176526, "instrument_name": "BTC-PERPETUAL", "bids": [[67718.0, 34080.0], [67712.5, 2300.0], [67711.0, 11720.0], [67710.5, 260.0], [67709.0, 490.0], [67708.5, 38500.0], [67707.5, 48310.0], [67707.0, 95210.0], [67706.5, 31000.0], [67706.0, 8240.0], [67705.5, 6000.0], [67704.5, 32490.0], [67704.0, 36490.0], [67703.5, 19490.0], [67703.0, 61320.0], [67701.5, 49270.0], [67701.0, 2090.0], [67700.0, 3580.0], [67699.5, 6000.0], [67699.0, 6000.0]], "asks": [[67718.5, 44410.0], [67719.0, 18900.0], [67719.5, 10250.0], [67720.0, 1000.0], [67720.5, 21000.0], [67721.0, 11000.0], [67721.5, 10530.0], [67722.0, 6000.0], [67722.5, 4220.0], [67724.0, 24500.0], [67724.5, 6430.0], [67725.5, 35670.0], [67727.0, 75010.0], [67727.5, 19500.0], [67729.0, 25000.0], [67729.5, 24100.0], [67730.0, 6000.0], [67730.5, 65000.0], [67731.0, 500.0], [67732.5, 11160.0]]}}}
{"jsonrpc": "2.0", "method": "subscription", "params": {"channel": "book.BTC-PERPETUAL.none.20.100ms", "data": {"timestamp": 1771620319518, "change_id": 141449177147, "instrument_name": "BTC-PERPETUAL", "bids": [[67718.0, 40080.0], [67715.0, 2300.0], [67712.5, 7610.0], [67712.0, 25000.0], [67711.5, 490.0], [67711.0, 45740.0], [67710.5, 260.0], [67709.5, 84220.0], [67708.5, 38500.0], [67708.0, 19230.0], [67707.5, 33470.0], [67706.5, 6000.0], [67706.0, 19490.0], [67705.5, 6000.0], [67704.5, 82490.0], [67704.0, 18710.0], [67703.5, 49270.0], [67703.0, 11320.0], [67701.0, 2090.0], [67700.0, 3580.0]], "asks": [[67718.5, 20600.0], [67719.0, 6800.0], [67719.5, 5060.0], [67720.0, 1000.0], [67720.5, 1000.0], [67721.0, 8250.0], [67721.5, 12720.0], [67722.5, 220.0], [67723.0, 11000.0], [67724.5, 6430.0], [67725.0, 20000.0], [67725.5, 6990.0], [67727.0, 4000.0], [67728.0, 20000.0], [67728.5, 49400.0], [67729.0, 75010.0], [67729.5, 24000.0], [67730.0, 6000.0], [67730.5, 65000.0], [67731.0, 25500.0]]}}}
{"jsonrpc": "2.0", "method": "subscription", "params": {"channel": "book.BTC-PERPETUAL.none.20.100ms", "data": {"timestamp": 1771620319839, "change_id": 141449177460, "instrument_name": "BTC-PERPETUAL", "bids": [[67718.0, 40080.0], [67715.5, 8150.0], [67715.0, 27300.0], [67711.5, 490.0], [67711.0, 45740.0], [67710.5, 260.0], [67709.5, 9230.0], [67709.0, 74990.0], [67708.5, 38500.0], [67708.0, 8240.0], [67707.5, 33470.0], [67707.0, 10990.0], [67706.5, 7000.0], [67706.0, 19490.0], [67705.5, 6000.0], [67704.5, 82490.0], [67704.0, 18710.0], [67703.5, 49270.0], [67703.0, 10320.0], [67701.0, 2090.0]], "asks": [[67718.5, 33220.0], [67719.0, 6800.0], [67719.5, 2000.0], [67720.0, 4580.0], [67720.5, 1000.0], [67721.0, 11000.0], [67722.5, 220.0], [67723.5, 16140.0], [67724.0, 20000.0], [67724.5, 6430.0], [67725.5, 6990.0], [67726.5, 500.0], [67727.0, 4000.0], [67728.5, 68900.0], [67729.0, 75010.0], [67729.5, 24000.0], [67730.0, 6000.0], [67730.5, 65000.0], [67731.0, 25500.0], [67732.5, 5600.0]]}}}
{"jsonrpc": "2.0", "method": "subscription", "params": {"channel": "book.BTC-PERPETUAL.none.20.100ms", "data": {"timestamp": 1771620320150, "change_id": 141449178123, "instrument_name": "BTC-PERPETUAL", "bids": [[67718.0, 40080.0], [67715.0, 2300.0], [67714.0, 1940.0], [67713.5, 6000.0], [67711.5, 490.0], [67711.0, 45740.0], [67710.5, 260.0], [67709.0, 108230.0], [67708.5, 47730.0], [67707.5, 33470.0], [67707.0, 30480.0], [67706.5, 7000.0], [67705.5, 6000.0], [67704.5, 82490.0], [67704.0, 18710.0], [67703.5, 49270.0], [67703.0, 10320.0], [67701.0, 2090.0], [67700.0, 3580.0], [67699.5, 6000.0]], "asks": [[67718.5, 20620.0], [67719.0, 6800.0], [67719.5, 2000.0], [67720.0, 1000.0], [67720.5, 1000.0], [67722.5, 5420.0], [67723.0, 19250.0], [67724.5, 6430.0], [67725.5, 12240.0], [67726.0, 20000.0], [67726.5, 500.0], [67727.0, 4000.0], [67728.5, 68900.0], [67729.0, 75010.0], [67729.5, 24000.0], [67730.0, 6000.0], [67730.5, 65000.0], [67731.0, 25500.0], [67732.5, 5600.0], [67734.0, 8450.0]]}}}
{"jsonrpc": "2.0", "method": "subscription", "params": {"channel": "book.BTC-PERPETUAL.none.20.100ms", "data": {"timestamp": 1771620320503, "change_id": 141449178550, "instrument_name": "BTC-PERPETUAL", "bids": [[67718.0, 39960.0], [67715.0, 2300.0], [67714.0, 9150.0], [67713.5, 6000.0], [67713.0, 25000.0], [67711.5, 490.0], [67711.0, 45740.0], [67710.5, 260.0], [67709.0, 74990.0], [67708.5, 47730.0], [67708.0, 19230.0], [67707.5, 48030.0], [67706.5, 7000.0], [67706.0, 19490.0], [67705.5, 6000.0], [67704.5, 82490.0], [67704.0, 49270.0], [67703.5, 3700.0], [67703.0, 10320.0], [67701.0, 2090.0]], "asks": [[67718.5, 20620.0], [67719.0, 6800.0], [67719.5, 2000.0], [67720.0, 1000.0], [67720.5, 1000.0], [67722.5, 5420.0], [67723.0, 19250.0], [67724.5, 6430.0], [67725.5, 1340.0], [67726.5, 500.0], [67727.0, 4000.0], [67728.5, 49400.0], [67729.0, 94510.0], [67729.5, 24000.0], [67730.0, 6000.0], [67730.5, 65000.0], [67731.0, 25500.0], [67732.5, 5600.0], [67734.0, 8450.0], [67734.5, 10320.0]]}}}
{"jsonrpc": "2.0", "method": "subscription", "params": {"channel": "book.BTC-PERPETUAL.none.20.100ms", "data": {"timestamp": 1771620320833, "change_id": 141449178849, "instrument_name": "BTC-PERPETUAL", "bids": [[67718.0, 34080.0], [67715.0, 9760.0], [67714.5, 25000.0], [67714.0, 1940.0], [67713.5, 6000.0], [67711.0, 40010.0], [67710.5, 260.0], [67709.5, 490.0], [67708.5, 47730.0], [67708.0, 94220.0], [67707.5, 48030.0], [67706.5, 7000.0], [67706.0, 19490.0], [67705.5, 6000.0], [67704.5, 82490.0], [67704.0, 49270.0], [67703.5, 3700.0], [67703.0, 10320.0], [67701.0, 2090.0], [67700.0, 3580.0]], "asks": [[67718.5, 40420.0], [67719.0, 7990.0], [67719.5, 2000.0], [67720.0, 1000.0], [67720.5, 1000.0], [67722.5, 13190.0], [67723.0, 19250.0], [67724.0, 20000.0], [67724.5, 6430.0], [67725.5, 23560.0], [67726.5, 500.0], [67727.0, 4000.0], [67728.0, 75010.0], [67728.5, 49400.0], [67729.0, 19500.0], [67729.5, 24000.0], [67730.0, 6000.0], [67730.5, 65000.0], [67731.0, 25500.0], [67732.5, 5600.0]]}}}
{"jsonrpc": "2.0", "method": "subscription", "params": {"channel": "book.BTC-PERPETUAL.none.20.100ms", "data": {"timestamp": 1771620321147, "change_id": 141449179471, "instrument_name": "BTC-PERPETUAL", "bids": [[67718.0, 34080.0], [67715.0, 2300.0], [67714.0, 9010.0], [67713.5, 31000.0], [67711.0, 40010.0], [67710.5, 260.0], [67709.0, 8730.0], [67708.5, 47730.0], [67708.0, 85980.0], [67707.5, 48030.0], [67706.5, 7000.0], [67706.0, 19490.0], [67705.5, 6000.0], [67704.5, 82490.0], [67704.0, 49270.0], [67703.5, 3700.0], [67703.0, 10320.0], [67701.0, 2090.0], [67700.0, 3580.0], [67699.5, 6000.0]], "asks": [[67718.5, 40420.0], [67719.0, 6800.0], [67719.5, 2000.0], [67720.0, 1000.0], [67720.5, 1000.0], [67722.5, 13190.0], [67723.0, 19250.0], [67724.0, 20000.0], [67724.5, 6430.0], [67725.5, 23560.0], [67726.5, 500.0], [67727.0, 4000.0], [67728.0, 75010.0], [67728.5, 49400.0], [67729.0, 19500.0], [67729.5, 24000.0], [67730.0, 6000.0], [67730.5, 65000.0], [67731.0, 25500.0], [67732.5, 5600.0]]}}}
{"jsonrpc": "2.0", "method": "subscription", "params": {"channel": "book.BTC-PERPETUAL.none.20.100ms", "data": {"timestamp": 1771620321502, "change_id": 141449179845, "instrument_name": "BTC-PERPETUAL", "bids": [[67718.0, 40080.0], [67715.0, 2300.0], [67714.0, 9010.0], [67713.5, 31000.0], [67711.5, 490.0], [67711.0, 39870.0], [67710.5, 260.0], [67709.5, 9230.0], [67709.0, 83230.0], [67708.5, 38500.0], [67708.0, 10990.0], [67707.5, 48030.0], [67707.0, 19490.0], [67706.5, 7000.0], [67705.5, 6000.0], [67704.5, 82490.0], [67704.0, 49270.0], [67703.5, 3700.0], [67703.0, 10320.0], [67701.0, 2090.0]], "asks": [[67718.5, 40420.0], [67719.0, 6800.0], [67719.5, 2000.0], [67720.0, 1000.0], [67720.5, 1000.0], [67722.5, 13190.0], [67723.0, 19250.0], [67724.0, 20000.0], [67724.5, 6430.0], [67725.5, 1340.0], [67726.5, 500.0], [67727.0, 4000.0], [67728.5, 49400.0], [67729.0, 75010.0], [67729.5, 24000.0], [67730.0, 25500.0], [67730.5, 65000.0], [67731.0, 25500.0], [67732.5, 5600.0], [67734.0, 8450.0]]}}}
{"jsonrpc": "2.0", "method": "subscription", "params": {"channel": "book.BTC-PERPETUAL.none.20.100ms", "data": {"timestamp": 1771620321815, "change_id": 141449180031, "instrument_name": "BTC-PERPETUAL", "bids": [[67718.0, 40080.0], [67715.0, 2300.0], [67714.0, 9010.0], [67713.5, 31000.0], [67711.5, 490.0], [67711.0, 39870.0], [67710.5, 260.0], [67709.5, 9230.0], [67709.0, 83230.0], [67708.5, 38500.0], [67708.0, 10990.0], [67707.5, 48030.0], [67707.0, 19490.0], [67706.5, 7000.0], [67705.5, 6000.0], [67704.5, 82490.0], [67704.0, 49270.0], [67703.5, 3700.0], [67703.0, 10320.0], [67701.0, 2090.0]], "asks": [[67718.5, 40420.0], [67719.0, 6800.0], [67719.5, 2000.0], [67720.0, 1000.0], [67720.5, 1000.0], [67722.5, 13190.0], [67723.0, 19250.0], [67724.0, 20000.0], [67724.5, 6430.0], [67725.5, 1340.0], [67726.5, 500.0], [67727.0, 4000.0], [67728.5, 49400.0], [67729.0, 75010.0], [67729.5, 24000.0], [67730.0, 25500.0], [67730.5, 65000.0], [67731.0, 25500.0], [67732.5, 5600.0], [67734.0, 8450.0]]}}}
{"jsonrpc": "2.0", "method": "subscription", "params": {"channel": "book.BTC-PERPETUAL.none.20.100ms", "data": {"timestamp": 1771620322156, "change_id": 141449180650, "instrument_name": "BTC-PERPETUAL", "bids": [[67718.0, 40080.0], [67715.0, 2300.0], [67714.0, 9010.0], [67713.5, 31000.0], [67711.5, 490.0], [67711.0, 39870.0], [67710.5, 260.0], [67709.5, 9230.0], [67708.5, 121730.0], [67708.0, 10990.0], [67707.5, 48030.0], [67706.5, 7000.0], [67706.0, 19490.0], [67705.5, 6000.0], [67704.5, 82490.0], [67704.0, 49270.0], [67703.5, 3700.0], [67703.0, 10320.0], [67701.0, 2090.0], [67700.0, 3580.0]], "asks": [[67718.5, 40420.0], [67719.0, 6800.0], [67719.5, 2000.0], [67720.0, 1000.0], [67720.5, 1000.0], [67722.5, 13190.0], [67723.0, 19250.0], [67724.0, 20000.0], [67724.5, 6430.0], [67725.5, 6990.0], [67726.5, 500.0], [67727.0, 4000.0], [67728.5, 68900.0], [67729.0, 75010.0], [67729.5, 24000.0], [67730.0, 6000.0], [67730.5, 65000.0], [67731.0, 25500.0], [67732.5, 5600.0], [67734.0, 8450.0]]}}}
{"jsonrpc": "2.0", "method": "subscription", "params": {"channel": "book.BTC-PERPETUAL.none.20.100ms", "data": {"timestamp": 1771620322486, "change_id": 141449181101, "instrument_name": "BTC-PERPETUAL", "bids": [[67718.0, 34080.0], [67714.0, 9010.0], [67713.5, 31000.0], [67712.5, 2300.0], [67711.0, 14470.0], [67710.5, 260.0], [67710.0, 490.0], [67708.5, 47730.0], [67707.5, 67730.0], [67707.0, 19230.0], [67706.5, 7000.0], [67705.5, 80990.0], [67705.0, 19490.0], [67704.5, 82490.0], [67703.5, 17940.0], [67703.0, 10320.0], [67701.5, 49270.0], [67701.0, 2090.0], [67700.0, 3580.0], [67699.5, 6000.0]], "asks": [[67718.5, 43300.0], [67719.0, 10460.0], [67719.5, 2000.0], [67720.0, 9250.0], [67720.5, 1000.0], [67721.5, 11390.0], [67722.0, 11000.0], [67722.5, 4220.0], [67724.0, 20500.0], [67724.5, 6430.0], [67725.5, 28660.0], [67727.5, 19500.0], [67728.0, 75010.0], [67729.0, 35970.0], [67729.5, 49000.0], [67730.0, 6000.0], [67730.5, 65000.0], [67731.0, 500.0], [67732.5, 5600.0], [67733.5, 9240.0]]}}}
{"jsonrpc": "2.0", "method": "subscription", "params": {"channel": "book.BTC-PERPETUAL.none.20.100ms", "data": {"timestamp": 1771620322814, "change_id": 141449181276, "instrument_name": "BTC-PERPETUAL", "bids": [[67718.0, 34080.0], [67714.0, 1940.0], [67713.5, 6000.0], [67712.5, 2300.0], [67711.0, 14470.0], [67710.5, 260.0], [67709.0, 490.0], [67708.5, 47730.0], [67707.5, 67730.0], [67707.0, 19230.0], [67706.5, 81990.0], [67706.0, 25000.0], [67705.5, 6000.0], [67705.0, 19490.0], [67704.5, 82490.0], [67704.0, 18410.0], [67703.5, 49270.0], [67703.0, 10320.0], [67701.0, 2090.0], [67700.0, 3580.0]], "asks": [[67718.5, 43300.0], [67719.0, 15960.0], [67719.5, 2000.0], [67720.0, 1000.0], [67720.5, 1000.0], [67721.0, 8250.0], [67721.5, 26610.0], [67722.0, 11000.0], [67722.5, 4220.0], [67723.5, 500.0], [67724.5, 6430.0], [67725.5, 28660.0], [67728.0, 75010.0], [67728.5, 19500.0], [67729.0, 35970.0], [67729.5, 49000.0], [67730.0, 6000.0], [67730.5, 65000.0], [67731.0, 500.0], [67732.5, 5600.0]]}}}
{"jsonrpc": "2.0", "method": "subscription", "params": {"channel": "book.BTC-PERPETUAL.none.20.100ms", "data": {"timestamp": 1771620323148, "change_id": 141449182053, "instrument_name": "BTC-PERPETUAL", "bids": [[67718.0, 194080.0], [67714.0, 1940.0], [67713.5, 6000.0], [67712.5, 2300.0], [67711.0, 14470.0], [67710.5, 260.0], [67709.0, 490.0], [67708.5, 47730.0], [67708.0, 10990.0], [67707.5, 67730.0], [67707.0, 8240.0], [67706.5, 7000.0], [67706.0, 25000.0], [67705.5, 80990.0], [67705.0, 19490.0], [67704.5, 82490.0], [67704.0, 18410.0], [67703.5, 49270.0], [67703.0, 10320.0], [67701.0, 2090.0]], "asks": [[67718.5, 66660.0], [67719.0, 15960.0], [67719.5, 2000.0], [67720.0, 1000.0], [67720.5, 1000.0], [67721.0, 8250.0], [67721.5, 26610.0], [67722.0, 11000.0], [67722.5, 4220.0], [67724.0, 500.0], [67724.5, 6430.0], [67725.5, 28660.0], [67728.0, 75010.0], [67728.5, 19500.0], [67729.0, 35970.0], [67729.5, 49000.0], [67730.0, 6000.0], [67730.5, 65000.0], [67731.0, 500.0], [67732.5, 5600.0]]}}}
{"jsonrpc": "2.0", "method": "subscription", "params": {"channel": "book.BTC-PERPETUAL.none.20.100ms", "data": {"timestamp": 1771620323486, "change_id": 141449182369, "instrument_name": "BTC-PERPETUAL", "bids": [[67718.0, 194080.0], [67714.0, 1940.0], [67713.5, 6000.0], [67712.5, 2300.0], [67711.0, 14470.0], [67710.5, 260.0], [67709.0, 490.0], [67708.5, 47730.0], [67708.0, 10990.0], [67707.5, 48030.0], [67707.0, 8240.0], [67706.5, 7000.0], [67706.0, 25000.0], [67705.5, 80990.0], [67705.0, 19490.0], [67704.5, 82490.0], [67704.0, 18410.0], [67703.0, 10320.0], [67701.5, 49270.0], [67701.0, 2090.0]], "asks": [[67718.5, 66660.0], [67719.0, 15960.0], [67719.5, 2000.0], [67720.0, 1000.0], [67720.5, 1000.0], [67721.0, 8250.0], [67721.5, 26610.0], [67722.0, 11000.0], [67722.5, 4220.0], [67724.0, 500.0], [67724.5, 6430.0], [67725.5, 28660.0], [67728.0, 75010.0], [67728.5, 19500.0], [67729.0, 35970.0], [67729.5, 49000.0], [67730.0, 6000.0], [67730.5, 65000.0], [67731.0, 500.0], [67732.5, 5600.0]]}}}
{"jsonrpc": "2.0", "method": "subscription", "params": {"channel": "book.BTC-PERPETUAL.none.20.100ms", "data": {"timestamp": 1771620323806, "change_id": 141449182572, "instrument_name": "BTC-PERPETUAL", "bids": [[67718.0, 194080.0], [67714.0, 9690.0], [67713.5, 6000.0], [67712.5, 2300.0], [67711.0, 65750.0], [67710.5, 260.0], [67709.0, 11480.0], [67708.5, 55970.0], [67707.5, 123020.0], [67706.5, 26490.0], [67705.5, 6000.0], [67704.5, 131760.0], [67704.0, 3700.0], [67703.0, 10320.0], [67701.0, 2090.0], [67700.0, 3580.0], [67699.5, 6000.0], [67699.0, 6000.0], [67697.0, 16260.0], [67696.5, 10320.0]], "asks": [[67718.5, 46860.0], [67719.0, 15960.0], [67719.5, 2000.0], [67720.0, 1000.0], [67720.5, 1000.0], [67721.5, 26610.0], [67722.0, 19250.0], [67722.5, 220.0], [67724.5, 6430.0], [67725.0, 500.0], [67725.5, 28660.0], [67726.5, 4000.0], [67728.0, 75010.0], [67729.0, 35970.0], [67729.5, 68500.0], [67730.0, 6000.0], [67730.5, 65000.0], [67731.0, 500.0], [67732.5, 5600.0], [67734.0, 8450.0]]}}}
{"jsonrpc": "2.0", "method": "subscription", "params": {"channel": "book.BTC-PERPETUAL.none.20.100ms", "data": {"timestamp": 1771620324140, "change_id": 141449183301, "instrument_name": "BTC-PERPETUAL", "bids": [[67718.0, 194080.0], [67714.0, 9690.0], [67713.5, 6000.0], [67712.5, 2300.0], [67712.0, 25000.0], [67711.0, 14470.0], [67710.5, 260.0], [67709.5, 490.0], [67708.5, 47730.0], [67708.0, 19230.0], [67707.5, 48030.0], [67707.0, 74990.0], [67706.5, 26490.0], [67705.5, 6000.0], [67704.5, 131760.0], [67704.0, 3700.0], [67703.0, 10320.0], [67701.0, 2090.0], [67700.0, 3580.0], [67699.5, 6000.0]], "asks": [[67718.5, 46860.0], [67719.0, 15960.0], [67719.5, 2000.0], [67720.0, 1000.0], [67720.5, 1000.0], [67721.5, 27220.0], [67722.5, 220.0], [67723.5, 19250.0], [67724.5, 6430.0], [67725.0, 500.0], [67725.5, 28660.0], [67726.5, 4000.0], [67728.5, 75010.0], [67729.0, 35970.0], [67729.5, 68500.0], [67730.0, 6000.0], [67730.5, 65000.0], [67731.0, 500.0], [67732.5, 5600.0], [67734.0, 8450.0]]}}}
{"jsonrpc": "2.0", "method": "subscription", "params": {"channel": "book.BTC-PERPETUAL.none.20.100ms", "data": {"timestamp": 1771620324470, "change_id": 141449183652, "instrument_name": "BTC-PERPETUAL", "bids": [[67718.0, 194080.0], [67714.0, 9690.0], [67713.5, 6000.0], [67712.5, 2300.0], [67712.0, 25000.0], [67711.0, 14470.0], [67710.5, 260.0], [67709.0, 490.0], [67708.5, 47730.0], [67708.0, 19230.0], [67707.5, 48030.0], [67707.0, 74990.0], [67706.5, 26490.0], [67705.5, 6000.0], [67704.5, 82490.0], [67704.0, 17940.0], [67703.5, 49270.0], [67703.0, 10320.0], [67701.0, 2090.0], [67700.0, 3580.0]], "asks": [[67718.5, 20620.0], [67719.0, 15960.0], [67719.5, 2000.0], [67720.0, 1000.0], [67720.5, 1000.0], [67721.5, 27220.0], [67722.5, 8470.0], [67724.0, 11000.0], [67724.5, 6430.0], [67725.0, 500.0], [67725.5, 28660.0], [67726.5, 4000.0], [67728.5, 75010.0], [67729.0, 35970.0], [67729.5, 68500.0], [67730.0, 6000.0], [67730.5, 65000.0], [67731.0, 500.0], [67732.5, 5600.0], [67734.0, 8450.0]]}}}
{"jsonrpc": "2.0", "method": "subscription", "params": {"channel": "book.BTC-PERPETUAL.none.20.100ms", "data": {"timestamp": 1771620324783, "change_id": 141449183797, "instrument_name": "BTC-PERPETUAL", "bids": [[67718.0, 194080.0], [67714.5, 2300.0], [67714.0, 9690.0], [67713.5, 6000.0], [67712.0, 25000.0], [67711.0, 14470.0], [67710.5, 260.0], [67709.0, 490.0], [67708.5, 47730.0], [67708.0, 19230.0], [67707.5, 48030.0], [67707.0, 74990.0], [67706.5, 7000.0], [67705.5, 6000.0], [67705.0, 19490.0], [67704.5, 82490.0], [67704.0, 17940.0], [67703.5, 49270.0], [67703.0, 10320.0], [67701.0, 2090.0]], "asks": [[67718.5, 54240.0], [67719.0, 13290.0], [67719.5, 2000.0], [67720.0, 1000.0], [67720.5, 1000.0], [67721.0, 11000.0], [67721.5, 8250.0], [67722.5, 220.0], [67724.0, 2070.0], [67724.5, 6930.0], [67725.5, 28660.0], [67726.5, 4000.0], [67727.5, 75010.0], [67728.0, 19500.0], [67729.0, 35970.0], [67729.5, 49000.0], [67730.0, 6000.0], [67730.5, 65000.0], [67731.0, 500.0], [67732.5, 5600.0]]}}}
{"jsonrpc": "2.0", "method": "subscription", "params": {"channel": "book.BTC-PERPETUAL.none.20.100ms", "data": {"timestamp": 1771620325128, "change_id": 141449184609, "instrument_name": "BTC-PERPETUAL", "bids": [[67718.0, 34080.0], [67714.5, 2300.0], [67714.0, 9690.0], [67713.5, 6000.0], [67712.0, 25000.0], [67711.0, 14470.0], [67710.5, 260.0], [67709.0, 490.0], [67708.5, 47730.0], [67708.0, 19230.0], [67707.5, 48030.0], [67706.5, 7000.0], [67705.5, 80990.0], [67705.0, 19490.0], [67704.5, 82490.0], [67704.0, 17940.0], [67703.5, 49270.0], [67703.0, 10320.0], [67701.0, 2090.0], [67700.0, 3580.0]], "asks": [[67718.5, 26590.0], [67719.0, 7990.0], [67719.5, 2000.0], [67720.0, 1000.0], [67720.5, 1000.0], [67722.5, 14000.0], [67723.0, 20000.0], [67723.5, 19250.0], [67724.5, 6930.0], [67725.5, 28660.0], [67726.5, 4000.0], [67727.5, 75010.0], [67729.0, 55470.0], [67729.5, 49000.0], [67730.0, 6000.0], [67730.5, 65000.0], [67731.0, 500.0], [67732.5, 5600.0], [67734.0, 8450.0], [67734.5, 10320.0]]}}}
{"jsonrpc": "2.0", "method": "subscription", "params": {"channel": "book.BTC-PERPETUAL.none.20.100ms", "data": {"timestamp": 1771620325442, "change_id": 141449184965, "instrument_name": "BTC-PERPETUAL", "bids": [[67718.0, 34080.0], [67714.5, 2300.0], [67714.0, 9690.0], [67713.5, 6000.0], [67712.0, 25000.0], [67711.0, 14470.0], [67710.5, 260.0], [67709.0, 490.0], [67708.5, 47730.0], [67708.0, 19230.0], [67707.5, 48030.0], [67706.5, 7000.0], [67705.5, 80990.0], [67705.0, 19490.0], [67704.5, 82490.0], [67704.0, 17940.0], [67703.5, 49270.0], [67703.0, 10320.0], [67701.0, 2090.0], [67700.0, 3580.0]], "asks": [[67718.5, 26590.0], [67719.0, 7990.0], [67719.5, 2000.0], [67720.0, 1000.0], [67720.5, 1000.0], [67721.5, 13850.0], [67722.0, 19250.0], [67722.5, 220.0], [67724.5, 6930.0], [67725.0, 20000.0], [67725.5, 28660.0], [67726.5, 4000.0], [67728.5, 75010.0], [67729.0, 55470.0], [67729.5, 49000.0], [67730.0, 6000.0], [67730.5, 65000.0], [67731.0, 500.0], [67732.5, 5600.0], [67734.0, 8450.0]]}}}
{"jsonrpc": "2.0", "method": "subscription", "params": {"channel": "book.BTC-PERPETUAL.none.20.100ms", "data": {"timestamp": 1771620325788, "change_id": 141449185049, "instrument_name": "BTC-PERPETUAL", "bids": [[67718.0, 34080.0], [67714.5, 2300.0], [67714.0, 9690.0], [67713.5, 6000.0], [67712.0, 25000.0], [67711.0, 14470.0], [67710.5, 260.0], [67709.0, 490.0], [67708.5, 47730.0], [67708.0, 19230.0], [67707.5, 48030.0], [67706.5, 7000.0], [67705.5, 80990.0], [67705.0, 19490.0], [67704.5, 82490.0], [67704.0, 17940.0], [67703.5, 49270.0], [67703.0, 10320.0], [67701.0, 2090.0], [67700.0, 3580.0]], "asks": [[67718.5, 39690.0], [67719.0, 13810.0], [67719.5, 2000.0], [67720.0, 1000.0], [67720.5, 1000.0], [67721.5, 27880.0], [67722.0, 19250.0], [67722.5, 220.0], [67724.5, 6930.0], [67725.5, 28660.0], [67726.5, 4000.0], [67728.5, 75010.0], [67729.0, 55470.0], [67729.5, 49000.0], [67730.0, 6000.0], [67730.5, 65000.0], [67731.0, 500.0], [67732.5, 5600.0], [67734.0, 8450.0], [67734.5, 10320.0]]}}}
{"jsonrpc": "2.0", "method": "subscription", "params": {"channel": "book.BTC-PERPETUAL.none.20.100ms", "data": {"timestamp": 1771620326123, "change_id": 141449185826, "instrument_name": "BTC-PERPETUAL", "bids": [[67718.0, 34080.0], [67714.5, 2300.0], [67714.0, 9690.0], [67713.5, 6000.0], [67712.0, 25000.0], [67711.0, 14470.0], [67710.5, 260.0], [67709.0, 490.0], [67708.5, 58720.0], [67707.0, 8240.0], [67706.5, 61620.0], [67706.0, 74990.0], [67705.5, 6000.0], [67705.0, 19490.0], [67704.5, 82490.0], [67704.0, 17940.0], [67703.5, 49270.0], [67703.0, 10320.0], [67701.0, 2090.0], [67700.0, 3580.0]], "asks": [[67718.5, 26590.0], [67719.0, 11130.0], [67719.5, 2000.0], [67720.0, 1000.0], [67720.5, 1000.0], [67721.0, 11000.0], [67721.5, 9980.0], [67722.0, 8250.0], [67722.5, 220.0], [67724.5, 6430.0], [67725.0, 20500.0], [67725.5, 23560.0], [67726.5, 4000.0], [67728.5, 75010.0], [67729.0, 55470.0], [67729.5, 49000.0], [67730.0, 6000.0], [67730.5, 65000.0], [67731.0, 500.0], [67732.5, 5600.0]]}}}
{"jsonrpc": "2.0", "method": "subscription", "params": {"channel": "book.BTC-PERPETUAL.none.20.100ms", "data": {"timestamp": 1771620326451, "change_id": 141449186193, "instrument_name": "BTC-PERPETUAL", "bids": [[67718.0, 34080.0], [67714.5, 2300.0], [67714.0, 9690.0], [67713.5, 6000.0], [67712.0, 25000.0], [67711.0, 40750.0], [67710.5, 260.0], [67709.0, 490.0], [67708.5, 47730.0], [67708.0, 85980.0], [67707.0, 42560.0], [67706.5, 7000.0], [67705.5, 6000.0], [67705.0, 19490.0], [67704.5, 82490.0], [67704.0, 17940.0], [67703.5, 49270.0], [67703.0, 10320.0], [67701.0, 2090.0], [67700.0, 3580.0]], "asks": [[67718.5, 26590.0], [67719.0, 13190.0], [67719.5, 2000.0], [67720.0, 1000.0], [67720.5, 1000.0], [67721.0, 19250.0], [67721.5, 9980.0], [67722.5, 220.0], [67724.5, 6430.0], [67725.0, 20500.0], [67725.5, 23560.0], [67726.5, 4000.0], [67728.5, 75010.0], [67729.0, 55470.0], [67729.5, 49000.0], [67730.0, 6000.0], [67730.5, 60000.0], [67731.0, 500.0], [67732.5, 5600.0], [67734.0, 8450.0]]}}}
{"jsonrpc": "2.0", "method": "subscription", "params": {"channel": "book.BTC-PERPETUAL.none.20.100ms", "data": {"timestamp": 1771620326787, "change_id": 141449186309, "instrument_name": "BTC-PERPETUAL", "bids": [[67718.0, 34080.0], [67714.5, 2300.0], [67714.0, 9690.0], [67713.5, 6000.0], [67712.0, 25000.0], [67711.0, 40750.0], [67710.5, 260.0], [67709.0, 490.0], [67708.5, 47730.0], [67708.0, 10990.0], [67707.5, 83230.0], [67707.0, 34320.0], [67706.5, 7000.0], [67705.5, 6000.0], [67705.0, 19490.0], [67704.5, 82490.0], [67704.0, 17940.0], [67703.5, 49270.0], [67703.0, 10320.0], [67701.0, 2090.0]], "asks": [[67718.5, 39290.0], [67719.0, 13190.0], [67719.5, 2000.0], [67720.0, 1000.0], [67720.5, 1000.0], [67721.0, 19250.0], [67722.5, 220.0], [67724.0, 2070.0], [67724.5, 6430.0], [67725.0, 500.0], [67725.5, 23560.0], [67726.5, 4000.0], [67728.5, 75010.0], [67729.0, 55470.0], [67729.5, 49000.0], [67730.0, 6000.0], [67730.5, 60000.0], [67731.0, 5500.0], [67732.5, 5600.0], [67734.0, 8450.0]]}}}
{"jsonrpc": "2.0", "method": "subscription", "params": {"channel": "book.BTC-PERPETUAL.none.20.100ms", "data": {"timestamp": 1771620327117, "change_id": 141449186949, "instrument_name": "BTC-PERPETUAL", "bids": [[67718.0, 33960.0], [67714.5, 2300.0], [67714.0, 9690.0], [67713.5, 6000.0], [67712.0, 25000.0], [67711.0, 40750.0], [67710.5, 260.0], [67709.0, 490.0], [67708.5, 47730.0], [67708.0, 85980.0], [67707.5, 8240.0], [67707.0, 34320.0], [67706.5, 7000.0], [67705.5, 6000.0], [67705.0, 19490.0], [67704.5, 82490.0], [67704.0, 17940.0], [67703.5, 49270.0], [67703.0, 10320.0], [67701.0, 2090.0]], "asks": [[67718.5, 26590.0], [67719.0, 7990.0], [67719.5, 2000.0], [67720.0, 1000.0], [67720.5, 1000.0], [67722.5, 220.0], [67723.0, 7810.0], [67723.5, 19250.0], [67724.5, 6430.0], [67725.0, 500.0], [67725.5, 23560.0], [67726.5, 4000.0], [67728.5, 75010.0], [67729.0, 55470.0], [67729.5, 49000.0], [67730.0, 6000.0], [67730.5, 60000.0], [67731.0, 500.0], [67732.5, 5600.0], [67734.0, 8450.0]]}}}
{"jsonrpc": "2.0", "method": "subscription", "params": {"channel": "book.BTC-PERPETUAL.none.20.100ms", "data": {"timestamp": 1771620327450, "change_id": 141449187577, "instrument_name": "BTC-PERPETUAL", "bids": [[67718.0, 40080.0], [67715.5, 210.0], [67714.5, 2300.0], [67714.0, 9690.0], [67713.5, 6000.0], [67712.5, 490.0], [67712.0, 25000.0], [67711.0, 40540.0], [67710.5, 50.0], [67710.0, 74990.0], [67709.5, 9230.0], [67709.0, 19230.0], [67708.5, 38500.0], [67708.0, 19490.0], [67707.0, 34320.0], [67706.5, 7000.0], [67706.0, 49270.0], [67705.5, 6000.0], [67704.5, 82490.0], [67704.0, 3700.0]], "asks": [[67718.5, 20320.0], [67719.0, 800.0], [67719.5, 2000.0], [67720.0, 1000.0], [67720.5, 1000.0], [67723.0, 7810.0], [67724.0, 19250.0], [67724.5, 6430.0], [67728.0, 6470.0], [67728.5, 76780.0], [67729.5, 25000.0], [67730.0, 100510.0], [67730.5, 64000.0], [67731.0, 720.0], [67732.0, 5000.0], [67732.5, 12050.0], [67734.0, 8450.0], [67734.5, 10320.0], [67735.5, 24000.0], [67736.0, 8660.0]]}}}
{"jsonrpc": "2.0", "method": "subscription", "params": {"channel": "book.BTC-PERPETUAL.none.20.100ms", "data": {"timestamp": 1771620327783, "change_id": 141449188041, "instrument_name": "BTC-PERPETUAL", "bids": [[67718.0, 60190.0], [67717.5, 2300.0], [67716.5, 25000.0], [67716.0, 12820.0], [67715.5, 490.0], [67715.0, 9230.0], [67714.5, 40120.0], [67714.0, 10990.0], [67713.5, 6000.0], [67712.0, 19490.0], [67711.5, 74990.0], [67711.0, 24660.0], [67710.5, 50.0], [67710.0, 1000.0], [67709.5, 49270.0], [67708.5, 38500.0], [67707.0, 19370.0], [67706.5, 6000.0], [67706.0, 50000.0], [67705.5, 6000.0]], "asks": [[67718.5, 10380.0], [67719.0, 800.0], [67719.5, 2000.0], [67720.0, 1000.0], [67720.5, 1000.0], [67724.0, 1920.0], [67724.5, 6430.0], [67727.0, 10950.0], [67727.5, 8250.0], [67728.0, 20000.0], [67728.5, 67780.0], [67730.0, 500.0], [67730.5, 64000.0], [67731.0, 720.0], [67731.5, 6000.0], [67732.0, 75010.0], [67732.5, 17050.0], [67734.0, 8450.0], [67734.5, 10320.0], [67735.0, 19500.0]]}}}
{"jsonrpc": "2.0", "method": "subscription", "params": {"channel": "book.BTC-PERPETUAL.none.20.100ms", "data": {"timestamp": 1771620328105, "change_id": 141449188688, "instrument_name": "BTC-PERPETUAL", "bids": [[67718.0, 40390.0], [67717.5, 15120.0], [67717.0, 25000.0], [67715.5, 490.0], [67715.0, 9230.0], [67714.5, 40120.0], [67713.5, 6000.0], [67712.0, 85980.0], [67711.5, 19490.0], [67711.0, 24660.0], [67710.5, 50.0], [67710.0, 1000.0], [67709.5, 49270.0], [67708.5, 38500.0], [67707.0, 19370.0], [67706.5, 6000.0], [67706.0, 50000.0], [67705.5, 6000.0], [67705.0, 2900.0], [67704.0, 3700.0]], "asks": [[67718.5, 10380.0], [67719.0, 800.0], [67719.5, 2000.0], [67720.0, 1000.0], [67720.5, 1000.0], [67724.0, 1920.0], [67724.5, 6430.0], [67727.0, 21950.0], [67728.0, 28250.0], [67728.5, 56780.0], [67730.0, 500.0], [67730.5, 64000.0], [67731.0, 720.0], [67731.5, 6000.0], [67732.0, 75010.0], [67732.5, 17050.0], [67734.0, 8450.0], [67734.5, 10320.0], [67735.0, 19500.0], [67735.5, 24000.0]]}}}
{"jsonrpc": "2.0", "method": "subscription", "params": {"channel": "book.BTC-PERPETUAL.none.20.100ms", "data": {"timestamp": 1771620328442, "change_id": 141449189877, "instrument_name": "BTC-PERPETUAL", "bids": [[67718.0, 183360.0], [67717.5, 28590.0], [67716.5, 25000.0], [67715.5, 60260.0], [67715.0, 19490.0], [67714.0, 3280.0], [67713.5, 6000.0], [67712.5, 5000.0], [67710.5, 50.0], [67709.5, 21190.0], [67709.0, 32500.0], [67708.5, 38500.0], [67707.0, 4450.0], [67706.5, 6000.0], [67705.5, 6000.0], [67705.0, 2900.0], [67704.0, 3700.0], [67703.0, 10320.0], [67701.0, 2090.0], [67700.0, 3580.0]], "asks": [[67718.5, 7760.0], [67719.0, 800.0], [67719.5, 2000.0], [67720.0, 1000.0], [67720.5, 1000.0], [67724.5, 500.0], [67730.0, 20000.0], [67731.0, 500.0], [67735.5, 500.0], [67736.0, 41920.0], [67737.0, 14250.0], [67737.5, 15760.0], [67738.0, 8600.0], [67738.5, 24000.0], [67739.5, 9820.0], [67742.5, 19500.0], [67743.0, 8610.0], [67743.5, 12160.0], [67745.5, 100.0], [67746.0, 40650.0]]}}}
{"jsonrpc": "2.0", "method": "subscription", "params": {"channel": "book.BTC-PERPETUAL.none.20.100ms", "data": {"timestamp": 1771620328775, "change_id": 141449190619, "instrument_name": "BTC-PERPETUAL", "bids": [[67719.5, 231440.0], [67719.0, 57960.0], [67718.5, 8490.0], [67718.0, 91550.0], [67714.0, 3280.0], [67713.5, 6000.0], [67712.5, 5000.0], [67710.5, 50.0], [67709.5, 1790.0], [67708.5, 6000.0], [67707.0, 4450.0], [67706.5, 6000.0], [67705.5, 6000.0], [67705.0, 2900.0], [67704.0, 3700.0], [67703.0, 10320.0], [67701.0, 2090.0], [67700.0, 3580.0], [67699.5, 6000.0], [67699.0, 6000.0]], "asks": [[67720.0, 7720.0], [67720.5, 1000.0], [67726.0, 2300.0], [67731.0, 500.0], [67732.5, 500.0], [67735.5, 500.0], [67736.0, 56270.0], [67736.5, 6000.0], [67737.0, 8250.0], [67737.5, 15760.0], [67738.0, 95010.0], [67738.5, 34600.0], [67739.0, 1190.0], [67739.5, 4000.0], [67743.0, 8610.0], [67743.5, 12160.0], [67745.5, 19600.0], [67746.0, 40650.0], [67747.0, 11830.0], [67747.5, 31000.0]]}}}
{"jsonrpc": "2.0", "method": "subscription", "params": {"channel": "book.BTC-PERPETUAL.none.20.100ms", "data": {"timestamp": 1771620329086, "change_id": 141449191382, "instrument_name": "BTC-PERPETUAL", "bids": [[67720.0, 106550.0], [67719.5, 123130.0], [67719.0, 59810.0], [67718.5, 6930.0], [67718.0, 7330.0], [67714.0, 3280.0], [67713.5, 6000.0], [67713.0, 1000.0], [67712.5, 5000.0], [67710.5, 50.0], [67709.5, 1790.0], [67708.5, 6000.0], [67707.0, 26260.0], [67706.5, 6000.0], [67705.5, 6000.0], [67705.0, 2900.0], [67704.5, 74990.0], [67704.0, 3700.0], [67703.0, 10320.0], [67701.0, 2090.0]], "asks": [[67720.5, 7890.0], [67726.0, 2300.0], [67731.0, 500.0], [67732.5, 500.0], [67735.0, 2610.0], [67735.5, 59750.0], [67736.0, 31220.0], [67736.5, 81010.0], [67737.5, 15760.0], [67738.5, 34600.0], [67739.0, 1190.0], [67739.5, 4000.0], [67742.5, 20550.0], [67743.0, 28110.0], [67745.5, 100.0], [67746.0, 40650.0], [67747.0, 11830.0], [67747.5, 31000.0], [67748.0, 8690.0], [67748.5, 10.0]]}}}
{"jsonrpc": "2.0", "method": "subscription", "params": {"channel": "book.BTC-PERPETUAL.none.20.100ms", "data": {"timestamp": 1771620329425, "change_id": 141449191990, "instrument_name": "BTC-PERPETUAL", "bids": [[67720.0, 134350.0], [67719.5, 126960.0], [67719.0, 9510.0], [67718.5, 55270.0], [67718.0, 6000.0], [67716.0, 74990.0], [67715.5, 32500.0], [67714.0, 2090.0], [67713.5, 6000.0], [67713.0, 1000.0], [67710.5, 50.0], [67709.0, 3280.0], [67708.5, 6000.0], [67707.5, 5000.0], [67707.0, 4450.0], [67706.5, 6000.0], [67705.5, 6000.0], [67705.0, 2900.0], [67704.0, 3700.0], [67703.0, 10320.0]], "asks": [[67720.5, 7890.0], [67726.0, 2300.0], [67731.0, 500.0], [67732.5, 500.0], [67733.5, 500.0], [67734.0, 3430.0], [67735.0, 11000.0], [67735.5, 51000.0], [67736.0, 28470.0], [67736.5, 6000.0], [67737.0, 75010.0], [67737.5, 15760.0], [67738.5, 34600.0], [67739.0, 1190.0], [67739.5, 4000.0], [67743.0, 8610.0], [67745.5, 31730.0], [67746.0, 40650.0], [67747.0, 11830.0], [67747.5, 31000.0]]}}}
{"jsonrpc": "2.0", "method": "subscription", "params": {"channel": "book.BTC-PERPETUAL.none.20.100ms", "data": {"timestamp": 1771620329753, "change_id": 141449192236, "instrument_name": "BTC-PERPETUAL", "bids": [[67720.0, 116670.0], [67719.5, 105540.0], [67719.0, 8300.0], [67718.5, 6000.0], [67718.0, 6000.0], [67716.5, 19980.0], [67715.5, 32500.0], [67714.5, 124260.0], [67714.0, 11520.0], [67713.5, 38500.0], [67713.0, 1000.0], [67710.5, 50.0], [67709.0, 5620.0], [67708.5, 6000.0], [67707.5, 14230.0], [67707.0, 13930.0], [67706.5, 6000.0], [67705.5, 39670.0], [67705.0, 2900.0], [67704.0, 3700.0]], "asks": [[67720.5, 6890.0], [67727.0, 2300.0], [67731.0, 500.0], [67732.5, 500.0], [67733.0, 19250.0], [67733.5, 500.0], [67734.0, 25240.0], [67735.0, 95010.0], [67735.5, 16890.0], [67736.0, 220.0], [67736.5, 6000.0], [67737.5, 15760.0], [67738.5, 34600.0], [67739.0, 6860.0], [67739.5, 4000.0], [67742.5, 19500.0], [67743.0, 8610.0], [67745.5, 12230.0], [67746.0, 40650.0], [67746.5, 9240.0]]}}}
{"jsonrpc": "2.0", "method": "subscription", "params": {"channel": "book.BTC-PERPETUAL.none.20.100ms", "data": {"timestamp": 1771620330096, "change_id": 141449192964, "instrument_name": "BTC-PERPETUAL", "bids": [[67720.0, 115100.0], [67719.5, 111140.0], [67719.0, 8300.0], [67718.5, 6000.0], [67718.0, 6000.0], [67717.0, 19980.0], [67715.5, 32500.0], [67715.0, 49270.0], [67714.5, 74990.0], [67714.0, 11520.0], [67713.5, 38500.0], [67713.0, 1000.0], [67710.5, 50.0], [67709.0, 3280.0], [67708.5, 6000.0], [67707.5, 5000.0], [67707.0, 13930.0], [67706.5, 6000.0], [67705.5, 39670.0], [67705.0, 2900.0]], "asks": [[67720.5, 6890.0], [67727.0, 2300.0], [67731.0, 500.0], [67732.0, 500.0], [67732.5, 33090.0], [67734.5, 19250.0], [67735.0, 95010.0], [67735.5, 16890.0], [67736.0, 4220.0], [67736.5, 6000.0], [67737.5, 15760.0], [67738.5, 34600.0], [67739.0, 6860.0], [67742.5, 19500.0], [67743.0, 8610.0], [67744.5, 19630.0], [67745.0, 25000.0], [67745.5, 100.0], [67746.0, 40650.0], [67746.5, 9240.0]]}}}
{"jsonrpc": "2.0", "method": "subscription", "params": {"channel": "book.BTC-PERPETUAL.none.20.100ms", "data": {"timestamp": 1771620330417, "change_id": 141449193482, "instrument_name": "BTC-PERPETUAL", "bids": [[67720.0, 135610.0], [67719.5, 111140.0], [67719.0, 8790.0], [67718.5, 6000.0], [67718.0, 6000.0], [67716.5, 74990.0], [67715.5, 32500.0], [67715.0, 49270.0], [67714.0, 11520.0], [67713.5, 38500.0], [67713.0, 1000.0], [67710.5, 50.0], [67709.0, 3280.0], [67708.5, 6000.0], [67707.5, 5000.0], [67707.0, 13930.0], [67706.5, 6000.0], [67705.5, 39670.0], [67705.0, 2900.0], [67704.0, 3700.0]], "asks": [[67720.5, 6890.0], [67727.0, 2300.0], [67731.0, 500.0], [67732.5, 12370.0], [67734.0, 500.0], [67734.5, 11000.0], [67735.0, 28250.0], [67735.5, 38310.0], [67736.0, 4220.0], [67736.5, 6000.0], [67737.0, 75010.0], [67737.5, 15760.0], [67738.5, 34600.0], [67739.0, 6860.0], [67742.5, 19500.0], [67743.0, 8610.0], [67744.5, 12160.0], [67745.5, 100.0], [67746.0, 40650.0], [67747.0, 30010.0]]}}}
{"jsonrpc": "2.0", "method": "subscription", "params": {"channel": "book.BTC-PERPETUAL.none.20.100ms", "data": {"timestamp": 1771620330754, "change_id": 141449193650, "instrument_name": "BTC-PERPETUAL", "bids": [[67720.0, 134310.0], [67719.5, 111140.0], [67719.0, 8790.0], [67718.5, 6000.0], [67718.0, 6000.0], [67716.5, 49270.0], [67716.0, 74990.0], [67715.5, 32500.0], [67714.0, 11520.0], [67713.5, 38500.0], [67713.0, 1000.0], [67710.5, 50.0], [67709.0, 3280.0], [67708.5, 6000.0], [67707.5, 5000.0], [67707.0, 13930.0], [67706.5, 6000.0], [67705.5, 39670.0], [67705.0, 2900.0], [67704.5, 8240.0]], "asks": [[67720.5, 6890.0], [67727.0, 2300.0], [67731.0, 500.0], [67732.5, 12370.0], [67734.5, 500.0], [67735.5, 69310.0], [67736.0, 12470.0], [67736.5, 6000.0], [67737.0, 75010.0], [67737.5, 15760.0], [67738.5, 34600.0], [67742.0, 5820.0], [67742.5, 19500.0], [67743.0, 8610.0], [67744.5, 12160.0], [67745.5, 100.0], [67746.0, 40650.0], [67747.0, 30010.0], [67747.5, 6000.0], [67748.0, 8690.0]]}}}
{"jsonrpc": "2.0", "method": "subscription", "params": {"channel": "book.BTC-PERPETUAL.none.20.100ms", "data": {"timestamp": 1771620331077, "change_id": 141449194218, "instrument_name": "BTC-PERPETUAL", "bids": [[67720.0, 134970.0], [67719.5, 111140.0], [67719.0, 8790.0], [67718.5, 6000.0], [67718.0, 6000.0], [67716.5, 49270.0], [67716.0, 74990.0], [67715.5, 32500.0], [67714.0, 11520.0], [67713.5, 38500.0], [67713.0, 1000.0], [67710.5, 50.0], [67709.0, 3280.0], [67708.5, 6000.0], [67707.5, 5000.0], [67707.0, 13930.0], [67706.5, 6000.0], [67705.5, 39670.0], [67705.0, 2900.0], [67704.5, 8240.0]], "asks": [[67720.5, 6890.0], [67727.0, 2300.0], [67731.0, 500.0], [67732.5, 12370.0], [67735.0, 500.0], [67735.5, 69310.0], [67736.0, 12470.0], [67736.5, 6000.0], [67737.0, 75010.0], [67737.5, 15760.0], [67738.5, 34600.0], [67742.0, 5820.0], [67742.5, 19500.0], [67743.0, 8610.0], [67744.5, 12160.0], [67745.5, 100.0], [67746.0, 40650.0], [67747.0, 30010.0], [67747.5, 6000.0], [67748.0, 13690.0]]}}}
{"jsonrpc": "2.0", "method": "subscription", "params": {"channel": "book.BTC-PERPETUAL.none.20.100ms", "data": {"timestamp": 1771620331421, "change_id": 141449194951, "instrument_name": "BTC-PERPETUAL", "bids": [[67720.0, 96590.0], [67719.5, 96360.0], [67719.0, 19290.0], [67718.5, 6490.0], [67718.0, 6000.0], [67717.0, 8240.0], [67716.0, 74990.0], [67715.5, 32500.0], [67715.0, 19490.0], [67714.0, 11490.0], [67713.5, 38500.0], [67710.5, 50.0], [67710.0, 18290.0], [67709.5, 49270.0], [67709.0, 1000.0], [67708.5, 6000.0], [67707.5, 5000.0], [67707.0, 13930.0], [67706.5, 6000.0], [67705.5, 39670.0]], "asks": [[67720.5, 7100.0], [67725.0, 2300.0], [67730.0, 5900.0], [67731.0, 500.0], [67731.5, 8250.0], [67732.0, 11000.0], [67732.5, 6470.0], [67735.0, 20500.0], [67735.5, 44140.0], [67736.0, 4220.0], [67736.5, 6000.0], [67737.0, 75010.0], [67737.5, 15760.0], [67738.0, 19500.0], [67738.5, 34600.0], [67742.5, 22490.0], [67743.0, 33610.0], [67744.5, 5000.0], [67745.5, 9340.0], [67746.0, 41650.0]]}}}
{"jsonrpc": "2.0", "method": "subscription", "params": {"channel": "book.BTC-PERPETUAL.none.20.100ms", "data": {"timestamp": 1771620331752, "change_id": 141449195132, "instrument_name": "BTC-PERPETUAL", "bids": [[67720.0, 114900.0], [67719.5, 96850.0], [67719.0, 8300.0], [67718.5, 25490.0], [67718.0, 6000.0], [67717.0, 74990.0], [67716.5, 49270.0], [67715.5, 32500.0], [67714.5, 11490.0], [67713.5, 38500.0], [67710.5, 50.0], [67709.0, 4280.0], [67708.5, 6000.0], [67707.5, 5000.0], [67707.0, 13930.0], [67706.5, 6000.0], [67705.5, 39670.0], [67705.0, 2900.0], [67704.5, 8240.0], [67704.0, 3700.0]], "asks": [[67720.5, 7100.0], [67725.0, 2300.0], [67731.0, 500.0], [67732.5, 13140.0], [67734.0, 500.0], [67734.5, 19250.0], [67735.0, 20000.0], [67735.5, 44140.0], [67736.0, 220.0], [67736.5, 6000.0], [67737.0, 75010.0], [67737.5, 15760.0], [67738.5, 34600.0], [67741.0, 5820.0], [67741.5, 19500.0], [67742.5, 16520.0], [67743.0, 8610.0], [67744.5, 5000.0], [67745.5, 100.0], [67746.0, 41650.0]]}}}
{"jsonrpc": "2.0", "method": "subscription", "params": {"channel": "book.BTC-PERPETUAL.none.20.100ms", "data": {"timestamp": 1771620332052, "change_id": 141449195717, "instrument_name": "BTC-PERPETUAL", "bids": [[67720.0, 135640.0], [67719.5, 96360.0], [67719.0, 83290.0], [67718.5, 6000.0], [67718.0, 6000.0], [67717.5, 49270.0], [67715.5, 32500.0], [67714.5, 11490.0], [67713.5, 38500.0], [67710.5, 50.0], [67709.0, 4280.0], [67708.5, 6000.0], [67707.5, 5000.0], [67707.0, 13930.0], [67706.5, 6000.0], [67705.5, 39670.0], [67705.0, 2900.0], [67704.5, 8240.0], [67704.0, 3700.0], [67703.0, 10320.0]], "asks": [[67720.5, 6890.0], [67725.0, 2300.0], [67731.0, 500.0], [67732.5, 6470.0], [67735.5, 36890.0], [67736.0, 19970.0], [67736.5, 6000.0], [67737.0, 4000.0], [67737.5, 15760.0], [67738.5, 34600.0], [67740.5, 28210.0], [67741.0, 75010.0], [67742.5, 36020.0], [67743.0, 8610.0], [67744.5, 5000.0], [67745.5, 100.0], [67746.0, 41650.0], [67747.0, 30010.0], [67747.5, 6000.0], [67748.0, 8690.0]]}}}
{"jsonrpc": "2.0", "method": "subscription", "params": {"channel": "book.BTC-PERPETUAL.none.20.100ms", "data": {"timestamp": 1771620332411, "change_id": 141449196274, "instrument_name": "BTC-PERPETUAL", "bids": [[67720.0, 135890.0], [67719.5, 171350.0], [67719.0, 57570.0], [67718.5, 6000.0], [67718.0, 6000.0], [67715.5, 32500.0], [67714.5, 11490.0], [67713.5, 38500.0], [67712.5, 1000.0], [67710.5, 50.0], [67709.0, 3280.0], [67708.5, 6000.0], [67707.5, 5000.0], [67707.0, 13930.0], [67706.5, 6000.0], [67705.5, 39670.0], [67705.0, 2900.0], [67704.5, 8240.0], [67704.0, 3700.0], [67703.0, 10320.0]], "asks": [[67720.5, 6890.0], [67725.0, 2300.0], [67731.0, 500.0], [67732.5, 2960.0], [67735.5, 56820.0], [67736.0, 720.0], [67736.5, 14250.0], [67737.0, 24000.0], [67737.5, 15760.0], [67738.5, 34600.0], [67739.0, 75010.0], [67742.5, 16520.0], [67743.0, 8610.0], [67745.5, 19600.0], [67746.0, 41650.0], [67746.5, 15230.0], [67747.0, 25000.0], [67747.5, 6000.0], [67748.0, 13690.0], [67749.0, 2090.0]]}}}
{"jsonrpc": "2.0", "method": "subscription", "params": {"channel": "book.BTC-PERPETUAL.none.20.100ms", "data": {"timestamp": 1771620332736, "change_id": 141449196541, "instrument_name": "BTC-PERPETUAL", "bids": [[67720.0, 259510.0], [67719.5, 71760.0], [67719.0, 8300.0], [67718.5, 6000.0], [67718.0, 6000.0], [67715.5, 32500.0], [67714.5, 11490.0], [67713.5, 38500.0], [67712.5, 1000.0], [67710.5, 50.0], [67709.0, 3280.0], [67708.5, 6000.0], [67707.5, 5000.0], [67707.0, 6340.0], [67706.5, 6000.0], [67705.5, 6000.0], [67705.0, 2900.0], [67704.5, 8240.0], [67704.0, 3700.0], [67703.0, 10320.0]], "asks": [[67720.5, 6890.0], [67727.5, 2300.0], [67731.0, 500.0], [67732.5, 500.0], [67734.5, 3280.0], [67735.0, 11000.0], [67735.5, 29950.0], [67736.0, 220.0], [67736.5, 6500.0], [67737.0, 32250.0], [67737.5, 15760.0], [67738.5, 34600.0], [67740.5, 22390.0], [67741.0, 75010.0], [67742.5, 16520.0], [67743.0, 8610.0], [67745.5, 19600.0], [67746.0, 41650.0], [67746.5, 15230.0], [67747.0, 25000.0]]}}}
{"jsonrpc": "2.0", "method": "subscription", "params": {"channel": "book.BTC-PERPETUAL.none.20.100ms", "data": {"timestamp": 1771620333062, "change_id": 141449197132, "instrument_name": "BTC-PERPETUAL", "bids": [[67720.0, 115780.0], [67719.5, 159440.0], [67719.0, 27790.0], [67718.5, 6000.0], [67718.0, 6000.0], [67716.0, 49270.0], [67715.5, 32500.0], [67714.5, 11490.0], [67713.5, 38500.0], [67712.5, 1000.0], [67710.5, 50.0], [67709.0, 3280.0], [67708.5, 6000.0], [67707.5, 5000.0], [67707.0, 6340.0], [67706.5, 6000.0], [67705.5, 6000.0], [67705.0, 2900.0], [67704.5, 8240.0], [67704.0, 3700.0]], "asks": [[67720.5, 6890.0], [67727.5, 2300.0], [67731.0, 500.0], [67732.5, 500.0], [67733.5, 5330.0], [67735.0, 19250.0], [67735.5, 18230.0], [67736.0, 220.0], [67736.5, 6500.0], [67737.0, 4000.0], [67737.5, 15760.0], [67738.5, 34600.0], [67739.5, 22390.0], [67742.0, 75010.0], [67742.5, 36020.0], [67743.0, 8610.0], [67745.5, 100.0], [67746.0, 41650.0], [67746.5, 15230.0], [67747.0, 25000.0]]}}}
{"jsonrpc": "2.0", "method": "subscription", "params": {"channel": "book.BTC-PERPETUAL.none.20.100ms", "data": {"timestamp": 1771620333397, "change_id": 141449197735, "instrument_name": "BTC-PERPETUAL", "bids": [[67720.0, 294710.0], [67719.5, 159440.0], [67719.0, 8300.0], [67718.5, 6000.0], [67718.0, 6000.0], [67716.0, 49270.0], [67715.5, 32500.0], [67714.5, 11490.0], [67713.5, 38500.0], [67712.5, 1000.0], [67710.5, 50.0], [67709.0, 3280.0], [67708.5, 6000.0], [67707.5, 5000.0], [67707.0, 6340.0], [67706.5, 6000.0], [67705.5, 6000.0], [67705.0, 2900.0], [67704.5, 8240.0], [67704.0, 3700.0]], "asks": [[67720.5, 6890.0], [67727.5, 2300.0], [67731.0, 500.0], [67732.5, 500.0], [67733.5, 5330.0], [67735.0, 19250.0], [67735.5, 18230.0], [67736.0, 220.0], [67736.5, 6500.0], [67737.0, 4000.0], [67737.5, 15760.0], [67738.5, 34600.0], [67739.0, 28210.0], [67742.0, 75010.0], [67742.5, 36020.0], [67743.0, 8610.0], [67745.5, 100.0], [67746.0, 41650.0], [67746.5, 15230.0], [67747.0, 25000.0]]}}}
{"jsonrpc": "2.0", "method": "subscription", "params": {"channel": "book.BTC-PERPETUAL.none.20.100ms", "data": {"timestamp": 1771620333734, "change_id": 141449197992, "instrument_name": "BTC-PERPETUAL", "bids": [[67720.0, 293800.0], [67719.5, 159440.0], [67719.0, 8300.0], [67718.5, 6000.0], [67718.0, 6000.0], [67716.0, 49270.0], [67715.5, 32500.0], [67714.5, 11490.0], [67713.5, 38500.0], [67712.5, 1000.0], [67710.5, 50.0], [67709.0, 13070.0], [67708.5, 6000.0], [67707.5, 39180.0], [67707.0, 6340.0], [67706.5, 6000.0], [67705.5, 6000.0], [67705.0, 2900.0], [67704.5, 8240.0], [67704.0, 3700.0]], "asks": [[67720.5, 6890.0], [67727.5, 2300.0], [67731.0, 500.0], [67732.5, 500.0], [67734.5, 5330.0], [67735.0, 8250.0], [67735.5, 38620.0], [67736.0, 220.0], [67736.5, 500.0], [67737.0, 30000.0], [67737.5, 15760.0], [67738.5, 34600.0], [67739.0, 28210.0], [67742.0, 94510.0], [67742.5, 16520.0], [67743.0, 8610.0], [67745.5, 100.0], [67746.0, 41650.0], [67746.5, 15230.0], [67747.0, 25000.0]]}}}
{"jsonrpc": "2.0", "method": "subscription", "params": {"channel": "book.BTC-PERPETUAL.none.20.100ms", "data": {"timestamp": 1771620334046, "change_id": 141449198638, "instrument_name": "BTC-PERPETUAL", "bids": [[67720.0, 275830.0], [67719.5, 105220.0], [67719.0, 27790.0], [67718.5, 6000.0], [67718.0, 6000.0], [67716.5, 74990.0], [67716.0, 49270.0], [67715.5, 32500.0], [67714.5, 11490.0], [67713.5, 38500.0], [67712.5, 1000.0], [67710.5, 50.0], [67709.0, 13070.0], [67708.5, 6000.0], [67707.5, 39180.0], [67707.0, 6340.0], [67706.5, 6000.0], [67705.5, 6000.0], [67705.0, 2900.0], [67704.5, 8240.0]], "asks": [[67720.5, 6890.0], [67727.5, 2300.0], [67731.0, 500.0], [67732.5, 500.0], [67733.5, 11030.0], [67735.0, 39250.0], [67735.5, 18580.0], [67736.0, 220.0], [67737.0, 10000.0], [67737.5, 15760.0], [67738.5, 34600.0], [67740.0, 28210.0], [67741.5, 75010.0], [67742.0, 19500.0], [67742.5, 16520.0], [67743.0, 8610.0], [67745.5, 100.0], [67746.0, 41650.0], [67746.5, 15230.0], [67747.0, 25000.0]]}}}
{"jsonrpc": "2.0", "method": "subscription", "params": {"channel": "book.BTC-PERPETUAL.none.20.100ms", "data": {"timestamp": 1771620334395, "change_id": 141449199211, "instrument_name": "BTC-PERPETUAL", "bids": [[67720.0, 344740.0], [67719.5, 93430.0], [67719.0, 83290.0], [67718.5, 6000.0], [67718.0, 6000.0], [67715.5, 37500.0], [67714.5, 11490.0], [67713.5, 38500.0], [67712.5, 1000.0], [67710.5, 50.0], [67709.0, 13070.0], [67708.5, 6000.0], [67707.5, 34180.0], [67707.0, 6340.0], [67706.5, 6000.0], [67705.5, 6000.0], [67705.0, 2900.0], [67704.5, 8240.0], [67704.0, 3700.0], [67703.0, 10320.0]], "asks": [[67720.5, 6890.0], [67727.5, 2300.0], [67731.0, 500.0], [67732.5, 500.0], [67735.5, 27640.0], [67736.0, 220.0], [67736.5, 11500.0], [67737.0, 38250.0], [67737.5, 15760.0], [67738.5, 34600.0], [67741.0, 22390.0], [67742.0, 75010.0], [67742.5, 16520.0], [67743.0, 8610.0], [67745.5, 19600.0], [67746.0, 41650.0], [67746.5, 15230.0], [67747.0, 25000.0], [67747.5, 6000.0], [67748.0, 8690.0]]}}}
{"jsonrpc": "2.0", "method": "subscription", "params": {"channel": "book.BTC-PERPETUAL.none.20.100ms", "data": {"timestamp": 1771620334710, "change_id": 141449199339, "instrument_name": "BTC-PERPETUAL", "bids": [[67720.0, 294770.0], [67719.5, 93430.0], [67719.0, 8300.0], [67718.5, 6000.0], [67718.0, 6000.0], [67716.5, 49270.0], [67716.0, 74990.0], [67715.5, 37500.0], [67714.5, 11490.0], [67713.5, 38500.0], [67712.5, 1000.0], [67710.5, 50.0], [67709.0, 13070.0], [67708.5, 6000.0], [67707.5, 34180.0], [67707.0, 6340.0], [67706.5, 6000.0], [67705.5, 6000.0], [67705.0, 2900.0], [67704.5, 8240.0]], "asks": [[67720.5, 6890.0], [67727.5, 2300.0], [67731.0, 500.0], [67732.5, 500.0], [67734.5, 2460.0], [67735.0, 8250.0], [67735.5, 27640.0], [67736.0, 11220.0], [67736.5, 500.0], [67737.0, 30000.0], [67737.5, 15760.0], [67738.5, 34600.0], [67739.0, 28210.0], [67739.5, 75010.0], [67742.5, 36020.0], [67743.0, 8610.0], [67745.5, 100.0], [67746.0, 41650.0], [67746.5, 15230.0], [67747.0, 25000.0]]}}}
{"jsonrpc": "2.0", "method": "subscription", "params": {"channel": "book.BTC-PERPETUAL.none.20.100ms", "data": {"timestamp": 1771620335019, "change_id": 141449199833, "instrument_name": "BTC-PERPETUAL", "bids": [[67720.0, 295170.0], [67719.5, 93430.0], [67719.0, 8300.0], [67718.5, 6000.0], [67718.0, 6000.0], [67717.0, 74990.0], [67716.5, 49270.0], [67715.5, 32500.0], [67714.5, 11490.0], [67713.5, 38500.0], [67712.5, 1000.0], [67710.5, 50.0], [67709.5, 5000.0], [67709.0, 13070.0], [67708.5, 6000.0], [67707.5, 34180.0], [67707.0, 6340.0], [67706.5, 6000.0], [67705.5, 6000.0], [67705.0, 2900.0]], "asks": [[67720.5, 6890.0], [67727.5, 2300.0], [67731.0, 500.0], [67732.5, 500.0], [67733.5, 5480.0], [67735.0, 19750.0], [67735.5, 42910.0], [67736.0, 220.0], [67737.0, 30000.0], [67737.5, 15760.0], [67738.0, 75010.0], [67738.5, 34600.0], [67741.5, 5820.0], [67742.0, 19500.0], [67742.5, 16520.0], [67743.0, 8610.0], [67745.5, 100.0], [67746.0, 41650.0], [67746.5, 15230.0], [67747.0, 25000.0]]}}}
{"jsonrpc": "2.0", "method": "subscription", "params": {"channel": "book.BTC-PERPETUAL.none.20.100ms", "data": {"timestamp": 1771620335357, "change_id": 141449200474, "instrument_name": "BTC-PERPETUAL", "bids": [[67720.0, 294250.0], [67719.5, 93430.0], [67719.0, 57570.0], [67718.5, 6000.0], [67718.0, 6000.0], [67716.0, 74990.0], [67715.5, 32500.0], [67714.5, 11490.0], [67713.5, 38500.0], [67712.5, 1000.0], [67710.5, 50.0], [67709.5, 5000.0], [67709.0, 13070.0], [67708.5, 6000.0], [67707.5, 34180.0], [67707.0, 6340.0], [67706.5, 6000.0], [67705.5, 6000.0], [67705.0, 2900.0], [67704.5, 8240.0]], "asks": [[67720.5, 9050.0], [67727.5, 2300.0], [67731.0, 500.0], [67732.5, 500.0], [67735.0, 500.0], [67735.5, 42910.0], [67736.0, 220.0], [67736.5, 11000.0], [67737.0, 38250.0], [67737.5, 15760.0], [67738.0, 75010.0], [67738.5, 34600.0], [67742.5, 16520.0], [67743.0, 8610.0], [67745.5, 19600.0], [67746.0, 41650.0], [67746.5, 15230.0], [67747.0, 25000.0], [67747.5, 6000.0], [67748.0, 8690.0]]}}}
{"jsonrpc": "2.0", "method": "subscription", "params": {"channel": "book.BTC-PERPETUAL.none.20.100ms", "data": {"timestamp": 1771620335709, "change_id": 141449200775, "instrument_name": "BTC-PERPETUAL", "bids": [[67720.0, 70980.0], [67719.5, 120870.0], [67719.0, 16540.0], [67718.5, 6000.0], [67718.0, 6000.0], [67717.0, 490.0], [67716.5, 19490.0], [67715.5, 32500.0], [67715.0, 99990.0], [67714.5, 25030.0], [67714.0, 49270.0], [67713.5, 38500.0], [67712.5, 6000.0], [67710.5, 50.0], [67709.0, 13070.0], [67708.5, 6000.0], [67707.5, 34180.0], [67707.0, 6340.0], [67706.5, 6000.0], [67705.5, 6000.0]], "asks": [[67720.5, 9050.0], [67725.0, 2300.0], [67731.0, 500.0], [67731.5, 3280.0], [67732.0, 11000.0], [67732.5, 500.0], [67733.5, 8750.0], [67734.0, 30370.0], [67735.0, 95010.0], [67735.5, 15270.0], [67736.0, 220.0], [67737.0, 10000.0], [67737.5, 15760.0], [67738.5, 34600.0], [67741.5, 5820.0], [67742.0, 19500.0], [67742.5, 16520.0], [67743.0, 33610.0], [67745.5, 100.0], [67746.0, 41650.0]]}}}
{"jsonrpc": "2.0", "method": "subscription", "params": {"channel": "book.BTC-PERPETUAL.none.20.100ms", "data": {"timestamp": 1771620336039, "change_id": 141449201513, "instrument_name": "BTC-PERPETUAL", "bids": [[67720.0, 114690.0], [67719.5, 110370.0], [67719.0, 8300.0], [67718.5, 6000.0], [67718.0, 25490.0], [67717.0, 74990.0], [67716.0, 49270.0], [67715.5, 32500.0], [67714.5, 11490.0], [67713.5, 38500.0], [67712.5, 1000.0], [67710.5, 50.0], [67709.0, 13070.0], [67708.5, 6000.0], [67707.5, 39180.0], [67707.0, 6340.0], [67706.5, 6000.0], [67705.5, 6000.0], [67705.0, 2900.0], [67704.5, 8240.0]], "asks": [[67720.5, 9050.0], [67725.0, 2300.0], [67731.0, 500.0], [67732.5, 12730.0], [67733.5, 4000.0], [67735.0, 39750.0], [67735.5, 37330.0], [67736.0, 220.0], [67737.0, 81010.0], [67737.5, 15760.0], [67738.5, 34600.0], [67741.5, 5820.0], [67742.0, 19500.0], [67742.5, 16520.0], [67743.0, 8610.0], [67744.0, 25000.0], [67744.5, 5000.0], [67745.5, 100.0], [67746.0, 41650.0], [67746.5, 9240.0]]}}}
{"jsonrpc": "2.0", "method": "subscription", "params": {"channel": "book.BTC-PERPETUAL.none.20.100ms", "data": {"timestamp": 1771620336352, "change_id": 141449202023, "instrument_name": "BTC-PERPETUAL", "bids": [[67720.0, 114270.0], [67719.5, 109880.0], [67719.0, 8300.0], [67718.5, 6000.0], [67718.0, 25490.0], [67716.5, 74990.0], [67716.0, 49270.0], [67715.5, 32500.0], [67714.5, 11490.0], [67713.5, 38500.0], [67712.5, 1000.0], [67710.5, 50.0], [67709.0, 13070.0], [67708.5, 6000.0], [67707.5, 39180.0], [67707.0, 6340.0], [67706.5, 6000.0], [67705.5, 6000.0], [67705.0, 2900.0], [67704.5, 8240.0]], "asks": [[67720.5, 4900.0], [67725.0, 2300.0], [67731.0, 500.0], [67732.5, 12730.0], [67733.5, 4000.0], [67734.5, 500.0], [67735.0, 39250.0], [67735.5, 37330.0], [67736.0, 220.0], [67737.0, 6000.0], [67737.5, 15760.0], [67738.0, 75010.0], [67738.5, 34600.0], [67741.5, 5820.0], [67742.0, 19500.0], [67742.5, 16520.0], [67743.0, 8610.0], [67744.0, 25000.0], [67745.5, 100.0], [67746.0, 41650.0]]}}}
{"jsonrpc": "2.0", "method": "subscription", "params": {"channel": "book.BTC-PERPETUAL.none.20.100ms", "data": {"timestamp": 1771620336700, "change_id": 141449202094, "instrument_name": "BTC-PERPETUAL", "bids": [[67720.0, 115570.0], [67719.5, 109880.0], [67719.0, 8300.0], [67718.5, 6000.0], [67718.0, 25490.0], [67716.5, 74990.0], [67716.0, 49270.0], [67715.5, 32500.0], [67714.5, 11490.0], [67713.5, 38500.0], [67712.5, 1000.0], [67710.5, 50.0], [67709.0, 13070.0], [67708.5, 6000.0], [67707.5, 39180.0], [67707.0, 6340.0], [67706.5, 6000.0], [67705.5, 6000.0], [67705.0, 2900.0], [67704.5, 8240.0]], "asks": [[67720.5, 4900.0], [67725.0, 2300.0], [67731.0, 500.0], [67732.5, 12730.0], [67733.5, 4000.0], [67734.5, 500.0], [67735.0, 39250.0], [67735.5, 37330.0], [67736.0, 220.0], [67737.0, 6000.0], [67737.5, 15760.0], [67738.0, 75010.0], [67738.5, 34600.0], [67741.5, 5820.0], [67742.0, 19500.0], [67742.5, 16520.0], [67743.0, 8610.0], [67744.0, 25000.0], [67745.5, 100.0], [67746.0, 41650.0]]}}}
{"jsonrpc": "2.0", "method": "subscription", "params": {"channel": "book.BTC-PERPETUAL.none.20.100ms", "data": {"timestamp": 1771620337002, "change_id": 141449202466, "instrument_name": "BTC-PERPETUAL", "bids": [[67720.0, 115630.0], [67719.5, 109880.0], [67719.0, 8300.0], [67718.5, 6000.0], [67718.0, 25490.0], [67716.5, 74990.0], [67716.0, 49270.0], [67715.5, 32500.0], [67714.5, 11490.0], [67713.5, 38500.0], [67712.5, 1000.0], [67710.5, 50.0], [67709.0, 13070.0], [67708.5, 6000.0], [67707.5, 39180.0], [67707.0, 6340.0], [67706.5, 6000.0], [67705.5, 6000.0], [67705.0, 2900.0], [67704.5, 8240.0]], "asks": [[67720.5, 4900.0], [67725.0, 2300.0], [67731.0, 500.0], [67732.5, 12730.0], [67733.5, 4000.0], [67734.5, 500.0], [67735.0, 39250.0], [67735.5, 37330.0], [67736.0, 220.0], [67737.0, 6000.0], [67737.5, 15760.0], [67738.0, 75010.0], [67738.5, 34600.0], [67741.5, 5820.0], [67742.0, 19500.0], [67742.5, 16520.0], [67743.0, 8610.0], [67744.0, 25000.0], [67745.5, 100.0], [67746.0, 41650.0]]}}}
{"jsonrpc": "2.0", "method": "subscription", "params": {"channel": "book.BTC-PERPETUAL.none.20.100ms", "data": {"timestamp": 1771620337364, "change_id": 141449203209, "instrument_name": "BTC-PERPETUAL", "bids": [[67720.0, 135610.0], [67719.5, 109880.0], [67719.0, 57570.0], [67718.5, 6000.0], [67718.0, 6000.0], [67716.5, 74990.0], [67715.5, 32500.0], [67714.5, 11490.0], [67713.5, 38500.0], [67712.5, 1000.0], [67710.5, 50.0], [67709.0, 13070.0], [67708.5, 6000.0], [67707.5, 39180.0], [67707.0, 6340.0], [67706.5, 6000.0], [67705.5, 6000.0], [67705.0, 2900.0], [67704.5, 8240.0], [67704.0, 3700.0]], "asks": [[67720.5, 4900.0], [67727.0, 2300.0], [67731.0, 500.0], [67732.5, 500.0], [67734.5, 500.0], [67735.5, 37330.0], [67736.0, 220.0], [67736.5, 19250.0], [67737.0, 6000.0], [67737.5, 19760.0], [67738.0, 75010.0], [67738.5, 34600.0], [67742.5, 26200.0], [67743.0, 8610.0], [67743.5, 19500.0], [67744.0, 25000.0], [67745.5, 100.0], [67746.0, 41650.0], [67747.5, 6000.0], [67748.0, 13690.0]]}}}
{"jsonrpc": "2.0", "method": "subscription", "params": {"channel": "book.BTC-PERPETUAL.none.20.100ms", "data": {"timestamp": 1771620337650, "change_id": 141449203312, "instrument_name": "BTC-PERPETUAL", "bids": [[67720.0, 136310.0], [67719.5, 109880.0], [67719.0, 8300.0], [67718.5, 6000.0], [67718.0, 6000.0], [67717.0, 49270.0], [67716.0, 74990.0], [67715.5, 32500.0], [67714.5, 11490.0], [67713.5, 38500.0], [67712.5, 1000.0], [67710.5, 50.0], [67709.0, 13070.0], [67708.5, 6000.0], [67707.5, 34180.0], [67707.0, 6340.0], [67706.5, 6000.0], [67705.5, 6000.0], [67705.0, 2900.0], [67704.5, 8240.0]], "asks": [[67720.5, 4900.0], [67727.0, 2300.0], [67731.0, 500.0], [67732.5, 500.0], [67734.5, 5980.0], [67735.0, 19250.0], [67735.5, 37330.0], [67736.0, 220.0], [67737.0, 26000.0], [67737.5, 19760.0], [67738.0, 75010.0], [67738.5, 34600.0], [67742.5, 26200.0], [67743.0, 8610.0], [67743.5, 19500.0], [67744.0, 25000.0], [67745.5, 100.0], [67746.0, 41650.0], [67747.5, 6000.0], [67748.0, 13690.0]]}}}
{"jsonrpc": "2.0", "method": "subscription", "params": {"channel": "book.BTC-PERPETUAL.none.20.100ms", "data": {"timestamp": 1771620338034, "change_id": 141449203950, "instrument_name": "BTC-PERPETUAL", "bids": [[67720.0, 136040.0], [67719.5, 109880.0], [67719.0, 8300.0], [67718.5, 6000.0], [67718.0, 6000.0], [67717.5, 74990.0], [67716.0, 49270.0], [67715.5, 32500.0], [67714.5, 11490.0], [67713.5, 38500.0], [67712.5, 1000.0], [67710.5, 50.0], [67709.0, 13070.0], [67708.5, 6000.0], [67707.5, 34180.0], [67707.0, 6340.0], [67706.5, 6000.0], [67705.5, 6000.0], [67705.0, 2900.0], [67704.5, 8240.0]], "asks": [[67720.5, 4900.0], [67727.0, 2300.0], [67731.0, 500.0], [67732.5, 500.0], [67734.5, 5480.0], [67735.0, 19750.0], [67735.5, 22100.0], [67736.0, 220.0], [67737.0, 26000.0], [67737.5, 19760.0], [67738.5, 34600.0], [67741.0, 28210.0], [67741.5, 75010.0], [67742.0, 19500.0], [67742.5, 26200.0], [67743.0, 8610.0], [67744.0, 25000.0], [67745.5, 100.0], [67746.0, 41650.0], [67747.5, 6000.0]]}}}
{"jsonrpc": "2.0", "method": "subscription", "params": {"channel": "book.BTC-PERPETUAL.none.20.100ms", "data": {"timestamp": 1771620338353, "change_id": 141449204489, "instrument_name": "BTC-PERPETUAL", "bids": [[67720.0, 136510.0], [67719.5, 110030.0], [67719.0, 8300.0], [67718.5, 6000.0], [67718.0, 6000.0], [67716.5, 74990.0], [67716.0, 49270.0], [67715.5, 32500.0], [67714.5, 11490.0], [67713.5, 38500.0], [67712.5, 1000.0], [67710.5, 50.0], [67709.0, 13070.0], [67708.5, 6000.0], [67707.5, 34180.0], [67707.0, 6340.0], [67706.5, 6000.0], [67705.5, 6000.0], [67705.0, 2900.0], [67704.5, 8240.0]], "asks": [[67720.5, 4900.0], [67727.0, 2300.0], [67731.0, 500.0], [67732.5, 500.0], [67734.5, 5480.0], [67735.0, 19250.0], [67735.5, 22100.0], [67736.0, 220.0], [67736.5, 500.0], [67737.0, 26000.0], [67737.5, 19760.0], [67738.5, 34600.0], [67739.0, 28210.0], [67739.5, 75010.0], [67742.0, 19500.0], [67742.5, 16520.0], [67743.0, 8610.0], [67745.5, 100.0], [67746.0, 58370.0], [67746.5, 25000.0]]}}}
{"jsonrpc": "2.0", "method": "subscription", "params": {"channel": "book.BTC-PERPETUAL.none.20.100ms", "data": {"timestamp": 1771620338678, "change_id": 141449204571, "instrument_name": "BTC-PERPETUAL", "bids": [[67720.0, 135800.0], [67719.5, 110030.0], [67719.0, 8300.0], [67718.5, 6000.0], [67718.0, 6000.0], [67716.5, 74990.0], [67716.0, 49270.0], [67715.5, 32500.0], [67714.5, 11490.0], [67713.5, 38500.0], [67712.5, 1000.0], [67710.5, 50.0], [67709.0, 13070.0], [67708.5, 6000.0], [67707.5, 34180.0], [67707.0, 6340.0], [67706.5, 6000.0], [67705.5, 6000.0], [67705.0, 2900.0], [67704.5, 8240.0]], "asks": [[67720.5, 4900.0], [67727.0, 2300.0], [67731.0, 500.0], [67732.5, 500.0], [67734.5, 5480.0], [67735.0, 19250.0], [67735.5, 22100.0], [67736.0, 220.0], [67736.5, 500.0], [67737.0, 26000.0], [67737.5, 19760.0], [67738.5, 34600.0], [67741.0, 28210.0], [67741.5, 75010.0], [67742.0, 19500.0], [67742.5, 16520.0], [67743.0, 8610.0], [67745.5, 100.0], [67746.0, 58370.0], [67746.5, 25000.0]]}}}
{"jsonrpc": "2.0", "method": "subscription", "params": {"channel": "book.BTC-PERPETUAL.none.20.100ms", "data": {"timestamp": 1771620339023, "change_id": 141449205055, "instrument_name": "BTC-PERPETUAL", "bids": [[67720.0, 117780.0], [67719.5, 110030.0], [67719.0, 27790.0], [67718.5, 6000.0], [67718.0, 6000.0], [67716.5, 74990.0], [67716.0, 49270.0], [67715.5, 32500.0], [67714.5, 11490.0], [67713.5, 38500.0], [67712.5, 1000.0], [67710.5, 50.0], [67709.0, 13070.0], [67708.5, 6000.0], [67707.5, 34180.0], [67707.0, 6340.0], [67706.5, 6000.0], [67705.5, 6000.0], [67705.0, 2900.0], [67704.5, 8240.0]], "asks": [[67720.5, 4900.0], [67727.0, 2300.0], [67731.0, 500.0], [67732.5, 500.0], [67734.5, 5980.0], [67735.0, 19250.0], [67735.5, 43620.0], [67736.0, 220.0], [67737.0, 26000.0], [67737.5, 19760.0], [67738.0, 75010.0], [67738.5, 34600.0], [67741.5, 5820.0], [67742.0, 19500.0], [67742.5, 16520.0], [67743.0, 8610.0], [67745.5, 100.0], [67746.0, 58370.0], [67746.5, 25000.0], [67747.5, 6000.0]]}}}
{"jsonrpc": "2.0", "method": "subscription", "params": {"channel": "book.BTC-PERPETUAL.none.20.100ms", "data": {"timestamp": 1771620339316, "change_id": 141449205716, "instrument_name": "BTC-PERPETUAL", "bids": [[67720.0, 137270.0], [67719.5, 110030.0], [67719.0, 8300.0], [67718.5, 6000.0], [67718.0, 6000.0], [67716.5, 74990.0], [67716.0, 49270.0], [67715.5, 32500.0], [67714.5, 11490.0], [67713.5, 38500.0], [67712.5, 1000.0], [67710.5, 50.0], [67709.0, 13070.0], [67708.5, 6000.0], [67707.5, 34180.0], [67707.0, 6340.0], [67706.5, 6000.0], [67705.5, 6000.0], [67705.0, 2900.0], [67704.5, 8240.0]], "asks": [[67720.5, 4900.0], [67727.0, 2300.0], [67731.0, 500.0], [67732.5, 500.0], [67734.0, 500.0], [67734.5, 5480.0], [67735.0, 19250.0], [67735.5, 43620.0], [67736.0, 220.0], [67737.0, 101010.0], [67737.5, 19760.0], [67738.5, 34600.0], [67741.5, 5820.0], [67742.0, 19500.0], [67742.5, 16520.0], [67743.0, 8610.0], [67745.5, 100.0], [67746.0, 58370.0], [67746.5, 25000.0], [67747.5, 6000.0]]}}}
{"jsonrpc": "2.0", "method": "subscription", "params": {"channel": "book.BTC-PERPETUAL.none.20.100ms", "data": {"timestamp": 1771620339686, "change_id": 141449206994, "instrument_name": "BTC-PERPETUAL", "bids": [[67720.0, 135960.0], [67719.5, 110030.0], [67719.0, 8300.0], [67718.5, 6000.0], [67718.0, 6000.0], [67716.5, 74990.0], [67716.0, 49270.0], [67715.5, 32500.0], [67714.5, 11490.0], [67713.5, 38500.0], [67712.5, 1000.0], [67710.5, 50.0], [67709.0, 13070.0], [67708.5, 6000.0], [67707.5, 34180.0], [67707.0, 6340.0], [67706.5, 6000.0], [67705.5, 6000.0], [67705.0, 2900.0], [67704.5, 8240.0]], "asks": [[67720.5, 4900.0], [67727.0, 2300.0], [67731.0, 500.0], [67732.5, 500.0], [67734.5, 5480.0], [67735.0, 19750.0], [67735.5, 43620.0], [67736.0, 220.0], [67737.0, 26000.0], [67737.5, 19760.0], [67738.0, 75010.0], [67738.5, 34600.0], [67741.5, 5820.0], [67742.0, 19500.0], [67742.5, 16520.0], [67743.0, 8610.0], [67745.5, 100.0], [67746.0, 58370.0], [67746.5, 25000.0], [67747.5, 6000.0]]}}}
{"jsonrpc": "2.0", "method": "subscription", "params": {"channel": "book.BTC-PERPETUAL.none.20.100ms", "data": {"timestamp": 1771620340008, "change_id": 141449207460, "instrument_name": "BTC-PERPETUAL", "bids": [[67720.0, 135410.0], [67719.5, 110030.0], [67719.0, 8300.0], [67718.5, 6000.0], [67718.0, 6000.0], [67717.5, 74990.0], [67717.0, 49270.0], [67715.5, 32500.0], [67714.5, 11490.0], [67713.5, 38500.0], [67712.5, 1000.0], [67710.5, 50.0], [67709.0, 13070.0], [67708.5, 6000.0], [67707.5, 34180.0], [67707.0, 6340.0], [67706.5, 6000.0], [67705.5, 6000.0], [67705.0, 2900.0], [67704.5, 8240.0]], "asks": [[67720.5, 4900.0], [67727.0, 2300.0], [67729.5, 500.0], [67731.0, 500.0], [67734.5, 5480.0], [67735.0, 19750.0], [67735.5, 43620.0], [67736.0, 220.0], [67737.0, 26000.0], [67737.5, 19760.0], [67738.0, 75010.0], [67738.5, 34600.0], [67742.0, 5820.0], [67742.5, 36020.0], [67743.0, 8610.0], [67745.5, 100.0], [67746.0, 58370.0], [67746.5, 25000.0], [67747.5, 6000.0], [67748.0, 8690.0]]}}}
{"jsonrpc": "2.0", "method": "subscription", "params": {"channel": "book.BTC-PERPETUAL.none.20.100ms", "data": {"timestamp": 1771620340336, "change_id": 141449208313, "instrument_name": "BTC-PERPETUAL", "bids": [[67720.0, 135420.0], [67719.5, 167280.0], [67719.0, 8300.0], [67718.5, 6000.0], [67718.0, 55270.0], [67715.5, 32500.0], [67714.5, 11490.0], [67713.5, 38500.0], [67712.5, 1000.0], [67710.5, 50.0], [67709.0, 1790.0], [67708.5, 6000.0], [67707.0, 6340.0], [67706.5, 6000.0], [67705.5, 6000.0], [67705.0, 2900.0], [67704.5, 8240.0], [67704.0, 3700.0], [67703.0, 10320.0], [67702.5, 5000.0]], "asks": [[67720.5, 4900.0], [67727.0, 2300.0], [67729.5, 500.0], [67731.0, 500.0], [67734.5, 5480.0], [67735.0, 19250.0], [67735.5, 22100.0], [67736.0, 220.0], [67736.5, 500.0], [67737.0, 26000.0], [67737.5, 19760.0], [67738.5, 34600.0], [67741.5, 28210.0], [67742.0, 75010.0], [67742.5, 36020.0], [67743.0, 8610.0], [67745.5, 100.0], [67746.0, 58370.0], [67746.5, 25000.0], [67747.5, 6000.0]]}}}
