{"jsonrpc": "2.0", "id": 1, "result": ["book.BTC-PERPETUAL.none.20.100ms"], "usIn": 1768960259196293, "usOut": 1768960259196542, "usDiff": 249, "testnet": false}
{"jsonrpc": "2.0", "method": "subscription", "params": {"channel": "book.BTC-PERPETUAL.none.20.100ms", "data": {"timestamp": 1768960259172, "change_id": 136288764781, "instrument_name": "BTC-PERPETUAL", "bids": [[89019.5, 2962530.0], [89019.0, 15770.0], [89018.5, 156290.0], [89016.0, 30000.0], [89013.0, 10000.0], [89010.5, 500.0], [89005.0, 1000.0], [89004.0, 1380.0], [89003.0, 43600.0], [89002.0, 40000.0], [88999.5, 160.0], [88999.0, 5530.0], [88998.5, 18530.0], [88996.0, 8610.0], [88995.5, 11000.0], [88995.0, 17830.0], [88991.5, 17210.0], [88991.0, 40000.0], [88990.0, 11000.0], [88989.5, 17660.0]], "asks": [[89020.0, 196050.0], [89021.0, 31770.0], [89022.0, 5770.0], [89022.5, 60000.0], [89023.0, 50020.0], [89028.5, 7290.0], [89029.0, 25510.0], [89029.5, 42730.0], [89032.0, 42730.0], [89033.0, 24800.0], [89035.0, 61620.0], [89036.5, 21010.0], [89037.0, 15340.0], [89038.0, 4890.0], [89038.5, 45000.0], [89041.5, 28620.0], [89042.5, 16200.0], [89044.5, 18410.0], [89045.5, 42110.0], [89046.0, 9360.0]]}}}
{"jsonrpc": "2.0", "method": "subscription", "params": {"channel": "book.BTC-PERPETUAL.none.20.100ms", "data": {"timestamp": 1768960259346, "change_id": 136288765034, "instrument_name": "BTC-PERPETUAL", "bids": [[89019.5, 3174440.0], [89019.0, 15770.0], [89018.5, 156290.0], [89016.0, 30000.0], [89013.5, 500.0], [89006.5, 40000.0], [89005.0, 1000.0], [89004.0, 1380.0], [89003.0, 43600.0], [88999.5, 160.0], [88999.0, 5530.0], [88998.5, 18530.0], [88996.0, 8610.0], [88995.5, 11000.0], [88995.0, 17830.0], [88991.5, 28210.0], [88991.0, 40000.0], [88989.5, 17660.0], [88983.0, 30640.0], [88982.5, 70990.0]], "asks": [[89020.0, 175890.0], [89021.0, 21810.0], [89022.0, 5770.0], [89022.5, 60000.0], [89027.5, 14930.0], [89028.0, 50020.0], [89028.5, 7290.0], [89029.0, 25510.0], [89029.5, 42730.0], [89032.0, 42730.0], [89033.0, 24800.0], [89035.0, 61620.0], [89036.5, 21010.0], [89037.0, 15340.0], [89038.0, 4890.0], [89038.5, 45000.0], [89041.5, 28620.0], [89042.5, 16200.0], [89044.5, 18410.0], [89045.5, 42110.0]]}}}
{"jsonrpc": "2.0", "method": "subscription", "params": {"channel": "book.BTC-PERPETUAL.none.20.100ms", "data": {"timestamp": 1768960259677, "change_id": 136288765352, "instrument_name": "BTC-PERPETUAL", "bids": [[89019.5, 3746800.0], [89019.0, 15770.0], [89018.5, 156290.0], [89016.0, 30000.0], [89013.5, 500.0], [89013.0, 10000.0], [89006.5, 40000.0], [89005.0, 1000.0], [89004.0, 1380.0], [89003.0, 43600.0], [88999.5, 160.0], [88999.0, 5530.0], [88998.5, 18530.0], [88996.0, 8610.0], [88995.5, 11000.0], [88995.0, 17830.0], [88991.5, 28210.0], [88991.0, 40000.0], [88989.5, 17660.0], [88983.0, 30640.0]], "asks": [[89020.0, 176000.0], [89021.0, 21810.0], [89022.0, 24370.0], [89022.5, 60000.0], [89025.5, 14930.0], [89026.0, 50020.0], [89028.5, 7290.0], [89029.0, 25510.0], [89029.5, 42730.0], [89032.0, 42730.0], [89033.0, 24800.0], [89035.0, 61620.0], [89036.5, 21010.0], [89037.0, 48600.0], [89038.0, 4890.0], [89038.5, 45000.0], [89039.5, 117780.0], [89041.5, 28620.0], [89042.5, 16200.0], [89044.5, 18410.0]]}}}
{"jsonrpc": "2.0", "method": "subscription", "params": {"channel": "book.BTC-PERPETUAL.none.20.100ms", "data": {"timestamp": 1768960259975, "change_id": 136288765623, "instrument_name": "BTC-PERPETUAL", "bids": [[89019.5, 3174440.0], [89019.0, 15770.0], [89018.5, 156290.0], [89016.0, 30000.0], [89013.5, 500.0], [89006.5, 40000.0], [89005.0, 1000.0], [89004.0, 1380.0], [89003.0, 43600.0], [88999.5, 160.0], [88999.0, 5530.0], [88998.5, 18530.0], [88996.0, 8610.0], [88995.0, 17830.0], [88992.0, 11000.0], [88991.5, 17210.0], [88991.0, 40000.0], [88990.0, 11000.0], [88989.5, 17660.0], [88983.0, 30640.0]], "asks": [[89020.0, 176390.0], [89020.5, 19400.0], [89021.0, 21810.0], [89022.0, 24370.0], [89022.5, 60000.0], [89023.5, 14930.0], [89024.0, 50020.0], [89028.5, 7290.0], [89029.0, 25510.0], [89029.5, 42730.0], [89032.0, 42730.0], [89033.0, 24800.0], [89035.0, 61620.0], [89036.5, 21010.0], [89037.0, 48600.0], [89038.0, 4890.0], [89038.5, 45000.0], [89039.5, 117780.0], [89041.5, 28620.0], [89042.5, 16200.0]]}}}
{"jsonrpc": "2.0", "method": "subscription", "params": {"channel": "book.BTC-PERPETUAL.none.20.100ms", "data": {"timestamp": 1768960260337, "change_id": 136288766221, "instrument_name": "BTC-PERPETUAL", "bids": [[89019.5, 3174440.0], [89019.0, 16270.0], [89018.5, 156290.0], [89016.0, 30000.0], [89011.5, 40000.0], [89005.0, 1000.0], [89004.0, 1380.0], [89003.5, 13010.0], [89003.0, 43600.0], [89000.0, 8860.0], [88999.5, 11160.0], [88998.5, 18530.0], [88996.5, 11000.0], [88996.0, 5320.0], [88995.0, 17830.0], [88991.5, 62210.0], [88991.0, 40000.0], [88990.5, 25990.0], [88989.5, 17660.0], [88983.5, 9230.0]], "asks": [[89020.0, 165000.0], [89021.0, 21810.0], [89022.5, 60000.0], [89023.0, 9240.0], [89024.0, 1720.0], [89024.5, 5770.0], [89028.0, 40440.0], [89028.5, 50020.0], [89029.5, 42730.0], [89032.0, 42730.0], [89033.0, 24800.0], [89033.5, 7290.0], [89035.0, 61620.0], [89037.0, 48600.0], [89038.0, 4890.0], [89038.5, 45000.0], [89039.5, 117780.0], [89041.0, 21010.0], [89041.5, 28620.0], [89042.5, 16200.0]]}}}
{"jsonrpc": "2.0", "method": "subscription", "params": {"channel": "book.BTC-PERPETUAL.none.20.100ms", "data": {"timestamp": 1768960260660, "change_id": 136288766547, "instrument_name": "BTC-PERPETUAL", "bids": [[89019.5, 4010270.0], [89019.0, 5770.0], [89018.5, 156290.0], [89016.5, 500.0], [89016.0, 30000.0], [89011.5, 40000.0], [89005.0, 1000.0], [89004.0, 1380.0], [89003.5, 13010.0], [89003.0, 43600.0], [89000.0, 8860.0], [88999.5, 160.0], [88998.5, 18530.0], [88996.5, 11000.0], [88996.0, 7930.0], [88995.5, 11000.0], [88995.0, 17830.0], [88991.5, 62210.0], [88991.0, 40000.0], [88989.5, 17660.0]], "asks": [[89020.0, 165370.0], [89021.0, 21810.0], [89022.0, 9240.0], [89022.5, 60000.0], [89024.0, 1720.0], [89024.5, 5770.0], [89028.0, 37180.0], [89029.0, 50020.0], [89029.5, 42730.0], [89032.0, 42730.0], [89033.0, 24800.0], [89033.5, 7290.0], [89035.0, 61620.0], [89037.0, 48600.0], [89038.0, 4890.0], [89038.5, 45000.0], [89039.5, 117780.0], [89041.0, 21010.0], [89041.5, 28620.0], [89042.5, 16200.0]]}}}
{"jsonrpc": "2.0", "method": "subscription", "params": {"channel": "book.BTC-PERPETUAL.none.20.100ms", "data": {"timestamp": 1768960261004, "change_id": 136288766878, "instrument_name": "BTC-PERPETUAL", "bids": [[89019.5, 4010770.0], [89019.0, 5770.0], [89018.5, 156290.0], [89016.0, 30000.0], [89011.5, 40000.0], [89005.0, 1000.0], [89004.0, 1380.0], [89003.5, 13010.0], [89003.0, 43600.0], [89000.0, 8860.0], [88999.5, 160.0], [88998.5, 18530.0], [88997.0, 11000.0], [88996.5, 11000.0], [88996.0, 5320.0], [88995.0, 17830.0], [88991.5, 62210.0], [88991.0, 40000.0], [88990.0, 35220.0], [88989.5, 17660.0]], "asks": [[89020.0, 144930.0], [89021.0, 21810.0], [89022.5, 60000.0], [89023.5, 9240.0], [89024.0, 7640.0], [89024.5, 26320.0], [89028.0, 37180.0], [89029.5, 42730.0], [89031.5, 50020.0], [89032.0, 42730.0], [89033.0, 24800.0], [89033.5, 7290.0], [89035.0, 61620.0], [89037.0, 48600.0], [89038.0, 4890.0], [89038.5, 45000.0], [89039.5, 117780.0], [89041.0, 21010.0], [89041.5, 28620.0], [89042.5, 16200.0]]}}}
{"jsonrpc": "2.0", "method": "subscription", "params": {"channel": "book.BTC-PERPETUAL.none.20.100ms", "data": {"timestamp": 1768960261326, "change_id": 136288767275, "instrument_name": "BTC-PERPETUAL", "bids": [[89019.5, 3319250.0], [89019.0, 5770.0], [89018.5, 156290.0], [89016.5, 500.0], [89016.0, 30000.0], [89005.0, 1000.0], [89004.0, 1380.0], [89003.5, 13010.0], [89003.0, 43600.0], [89000.0, 8860.0], [88999.5, 160.0], [88999.0, 22000.0], [88998.5, 18530.0], [88996.0, 15300.0], [88995.0, 17830.0], [88992.0, 25990.0], [88991.5, 62210.0], [88991.0, 40000.0], [88990.0, 9230.0], [88989.5, 17660.0]], "asks": [[89020.0, 118690.0], [89021.0, 21810.0], [89022.0, 26000.0], [89022.5, 60000.0], [89023.5, 9240.0], [89024.0, 21810.0], [89024.5, 26320.0], [89027.5, 50020.0], [89028.0, 25510.0], [89029.5, 42730.0], [89032.0, 42730.0], [89033.0, 24800.0], [89033.5, 7290.0], [89035.0, 61620.0], [89037.0, 48600.0], [89038.0, 4890.0], [89038.5, 45000.0], [89039.5, 117780.0], [89041.5, 28620.0], [89042.5, 16200.0]]}}}
{"jsonrpc": "2.0", "method": "subscription", "params": {"channel": "book.BTC-PERPETUAL.none.20.100ms", "data": {"timestamp": 1768960261663, "change_id": 136288767556, "instrument_name": "BTC-PERPETUAL", "bids": [[89019.5, 4050280.0], [89019.0, 5770.0], [89018.5, 156290.0], [89017.0, 10000.0], [89016.5, 500.0], [89016.0, 30000.0], [89005.0, 1000.0], [89004.0, 1380.0], [89003.5, 13010.0], [89003.0, 43600.0], [89000.0, 8860.0], [88999.5, 160.0], [88999.0, 11000.0], [88998.5, 18530.0], [88997.0, 11000.0], [88996.0, 15300.0], [88995.0, 17830.0], [88992.0, 59390.0], [88991.5, 45000.0], [88991.0, 40000.0]], "asks": [[89020.0, 118730.0], [89021.0, 21810.0], [89022.0, 26000.0], [89022.5, 60000.0], [89023.5, 9240.0], [89024.0, 21810.0], [89024.5, 26320.0], [89027.5, 50020.0], [89028.0, 25510.0], [89029.5, 42730.0], [89032.0, 42730.0], [89033.0, 24800.0], [89033.5, 7290.0], [89035.0, 61620.0], [89037.0, 15340.0], [89038.0, 4890.0], [89038.5, 45000.0], [89041.5, 28620.0], [89042.5, 16200.0], [89044.0, 21010.0]]}}}
{"jsonrpc": "2.0", "method": "subscription", "params": {"channel": "book.BTC-PERPETUAL.none.20.100ms", "data": {"timestamp": 1768960261982, "change_id": 136288767912, "instrument_name": "BTC-PERPETUAL", "bids": [[89019.5, 4050280.0], [89019.0, 5770.0], [89018.5, 156290.0], [89018.0, 10000.0], [89016.5, 500.0], [89016.0, 30000.0], [89005.0, 1000.0], [89004.0, 1380.0], [89003.5, 13010.0], [89003.0, 43600.0], [89000.0, 8860.0], [88999.5, 160.0], [88999.0, 22000.0], [88998.5, 18530.0], [88996.0, 12400.0], [88995.0, 17830.0], [88992.0, 59390.0], [88991.5, 45000.0], [88991.0, 40000.0], [88990.0, 9230.0]], "asks": [[89020.0, 118640.0], [89021.0, 21810.0], [89022.5, 60000.0], [89023.0, 26000.0], [89024.0, 21810.0], [89024.5, 26320.0], [89027.0, 9240.0], [89027.5, 50020.0], [89028.0, 25510.0], [89029.5, 42730.0], [89032.0, 42730.0], [89033.0, 24800.0], [89033.5, 7290.0], [89035.0, 61620.0], [89037.0, 15340.0], [89038.0, 4890.0], [89038.5, 45000.0], [89041.5, 28620.0], [89042.5, 16200.0], [89044.0, 21010.0]]}}}
{"jsonrpc": "2.0", "method": "subscription", "params": {"channel": "book.BTC-PERPETUAL.none.20.100ms", "data": {"timestamp": 1768960262326, "change_id": 136288768308, "instrument_name": "BTC-PERPETUAL", "bids": [[89019.5, 4050280.0], [89019.0, 5770.0], [89018.5, 156290.0], [89016.5, 500.0], [89016.0, 30000.0], [89005.0, 1000.0], [89004.0, 1380.0], [89003.5, 13010.0], [89003.0, 43600.0], [89000.0, 8860.0], [88999.5, 160.0], [88999.0, 22000.0], [88998.5, 18530.0], [88996.0, 12400.0], [88995.0, 17830.0], [88992.0, 59390.0], [88991.5, 45000.0], [88991.0, 40000.0], [88990.0, 9230.0], [88989.5, 17660.0]], "asks": [[89020.0, 119340.0], [89021.0, 21810.0], [89022.5, 60000.0], [89023.0, 26000.0], [89024.0, 31050.0], [89024.5, 26320.0], [89027.5, 50020.0], [89028.0, 25510.0], [89029.5, 42730.0], [89032.0, 42730.0], [89033.0, 24800.0], [89033.5, 7290.0], [89035.0, 61620.0], [89037.0, 15340.0], [89038.0, 4890.0], [89038.5, 45000.0], [89041.5, 28620.0], [89042.5, 16200.0], [89044.0, 21010.0], [89044.5, 18410.0]]}}}
{"jsonrpc": "2.0", "method": "subscription", "params": {"channel": "book.BTC-PERPETUAL.none.20.100ms", "data": {"timestamp": 1768960262655, "change_id": 136288768592, "instrument_name": "BTC-PERPETUAL", "bids": [[89019.5, 4050280.0], [89019.0, 5770.0], [89018.5, 156290.0], [89016.5, 500.0], [89016.0, 30000.0], [89005.0, 1000.0], [89004.0, 1380.0], [89003.5, 13010.0], [89003.0, 43600.0], [89000.0, 8860.0], [88999.5, 160.0], [88999.0, 11000.0], [88998.5, 18530.0], [88996.5, 11000.0], [88996.0, 12400.0], [88995.0, 17830.0], [88992.0, 59390.0], [88991.5, 45000.0], [88991.0, 40000.0], [88990.0, 9230.0]], "asks": [[89020.0, 119660.0], [89021.0, 21810.0], [89022.5, 60000.0], [89023.0, 26000.0], [89024.0, 31050.0], [89024.5, 26320.0], [89027.5, 50020.0], [89028.0, 12750.0], [89029.5, 42730.0], [89033.0, 24800.0], [89033.5, 7290.0], [89035.0, 61620.0], [89037.0, 15340.0], [89038.0, 4890.0], [89038.5, 45000.0], [89041.5, 28620.0], [89042.5, 16200.0], [89044.0, 21010.0], [89044.5, 132690.0], [89045.5, 40000.0]]}}}
{"jsonrpc": "2.0", "method": "subscription", "params": {"channel": "book.BTC-PERPETUAL.none.20.100ms", "data": {"timestamp": 1768960262976, "change_id": 136288768847, "instrument_name": "BTC-PERPETUAL", "bids": [[89019.5, 4050280.0], [89019.0, 5770.0], [89018.5, 156290.0], [89017.0, 10000.0], [89016.5, 500.0], [89016.0, 30000.0], [89005.0, 1000.0], [89004.0, 1380.0], [89003.5, 13010.0], [89003.0, 43600.0], [89000.0, 8860.0], [88999.5, 160.0], [88999.0, 22000.0], [88998.5, 18530.0], [88996.0, 12400.0], [88995.0, 17830.0], [88992.0, 59390.0], [88991.5, 45000.0], [88991.0, 40000.0], [88990.0, 9230.0]], "asks": [[89020.0, 119270.0], [89021.0, 37810.0], [89022.0, 50000.0], [89022.5, 60000.0], [89023.0, 26000.0], [89024.0, 31050.0], [89024.5, 20550.0], [89027.5, 50020.0], [89028.0, 18520.0], [89029.5, 42730.0], [89033.0, 24800.0], [89033.5, 7290.0], [89035.0, 61620.0], [89036.5, 42730.0], [89037.0, 15340.0], [89038.0, 4890.0], [89038.5, 45000.0], [89041.5, 28620.0], [89042.5, 16200.0], [89044.0, 21010.0]]}}}
{"jsonrpc": "2.0", "method": "subscription", "params": {"channel": "book.BTC-PERPETUAL.none.20.100ms", "data": {"timestamp": 1768960263287, "change_id": 136288769122, "instrument_name": "BTC-PERPETUAL", "bids": [[89019.5, 4050280.0], [89019.0, 5770.0], [89018.5, 156290.0], [89017.5, 500.0], [89017.0, 10000.0], [89016.0, 30000.0], [89005.0, 1000.0], [89004.0, 1380.0], [89003.5, 13010.0], [89003.0, 43600.0], [89000.0, 8860.0], [88999.5, 160.0], [88999.0, 11000.0], [88998.5, 18530.0], [88996.5, 11000.0], [88996.0, 12400.0], [88995.0, 17830.0], [88992.0, 59390.0], [88991.5, 45000.0], [88991.0, 40000.0]], "asks": [[89020.0, 119270.0], [89021.0, 37810.0], [89021.5, 26000.0], [89022.0, 50000.0], [89022.5, 60000.0], [89024.0, 31050.0], [89024.5, 20550.0], [89027.5, 50020.0], [89028.0, 18520.0], [89029.5, 42730.0], [89033.0, 24800.0], [89033.5, 7290.0], [89035.0, 61620.0], [89036.5, 42730.0], [89037.0, 15340.0], [89038.0, 4890.0], [89038.5, 45000.0], [89041.5, 28620.0], [89042.5, 16200.0], [89044.0, 21010.0]]}}}
{"jsonrpc": "2.0", "method": "subscription", "params": {"channel": "book.BTC-PERPETUAL.none.20.100ms", "data": {"timestamp": 1768960263642, "change_id": 136288769529, "instrument_name": "BTC-PERPETUAL", "bids": [[89019.5, 3279250.0], [89019.0, 5770.0], [89018.5, 156290.0], [89016.0, 30000.0], [89014.0, 10000.0], [89013.5, 40000.0], [89005.5, 500.0], [89005.0, 1000.0], [89004.0, 1380.0], [89003.5, 13010.0], [89003.0, 43600.0], [89000.5, 2900.0], [89000.0, 8150.0], [88999.5, 160.0], [88998.5, 18530.0], [88997.0, 11000.0], [88996.0, 7930.0], [88995.0, 17830.0], [88992.5, 11000.0], [88992.0, 33400.0]], "asks": [[89020.0, 175010.0], [89021.0, 37810.0], [89022.0, 50000.0], [89022.5, 60000.0], [89023.5, 51740.0], [89024.0, 5770.0], [89028.0, 12750.0], [89029.5, 42730.0], [89033.0, 24800.0], [89033.5, 7290.0], [89035.0, 61620.0], [89036.5, 42730.0], [89037.0, 15340.0], [89038.0, 25900.0], [89038.5, 45000.0], [89041.5, 28620.0], [89042.5, 16200.0], [89044.5, 132690.0], [89045.5, 40000.0], [89046.0, 9360.0]]}}}
{"jsonrpc": "2.0", "method": "subscription", "params": {"channel": "book.BTC-PERPETUAL.none.20.100ms", "data": {"timestamp": 1768960263981, "change_id": 136288769896, "instrument_name": "BTC-PERPETUAL", "bids": [[89019.5, 3762190.0], [89019.0, 5770.0], [89018.5, 156290.0], [89016.0, 30000.0], [89014.5, 500.0], [89014.0, 10000.0], [89013.5, 40000.0], [89005.0, 1000.0], [89004.0, 1380.0], [89003.5, 13010.0], [89003.0, 43600.0], [89000.0, 8150.0], [88999.5, 160.0], [88998.5, 18530.0], [88997.0, 11000.0], [88996.0, 7930.0], [88995.0, 17830.0], [88992.5, 11000.0], [88992.0, 33400.0], [88991.5, 45000.0]], "asks": [[89020.0, 175110.0], [89021.0, 37810.0], [89022.0, 50000.0], [89022.5, 60000.0], [89023.5, 16430.0], [89024.0, 5770.0], [89027.5, 50020.0], [89028.0, 12750.0], [89029.5, 42730.0], [89033.0, 24800.0], [89033.5, 7290.0], [89035.0, 61620.0], [89036.5, 42730.0], [89037.0, 15340.0], [89038.0, 25900.0], [89038.5, 45000.0], [89041.5, 52720.0], [89042.5, 16200.0], [89044.5, 132690.0], [89045.5, 40000.0]]}}}
{"jsonrpc": "2.0", "method": "subscription", "params": {"channel": "book.BTC-PERPETUAL.none.20.100ms", "data": {"timestamp": 1768960264307, "change_id": 136288770213, "instrument_name": "BTC-PERPETUAL", "bids": [[89019.5, 3067340.0], [89019.0, 5770.0], [89018.5, 156290.0], [89016.0, 30000.0], [89009.5, 500.0], [89005.0, 41000.0], [89004.0, 1380.0], [89003.5, 13010.0], [89003.0, 43600.0], [89000.0, 8150.0], [88999.5, 160.0], [88998.5, 18530.0], [88997.0, 11000.0], [88996.0, 5320.0], [88995.0, 17830.0], [88992.0, 33400.0], [88991.5, 56000.0], [88991.0, 40000.0], [88989.5, 17660.0], [88983.0, 35220.0]], "asks": [[89020.0, 210160.0], [89021.0, 43580.0], [89022.0, 50000.0], [89022.5, 60000.0], [89023.5, 51740.0], [89028.0, 12750.0], [89029.5, 42730.0], [89033.0, 24800.0], [89033.5, 7290.0], [89035.0, 61620.0], [89036.5, 42730.0], [89037.0, 15340.0], [89038.0, 25900.0], [89038.5, 45000.0], [89041.5, 52720.0], [89042.5, 16200.0], [89044.5, 132690.0], [89045.5, 40000.0], [89046.0, 9360.0], [89046.5, 12870.0]]}}}
{"jsonrpc": "2.0", "method": "subscription", "params": {"channel": "book.BTC-PERPETUAL.none.20.100ms", "data": {"timestamp": 1768960264605, "change_id": 136288770475, "instrument_name": "BTC-PERPETUAL", "bids": [[89019.5, 3082780.0], [89019.0, 5770.0], [89018.5, 156290.0], [89016.0, 30000.0], [89012.5, 500.0], [89012.0, 10000.0], [89005.0, 41000.0], [89004.0, 1380.0], [89003.5, 13010.0], [89003.0, 43600.0], [89000.0, 8150.0], [88999.5, 160.0], [88998.5, 18530.0], [88997.0, 11000.0], [88996.0, 5320.0], [88995.0, 17830.0], [88992.0, 33400.0], [88991.5, 56000.0], [88991.0, 40000.0], [88989.5, 17660.0]], "asks": [[89020.0, 210230.0], [89021.0, 43580.0], [89022.0, 50000.0], [89022.5, 60000.0], [89026.0, 14930.0], [89026.5, 50020.0], [89028.0, 12750.0], [89029.5, 42730.0], [89033.0, 24800.0], [89033.5, 7290.0], [89035.0, 61620.0], [89036.5, 42730.0], [89037.0, 15340.0], [89038.0, 25900.0], [89038.5, 45000.0], [89041.5, 52720.0], [89042.5, 16200.0], [89044.5, 132690.0], [89045.5, 40000.0], [89046.0, 9360.0]]}}}
{"jsonrpc": "2.0", "method": "subscription", "params": {"channel": "book.BTC-PERPETUAL.none.20.100ms", "data": {"timestamp": 1768960264969, "change_id": 136288770860, "instrument_name": "BTC-PERPETUAL", "bids": [[89019.5, 3082790.0], [89019.0, 5770.0], [89018.5, 156290.0], [89016.0, 30000.0], [89012.5, 10500.0], [89005.0, 41000.0], [89004.0, 1380.0], [89003.5, 13010.0], [89003.0, 43600.0], [89000.0, 8150.0], [88999.5, 160.0], [88998.5, 18530.0], [88997.0, 11000.0], [88996.0, 5320.0], [88995.0, 17830.0], [88992.0, 33400.0], [88991.5, 56000.0], [88991.0, 40000.0], [88989.5, 17660.0], [88983.5, 10510.0]], "asks": [[89020.0, 192640.0], [89021.0, 43580.0], [89022.0, 50000.0], [89022.5, 60000.0], [89024.0, 14930.0], [89024.5, 50020.0], [89028.0, 12750.0], [89029.5, 42730.0], [89033.0, 24800.0], [89033.5, 7290.0], [89035.0, 61620.0], [89036.5, 42730.0], [89037.0, 15340.0], [89038.0, 25900.0], [89038.5, 45000.0], [89041.5, 28620.0], [89042.5, 16200.0], [89044.5, 18410.0], [89045.5, 40000.0], [89046.0, 9360.0]]}}}
{"jsonrpc": "2.0", "method": "subscription", "params": {"channel": "book.BTC-PERPETUAL.none.20.100ms", "data": {"timestamp": 1768960265303, "change_id": 136288771157, "instrument_name": "BTC-PERPETUAL", "bids": [[89019.5, 3006040.0], [89019.0, 5770.0], [89018.5, 156290.0], [89016.0, 30000.0], [89005.5, 500.0], [89005.0, 41000.0], [89004.0, 1380.0], [89003.5, 13010.0], [89003.0, 43600.0], [89000.0, 8150.0], [88999.5, 160.0], [88998.5, 18530.0], [88997.0, 11000.0], [88996.0, 5320.0], [88995.0, 17830.0], [88992.0, 33400.0], [88991.5, 56000.0], [88991.0, 40000.0], [88989.5, 17660.0], [88983.5, 10510.0]], "asks": [[89020.0, 200720.0], [89021.0, 43580.0], [89022.0, 50000.0], [89022.5, 60000.0], [89027.0, 14930.0], [89027.5, 50020.0], [89028.0, 12750.0], [89029.5, 42730.0], [89033.0, 24800.0], [89033.5, 7290.0], [89035.0, 61620.0], [89036.5, 42730.0], [89037.0, 15340.0], [89038.0, 25900.0], [89038.5, 45000.0], [89041.5, 28620.0], [89042.5, 16200.0], [89044.5, 18410.0], [89045.5, 40000.0], [89046.0, 9360.0]]}}}
{"jsonrpc": "2.0", "method": "subscription", "params": {"channel": "book.BTC-PERPETUAL.none.20.100ms", "data": {"timestamp": 1768960265634, "change_id": 136288771493, "instrument_name": "BTC-PERPETUAL", "bids": [[89019.5, 3174870.0], [89019.0, 5770.0], [89018.5, 156290.0], [89016.0, 30000.0], [89005.5, 500.0], [89005.0, 41000.0], [89004.0, 1380.0], [89003.5, 13010.0], [89003.0, 43600.0], [89000.0, 8150.0], [88999.5, 160.0], [88998.5, 18530.0], [88997.0, 11000.0], [88996.0, 5320.0], [88995.0, 17830.0], [88992.0, 33400.0], [88991.5, 56000.0], [88991.0, 40000.0], [88989.5, 17660.0], [88983.5, 10510.0]], "asks": [[89020.0, 192700.0], [89021.0, 43580.0], [89022.0, 50000.0], [89022.5, 60000.0], [89025.0, 14930.0], [89025.5, 50020.0], [89028.0, 12750.0], [89029.5, 42730.0], [89033.0, 24800.0], [89033.5, 7290.0], [89035.0, 61620.0], [89036.5, 42730.0], [89037.0, 15340.0], [89038.0, 21010.0], [89038.5, 45000.0], [89041.5, 28620.0], [89042.5, 16200.0], [89044.5, 18410.0], [89045.5, 40000.0], [89046.0, 9360.0]]}}}
{"jsonrpc": "2.0", "method": "subscription", "params": {"channel": "book.BTC-PERPETUAL.none.20.100ms", "data": {"timestamp": 1768960265959, "change_id": 136288771837, "instrument_name": "BTC-PERPETUAL", "bids": [[89019.5, 3090520.0], [89019.0, 15770.0], [89018.5, 156290.0], [89016.0, 30000.0], [89013.0, 10000.0], [89005.5, 500.0], [89005.0, 41000.0], [89004.0, 1380.0], [89003.5, 13010.0], [89003.0, 43600.0], [89000.0, 8150.0], [88999.5, 160.0], [88998.5, 18530.0], [88997.0, 11000.0], [88996.0, 5320.0], [88995.0, 17830.0], [88992.0, 33400.0], [88991.5, 56000.0], [88991.0, 40000.0], [88989.5, 17660.0]], "asks": [[89020.0, 192320.0], [89021.0, 43580.0], [89022.0, 50000.0], [89022.5, 60000.0], [89024.0, 14930.0], [89027.5, 50020.0], [89028.0, 12750.0], [89029.5, 42730.0], [89033.0, 24800.0], [89033.5, 7290.0], [89035.0, 61620.0], [89036.5, 42730.0], [89037.0, 15340.0], [89038.0, 25900.0], [89038.5, 45000.0], [89041.5, 28620.0], [89042.5, 128480.0], [89044.5, 18410.0], [89045.5, 40000.0], [89046.0, 9360.0]]}}}
{"jsonrpc": "2.0", "method": "subscription", "params": {"channel": "book.BTC-PERPETUAL.none.20.100ms", "data": {"timestamp": 1768960266286, "change_id": 136288772107, "instrument_name": "BTC-PERPETUAL", "bids": [[89019.5, 3075360.0], [89019.0, 15770.0], [89018.5, 156290.0], [89016.0, 30000.0], [89013.5, 500.0], [89013.0, 10000.0], [89005.0, 41000.0], [89004.0, 1380.0], [89003.5, 13010.0], [89003.0, 43600.0], [89000.0, 8150.0], [88999.5, 160.0], [88998.5, 18530.0], [88997.0, 11000.0], [88996.0, 5320.0], [88995.0, 17830.0], [88992.0, 33400.0], [88991.5, 56000.0], [88991.0, 40000.0], [88989.5, 17660.0]], "asks": [[89020.0, 192410.0], [89021.0, 43580.0], [89022.0, 50000.0], [89022.5, 60000.0], [89024.0, 14930.0], [89027.5, 50020.0], [89028.0, 12750.0], [89029.5, 42730.0], [89033.0, 24800.0], [89033.5, 7290.0], [89035.0, 61620.0], [89036.5, 42730.0], [89037.0, 15340.0], [89038.0, 25900.0], [89038.5, 45000.0], [89040.0, 2110.0], [89041.5, 28620.0], [89042.5, 128480.0], [89044.5, 18410.0], [89045.5, 40000.0]]}}}
{"jsonrpc": "2.0", "method": "subscription", "params": {"channel": "book.BTC-PERPETUAL.none.20.100ms", "data": {"timestamp": 1768960266619, "change_id": 136288772361, "instrument_name": "BTC-PERPETUAL", "bids": [[89019.5, 3208110.0], [89019.0, 15770.0], [89018.5, 156290.0], [89016.0, 30000.0], [89013.5, 500.0], [89013.0, 10000.0], [89005.0, 41000.0], [89004.0, 1380.0], [89003.5, 13010.0], [89003.0, 43600.0], [89000.0, 8150.0], [88999.5, 160.0], [88998.5, 18530.0], [88997.0, 11000.0], [88996.0, 5320.0], [88995.0, 17830.0], [88992.0, 33400.0], [88991.5, 56000.0], [88991.0, 40000.0], [88989.5, 17660.0]], "asks": [[89020.0, 192290.0], [89021.0, 43580.0], [89022.0, 50000.0], [89022.5, 60000.0], [89024.0, 14930.0], [89027.5, 50020.0], [89028.0, 12750.0], [89029.5, 42730.0], [89033.0, 24800.0], [89033.5, 7290.0], [89035.0, 61620.0], [89036.5, 42730.0], [89037.0, 15340.0], [89038.0, 25900.0], [89038.5, 45000.0], [89040.0, 2110.0], [89041.5, 28620.0], [89042.5, 128480.0], [89044.5, 18410.0], [89045.5, 40000.0]]}}}
{"jsonrpc": "2.0", "method": "subscription", "params": {"channel": "book.BTC-PERPETUAL.none.20.100ms", "data": {"timestamp": 1768960266941, "change_id": 136288772724, "instrument_name": "BTC-PERPETUAL", "bids": [[89019.5, 3218080.0], [89019.0, 5770.0], [89018.5, 156290.0], [89016.0, 30000.0], [89013.5, 500.0], [89013.0, 10000.0], [89005.0, 41000.0], [89004.0, 1380.0], [89003.5, 13010.0], [89003.0, 43600.0], [89000.0, 8150.0], [88999.5, 160.0], [88998.5, 18530.0], [88997.0, 11000.0], [88996.0, 5320.0], [88995.0, 17830.0], [88992.0, 33400.0], [88991.5, 56000.0], [88991.0, 40000.0], [88989.5, 17660.0]], "asks": [[89020.0, 192510.0], [89021.0, 43580.0], [89022.0, 50000.0], [89022.5, 60000.0], [89024.0, 14930.0], [89027.5, 50020.0], [89028.0, 12750.0], [89029.5, 42730.0], [89033.0, 24800.0], [89033.5, 7290.0], [89035.0, 61620.0], [89036.5, 42730.0], [89037.0, 15340.0], [89038.0, 25900.0], [89038.5, 45000.0], [89040.0, 2110.0], [89041.5, 52130.0], [89042.5, 128480.0], [89044.5, 18410.0], [89045.5, 40000.0]]}}}
{"jsonrpc": "2.0", "method": "subscription", "params": {"channel": "book.BTC-PERPETUAL.none.20.100ms", "data": {"timestamp": 1768960267286, "change_id": 136288773012, "instrument_name": "BTC-PERPETUAL", "bids": [[89019.5, 3085360.0], [89019.0, 5770.0], [89018.5, 156290.0], [89016.0, 30000.0], [89013.5, 500.0], [89005.0, 41000.0], [89004.0, 1380.0], [89003.5, 13010.0], [89003.0, 43600.0], [89000.0, 8150.0], [88999.5, 160.0], [88998.5, 18530.0], [88997.0, 11000.0], [88996.0, 5320.0], [88995.0, 17830.0], [88992.0, 33400.0], [88991.5, 56000.0], [88991.0, 40000.0], [88989.5, 17660.0], [88983.5, 10510.0]], "asks": [[89020.0, 192520.0], [89020.5, 10600.0], [89021.0, 43580.0], [89022.0, 50000.0], [89022.5, 60000.0], [89024.0, 14930.0], [89027.5, 50020.0], [89028.0, 12750.0], [89029.5, 42730.0], [89033.0, 24800.0], [89033.5, 7290.0], [89035.0, 61620.0], [89036.5, 42730.0], [89037.0, 15340.0], [89038.0, 25900.0], [89038.5, 45000.0], [89040.0, 2110.0], [89041.5, 52130.0], [89042.5, 128480.0], [89044.5, 18410.0]]}}}
{"jsonrpc": "2.0", "method": "subscription", "params": {"channel": "book.BTC-PERPETUAL.none.20.100ms", "data": {"timestamp": 1768960267616, "change_id": 136288773257, "instrument_name": "BTC-PERPETUAL", "bids": [[89019.5, 3151110.0], [89019.0, 5770.0], [89018.5, 156290.0], [89016.0, 30000.0], [89013.5, 10000.0], [89005.5, 500.0], [89005.0, 41000.0], [89004.0, 1380.0], [89003.5, 13010.0], [89003.0, 43600.0], [89000.0, 8150.0], [88999.5, 160.0], [88998.5, 18530.0], [88997.0, 11000.0], [88996.0, 5320.0], [88995.0, 17830.0], [88992.0, 33400.0], [88991.5, 56000.0], [88991.0, 40000.0], [88989.5, 17660.0]], "asks": [[89020.0, 192580.0], [89021.0, 43580.0], [89022.0, 50000.0], [89022.5, 60000.0], [89024.0, 14930.0], [89027.5, 50020.0], [89028.0, 12750.0], [89029.5, 42730.0], [89033.0, 24800.0], [89033.5, 7290.0], [89035.0, 61620.0], [89036.5, 42730.0], [89037.0, 15340.0], [89038.0, 25900.0], [89038.5, 45000.0], [89040.0, 2110.0], [89041.5, 52130.0], [89042.5, 128480.0], [89044.5, 18410.0], [89045.5, 40000.0]]}}}
{"jsonrpc": "2.0", "method": "subscription", "params": {"channel": "book.BTC-PERPETUAL.none.20.100ms", "data": {"timestamp": 1768960267927, "change_id": 136288773537, "instrument_name": "BTC-PERPETUAL", "bids": [[89019.5, 3135130.0], [89019.0, 5770.0], [89018.5, 156290.0], [89016.0, 30000.0], [89005.5, 500.0], [89005.0, 41000.0], [89004.0, 1380.0], [89003.5, 13010.0], [89003.0, 43600.0], [89000.0, 8150.0], [88999.5, 160.0], [88998.5, 18530.0], [88997.0, 11000.0], [88996.0, 5320.0], [88995.0, 17830.0], [88992.0, 33400.0], [88991.5, 56000.0], [88991.0, 40000.0], [88989.5, 17660.0], [88983.5, 10510.0]], "asks": [[89020.0, 192540.0], [89021.0, 43580.0], [89022.0, 50000.0], [89022.5, 60000.0], [89024.0, 14930.0], [89027.5, 50020.0], [89028.0, 12750.0], [89029.5, 42730.0], [89033.0, 24800.0], [89033.5, 7290.0], [89035.0, 61620.0], [89036.5, 42730.0], [89037.0, 15340.0], [89038.0, 25900.0], [89038.5, 45000.0], [89040.0, 2110.0], [89041.5, 52130.0], [89042.5, 128480.0], [89044.5, 18410.0], [89045.5, 40000.0]]}}}
{"jsonrpc": "2.0", "method": "subscription", "params": {"channel": "book.BTC-PERPETUAL.none.20.100ms", "data": {"timestamp": 1768960268282, "change_id": 136288773909, "instrument_name": "BTC-PERPETUAL", "bids": [[89019.5, 3018630.0], [89019.0, 5770.0], [89018.5, 156290.0], [89016.0, 30000.0], [89005.5, 500.0], [89005.0, 41000.0], [89004.0, 1380.0], [89003.5, 13010.0], [89003.0, 43600.0], [89000.0, 8150.0], [88999.5, 160.0], [88998.5, 18530.0], [88997.0, 11000.0], [88996.0, 5320.0], [88995.0, 17830.0], [88992.0, 33400.0], [88991.5, 56000.0], [88991.0, 40000.0], [88989.5, 17660.0], [88983.5, 10510.0]], "asks": [[89020.0, 230270.0], [89021.0, 43580.0], [89022.0, 50000.0], [89022.5, 60000.0], [89024.0, 14930.0], [89027.5, 50020.0], [89028.0, 12750.0], [89029.5, 42730.0], [89033.0, 24800.0], [89033.5, 7290.0], [89035.0, 61620.0], [89036.5, 42730.0], [89037.0, 15340.0], [89038.0, 25900.0], [89038.5, 45000.0], [89040.0, 2110.0], [89041.5, 52130.0], [89042.5, 128480.0], [89044.5, 18410.0], [89045.5, 40000.0]]}}}
{"jsonrpc": "2.0", "method": "subscription", "params": {"channel": "book.BTC-PERPETUAL.none.20.100ms", "data": {"timestamp": 1768960268611, "change_id": 136288774309, "instrument_name": "BTC-PERPETUAL", "bids": [[89019.5, 2860920.0], [89019.0, 5770.0], [89018.5, 156290.0], [89005.5, 500.0], [89005.0, 41000.0], [89004.0, 1380.0], [89003.0, 43600.0], [89000.0, 5580.0], [88999.5, 160.0], [88998.5, 18530.0], [88996.0, 7930.0], [88995.5, 11000.0], [88995.0, 17830.0], [88992.0, 7880.0], [88990.0, 11000.0], [88989.5, 17660.0], [88984.5, 7760.0], [88983.0, 25990.0], [88982.5, 71440.0], [88982.0, 40000.0]], "asks": [[89020.0, 281540.0], [89021.0, 43580.0], [89022.0, 50000.0], [89022.5, 60000.0], [89024.0, 16830.0], [89026.0, 50020.0], [89026.5, 7290.0], [89028.0, 12750.0], [89029.5, 42730.0], [89033.0, 34380.0], [89035.0, 61620.0], [89036.0, 21010.0], [89036.5, 42730.0], [89037.0, 15340.0], [89038.0, 4890.0], [89038.5, 45000.0], [89040.0, 2110.0], [89041.5, 28620.0], [89042.5, 16200.0], [89044.5, 18410.0]]}}}
{"jsonrpc": "2.0", "method": "subscription", "params": {"channel": "book.BTC-PERPETUAL.none.20.100ms", "data": {"timestamp": 1768960268939, "change_id": 136288775160, "instrument_name": "BTC-PERPETUAL", "bids": [[89019.5, 618230.0], [89018.5, 156290.0], [89017.0, 10000.0], [89008.5, 6990.0], [89008.0, 5770.0], [89005.5, 500.0], [89005.0, 1000.0], [89004.0, 1380.0], [89003.0, 43600.0], [88998.5, 18530.0], [88995.0, 17830.0], [88992.0, 5270.0], [88990.0, 160.0], [88989.5, 17660.0], [88986.5, 6150.0], [88986.0, 11000.0], [88983.5, 11000.0], [88983.0, 18700.0], [88982.0, 40000.0], [88981.0, 17660.0]], "asks": [[89020.0, 386750.0], [89021.0, 43580.0], [89022.0, 50000.0], [89022.5, 60000.0], [89023.5, 61620.0], [89025.5, 6270.0], [89026.0, 21010.0], [89028.0, 12750.0], [89029.5, 42730.0], [89036.0, 12890.0], [89036.5, 42730.0], [89037.0, 15340.0], [89038.0, 4890.0], [89038.5, 45000.0], [89041.5, 28620.0], [89042.5, 16200.0], [89044.5, 18410.0], [89045.5, 40000.0], [89046.0, 15610.0], [89046.5, 12870.0]]}}}
{"jsonrpc": "2.0", "method": "subscription", "params": {"channel": "book.BTC-PERPETUAL.none.20.100ms", "data": {"timestamp": 1768960269270, "change_id": 136288775645, "instrument_name": "BTC-PERPETUAL", "bids": [[89019.5, 1280.0], [89018.5, 2015330.0], [89017.0, 10000.0], [89008.5, 6990.0], [89008.0, 5770.0], [89005.5, 500.0], [89005.0, 1000.0], [89004.0, 1380.0], [89003.0, 43600.0], [88998.5, 18530.0], [88995.0, 17830.0], [88992.0, 5270.0], [88990.0, 11160.0], [88989.5, 17660.0], [88984.5, 3280.0], [88984.0, 11000.0], [88983.0, 18700.0], [88982.0, 40000.0], [88981.0, 17660.0], [88980.0, 2900.0]], "asks": [[89020.0, 505830.0], [89021.0, 43580.0], [89022.0, 50000.0], [89022.5, 60000.0], [89025.5, 6270.0], [89026.0, 21010.0], [89028.0, 12750.0], [89029.5, 42730.0], [89037.0, 15340.0], [89038.0, 4890.0], [89038.5, 45000.0], [89041.5, 28620.0], [89042.5, 16200.0], [89044.5, 18410.0], [89045.5, 40000.0], [89046.0, 15610.0], [89046.5, 12870.0], [89049.0, 18500.0], [89050.0, 24940.0], [89050.5, 2110.0]]}}}
{"jsonrpc": "2.0", "method": "subscription", "params": {"channel": "book.BTC-PERPETUAL.none.20.100ms", "data": {"timestamp": 1768960269602, "change_id": 136288776076, "instrument_name": "BTC-PERPETUAL", "bids": [[89019.5, 150.0], [89018.5, 156290.0], [89017.0, 10000.0], [89005.5, 500.0], [89005.0, 1000.0], [89004.0, 980.0], [89003.0, 43600.0], [89002.5, 5770.0], [89000.0, 6990.0], [88998.5, 18530.0], [88995.0, 17830.0], [88991.0, 2470.0], [88990.0, 160.0], [88989.5, 17660.0], [88986.5, 400.0], [88983.5, 2900.0], [88983.0, 18700.0], [88982.0, 40000.0], [88981.5, 11000.0], [88981.0, 17660.0]], "asks": [[89020.0, 526630.0], [89021.0, 43580.0], [89022.0, 50000.0], [89022.5, 60000.0], [89033.0, 35530.0], [89033.5, 118590.0], [89037.0, 15340.0], [89038.0, 4890.0], [89038.5, 45000.0], [89041.5, 28620.0], [89042.5, 16200.0], [89044.5, 18410.0], [89045.5, 40000.0], [89046.0, 15610.0], [89046.5, 12870.0], [89049.0, 18500.0], [89049.5, 2110.0], [89050.0, 24940.0], [89053.5, 300000.0], [89055.0, 4570.0]]}}}
{"jsonrpc": "2.0", "method": "subscription", "params": {"channel": "book.BTC-PERPETUAL.none.20.100ms", "data": {"timestamp": 1768960269925, "change_id": 136288777127, "instrument_name": "BTC-PERPETUAL", "bids": [[89011.0, 3750.0], [89008.0, 5770.0], [89003.5, 10500.0], [89003.0, 43600.0], [89000.5, 1410.0], [89000.0, 6990.0], [88999.5, 1200.0], [88999.0, 10000.0], [88995.0, 400.0], [88990.0, 160.0], [88989.5, 17660.0], [88986.5, 400.0], [88983.0, 18700.0], [88982.5, 8960.0], [88982.0, 48990.0], [88981.5, 11000.0], [88981.0, 17660.0], [88977.0, 3340.0], [88976.5, 11000.0], [88975.0, 180.0]], "asks": [[89011.5, 191260.0], [89012.5, 25200.0], [89013.0, 60000.0], [89018.5, 88650.0], [89019.0, 340950.0], [89019.5, 100.0], [89020.0, 28450.0], [89020.5, 21010.0], [89022.0, 50000.0], [89024.0, 13430.0], [89024.5, 45000.0], [89033.0, 35530.0], [89033.5, 118590.0], [89036.0, 17930.0], [89037.0, 5340.0], [89041.5, 28620.0], [89042.5, 16200.0], [89044.5, 43350.0], [89045.5, 40000.0], [89046.0, 9360.0]]}}}
{"jsonrpc": "2.0", "method": "subscription", "params": {"channel": "book.BTC-PERPETUAL.none.20.100ms", "data": {"timestamp": 1768960270265, "change_id": 136288777951, "instrument_name": "BTC-PERPETUAL", "bids": [[89011.0, 2121820.0], [89005.0, 500.0], [89003.0, 43600.0], [89000.5, 1410.0], [88999.5, 1200.0], [88995.0, 400.0], [88990.0, 5430.0], [88989.5, 17660.0], [88987.5, 11190.0], [88987.0, 11000.0], [88986.5, 400.0], [88985.5, 17950.0], [88983.5, 11000.0], [88983.0, 18700.0], [88982.0, 48990.0], [88981.0, 17660.0], [88977.0, 25990.0], [88975.0, 180.0], [88974.0, 9230.0], [88973.5, 64160.0]], "asks": [[89011.5, 234700.0], [89012.0, 34010.0], [89012.5, 11400.0], [89013.0, 60000.0], [89014.5, 61620.0], [89015.0, 6900.0], [89017.5, 16960.0], [89019.0, 80070.0], [89019.5, 50020.0], [89020.0, 350.0], [89021.5, 42730.0], [89022.0, 50000.0], [89024.0, 13430.0], [89024.5, 52290.0], [89029.0, 8090.0], [89032.5, 21010.0], [89033.0, 35530.0], [89033.5, 118590.0], [89036.0, 17930.0], [89037.0, 450.0]]}}}
{"jsonrpc": "2.0", "method": "subscription", "params": {"channel": "book.BTC-PERPETUAL.none.20.100ms", "data": {"timestamp": 1768960270594, "change_id": 136288778320, "instrument_name": "BTC-PERPETUAL", "bids": [[89011.0, 170570.0], [89007.0, 10000.0], [89003.5, 500.0], [89003.0, 43600.0], [89000.5, 1410.0], [88999.5, 1200.0], [88995.0, 3490.0], [88990.5, 2900.0], [88990.0, 5430.0], [88989.5, 17660.0], [88987.5, 11190.0], [88987.0, 11000.0], [88986.5, 400.0], [88985.5, 20420.0], [88983.5, 11000.0], [88983.0, 30940.0], [88982.0, 85000.0], [88981.0, 17660.0], [88978.0, 25990.0], [88975.0, 9410.0]], "asks": [[89011.5, 155890.0], [89012.0, 17910.0], [89013.0, 60000.0], [89015.0, 5770.0], [89016.5, 12800.0], [89019.0, 99090.0], [89020.0, 350.0], [89021.0, 50020.0], [89021.5, 42730.0], [89022.0, 50000.0], [89023.5, 61620.0], [89024.0, 13430.0], [89024.5, 52290.0], [89028.0, 6270.0], [89032.5, 21010.0], [89033.0, 35530.0], [89033.5, 118590.0], [89036.0, 17930.0], [89037.0, 450.0], [89037.5, 15000.0]]}}}
{"jsonrpc": "2.0", "method": "subscription", "params": {"channel": "book.BTC-PERPETUAL.none.20.100ms", "data": {"timestamp": 1768960270911, "change_id": 136288778735, "instrument_name": "BTC-PERPETUAL", "bids": [[89011.0, 2170780.0], [89007.5, 500.0], [89007.0, 10000.0], [89004.0, 45000.0], [89003.0, 43600.0], [89000.5, 1410.0], [88999.5, 1200.0], [88995.0, 400.0], [88990.0, 5430.0], [88989.5, 17660.0], [88987.5, 11190.0], [88987.0, 11000.0], [88986.5, 400.0], [88986.0, 11000.0], [88985.5, 17950.0], [88983.0, 30940.0], [88982.0, 85000.0], [88981.0, 17660.0], [88976.0, 25990.0], [88975.0, 180.0]], "asks": [[89011.5, 155710.0], [89012.0, 17910.0], [89012.5, 13700.0], [89013.0, 60000.0], [89015.0, 5770.0], [89015.5, 12750.0], [89019.0, 79810.0], [89020.0, 350.0], [89021.0, 50020.0], [89021.5, 42730.0], [89022.0, 50000.0], [89024.0, 32290.0], [89024.5, 52290.0], [89026.0, 61620.0], [89028.0, 6270.0], [89032.5, 21010.0], [89033.0, 35530.0], [89033.5, 118590.0], [89036.0, 17930.0], [89037.0, 5560.0]]}}}
{"jsonrpc": "2.0", "method": "subscription", "params": {"channel": "book.BTC-PERPETUAL.none.20.100ms", "data": {"timestamp": 1768960271244, "change_id": 136288779291, "instrument_name": "BTC-PERPETUAL", "bids": [[89011.0, 4171710.0], [89007.5, 500.0], [89003.0, 43600.0], [89002.5, 45000.0], [89000.5, 1410.0], [88999.5, 1200.0], [88995.0, 400.0], [88990.0, 5430.0], [88989.5, 17660.0], [88987.5, 11190.0], [88987.0, 11000.0], [88986.5, 400.0], [88985.5, 17950.0], [88983.0, 30940.0], [88982.5, 11000.0], [88982.0, 85000.0], [88981.0, 17660.0], [88977.5, 9230.0], [88977.0, 25990.0], [88975.0, 180.0]], "asks": [[89011.5, 218440.0], [89012.0, 23680.0], [89012.5, 12600.0], [89013.0, 60000.0], [89014.5, 29410.0], [89018.5, 50020.0], [89019.0, 79810.0], [89020.0, 350.0], [89021.5, 42730.0], [89022.0, 50000.0], [89024.0, 32290.0], [89024.5, 52290.0], [89026.0, 61620.0], [89032.0, 6270.0], [89032.5, 21010.0], [89033.0, 35530.0], [89033.5, 118590.0], [89036.0, 17930.0], [89037.0, 5560.0], [89037.5, 15000.0]]}}}
{"jsonrpc": "2.0", "method": "subscription", "params": {"channel": "book.BTC-PERPETUAL.none.20.100ms", "data": {"timestamp": 1768960271583, "change_id": 136288779588, "instrument_name": "BTC-PERPETUAL", "bids": [[89011.0, 4171710.0], [89006.5, 10500.0], [89003.0, 43600.0], [89002.5, 45000.0], [89000.5, 1410.0], [88999.5, 1200.0], [88995.0, 400.0], [88990.0, 5430.0], [88989.5, 17660.0], [88987.5, 11190.0], [88987.0, 11000.0], [88986.5, 400.0], [88986.0, 11000.0], [88985.5, 17950.0], [88983.0, 30940.0], [88982.0, 85000.0], [88981.0, 17660.0], [88978.5, 9230.0], [88978.0, 25990.0], [88975.0, 180.0]], "asks": [[89011.5, 218540.0], [89012.0, 23680.0], [89012.5, 12600.0], [89013.0, 60000.0], [89014.5, 29410.0], [89018.5, 50020.0], [89019.0, 79810.0], [89020.0, 350.0], [89021.5, 42730.0], [89022.0, 50000.0], [89024.0, 32290.0], [89024.5, 52290.0], [89026.0, 61620.0], [89032.0, 6270.0], [89032.5, 21010.0], [89036.0, 17930.0], [89037.0, 5560.0], [89037.5, 15000.0], [89041.0, 2110.0], [89041.5, 28620.0]]}}}
{"jsonrpc": "2.0", "method": "subscription", "params": {"channel": "book.BTC-PERPETUAL.none.20.100ms", "data": {"timestamp": 1768960271907, "change_id": 136288779882, "instrument_name": "BTC-PERPETUAL", "bids": [[89011.0, 4171710.0], [89007.0, 500.0], [89006.5, 10000.0], [89003.0, 43600.0], [89002.5, 45000.0], [89000.5, 1410.0], [88999.5, 1200.0], [88995.0, 400.0], [88990.0, 5430.0], [88989.5, 17660.0], [88987.5, 11190.0], [88987.0, 11000.0], [88986.5, 400.0], [88986.0, 11000.0], [88985.5, 17950.0], [88983.0, 30940.0], [88982.0, 85000.0], [88981.0, 17660.0], [88979.0, 25990.0], [88977.0, 9230.0]], "asks": [[89011.5, 201000.0], [89012.0, 23680.0], [89013.0, 60000.0], [89014.5, 29410.0], [89018.5, 50020.0], [89019.0, 79810.0], [89020.0, 350.0], [89021.5, 42730.0], [89022.0, 50000.0], [89024.0, 32290.0], [89024.5, 52290.0], [89026.0, 61620.0], [89032.0, 6270.0], [89032.5, 21010.0], [89035.5, 5490.0], [89036.0, 17930.0], [89037.0, 5460.0], [89037.5, 15000.0], [89041.0, 2110.0], [89041.5, 28620.0]]}}}
{"jsonrpc": "2.0", "method": "subscription", "params": {"channel": "book.BTC-PERPETUAL.none.20.100ms", "data": {"timestamp": 1768960272243, "change_id": 136288780263, "instrument_name": "BTC-PERPETUAL", "bids": [[89011.0, 4076610.0], [89007.0, 500.0], [89006.5, 10000.0], [89003.0, 43600.0], [89002.5, 45000.0], [89000.5, 1410.0], [88999.5, 1200.0], [88995.0, 400.0], [88990.0, 5430.0], [88989.5, 17660.0], [88987.5, 11190.0], [88987.0, 11000.0], [88986.5, 400.0], [88986.0, 11000.0], [88985.5, 17950.0], [88983.0, 30940.0], [88982.0, 85000.0], [88981.0, 17660.0], [88978.0, 9230.0], [88975.0, 180.0]], "asks": [[89011.5, 200970.0], [89012.0, 23680.0], [89012.5, 12300.0], [89013.0, 60000.0], [89014.5, 29410.0], [89018.5, 50020.0], [89019.0, 79810.0], [89020.0, 350.0], [89021.5, 42730.0], [89022.0, 50000.0], [89024.0, 32290.0], [89024.5, 52290.0], [89026.0, 61620.0], [89030.0, 39970.0], [89030.5, 112900.0], [89032.5, 21010.0], [89035.5, 5490.0], [89036.0, 17930.0], [89037.0, 5460.0], [89037.5, 15000.0]]}}}
{"jsonrpc": "2.0", "method": "subscription", "params": {"channel": "book.BTC-PERPETUAL.none.20.100ms", "data": {"timestamp": 1768960272575, "change_id": 136288780530, "instrument_name": "BTC-PERPETUAL", "bids": [[89011.0, 4076610.0], [89006.0, 500.0], [89004.0, 10000.0], [89003.0, 43600.0], [89002.5, 45000.0], [89000.5, 1410.0], [88999.5, 1200.0], [88995.0, 400.0], [88990.0, 5430.0], [88989.5, 17660.0], [88987.5, 11190.0], [88987.0, 11000.0], [88986.5, 400.0], [88986.0, 11000.0], [88985.5, 17950.0], [88983.0, 30940.0], [88982.0, 85000.0], [88981.0, 17660.0], [88978.5, 25990.0], [88975.0, 180.0]], "asks": [[89011.5, 200980.0], [89012.0, 23680.0], [89013.0, 60000.0], [89014.5, 29410.0], [89018.5, 50020.0], [89019.0, 79810.0], [89020.0, 350.0], [89021.5, 42730.0], [89022.0, 50000.0], [89024.0, 32290.0], [89024.5, 52290.0], [89026.0, 61620.0], [89030.0, 39970.0], [89030.5, 112900.0], [89032.5, 21010.0], [89035.5, 5490.0], [89036.0, 17930.0], [89037.0, 5460.0], [89037.5, 15000.0], [89041.0, 2110.0]]}}}
{"jsonrpc": "2.0", "method": "subscription", "params": {"channel": "book.BTC-PERPETUAL.none.20.100ms", "data": {"timestamp": 1768960272901, "change_id": 136288780829, "instrument_name": "BTC-PERPETUAL", "bids": [[89011.0, 4076610.0], [89004.5, 500.0], [89004.0, 10000.0], [89003.0, 43600.0], [89002.5, 45000.0], [89000.5, 1410.0], [88999.5, 1200.0], [88995.0, 400.0], [88990.0, 5430.0], [88989.5, 17660.0], [88987.5, 11190.0], [88986.5, 400.0], [88986.0, 11000.0], [88985.5, 17950.0], [88983.5, 11000.0], [88983.0, 30940.0], [88982.0, 85000.0], [88981.0, 17660.0], [88975.0, 9230.0], [88974.5, 25990.0]], "asks": [[89011.5, 201010.0], [89012.0, 23680.0], [89013.0, 60000.0], [89014.5, 29410.0], [89018.5, 50020.0], [89019.0, 79810.0], [89020.0, 7640.0], [89021.5, 42730.0], [89022.0, 50000.0], [89024.0, 32290.0], [89024.5, 45000.0], [89026.0, 61620.0], [89030.0, 39970.0], [89030.5, 112900.0], [89032.5, 21010.0], [89035.5, 5490.0], [89036.0, 17930.0], [89037.0, 12250.0], [89037.5, 15000.0], [89041.0, 27050.0]]}}}
{"jsonrpc": "2.0", "method": "subscription", "params": {"channel": "book.BTC-PERPETUAL.none.20.100ms", "data": {"timestamp": 1768960273240, "change_id": 136288781217, "instrument_name": "BTC-PERPETUAL", "bids": [[89011.0, 4171710.0], [89005.0, 500.0], [89004.5, 10000.0], [89003.0, 43600.0], [89002.5, 45000.0], [89000.5, 1410.0], [88999.5, 1200.0], [88995.0, 400.0], [88990.0, 5430.0], [88989.5, 17660.0], [88987.5, 11190.0], [88986.5, 400.0], [88986.0, 11000.0], [88985.5, 17950.0], [88983.5, 11000.0], [88983.0, 30940.0], [88982.0, 85000.0], [88981.0, 17660.0], [88974.5, 25990.0], [88974.0, 9230.0]], "asks": [[89011.5, 201010.0], [89012.0, 23680.0], [89012.5, 7300.0], [89013.0, 60000.0], [89014.5, 29410.0], [89018.5, 50020.0], [89019.0, 79810.0], [89020.0, 7640.0], [89021.5, 42730.0], [89022.0, 50000.0], [89024.0, 32290.0], [89024.5, 45000.0], [89026.0, 61620.0], [89030.0, 39970.0], [89030.5, 112900.0], [89032.5, 21010.0], [89035.5, 5490.0], [89036.0, 17930.0], [89037.0, 5460.0], [89037.5, 15000.0]]}}}
{"jsonrpc": "2.0", "method": "subscription", "params": {"channel": "book.BTC-PERPETUAL.none.20.100ms", "data": {"timestamp": 1768960273566, "change_id": 136288781434, "instrument_name": "BTC-PERPETUAL", "bids": [[89011.0, 4171710.0], [89005.0, 500.0], [89004.5, 10000.0], [89003.0, 43600.0], [89002.5, 45000.0], [89000.5, 1410.0], [88999.5, 1200.0], [88995.0, 400.0], [88990.0, 5430.0], [88989.5, 17660.0], [88987.5, 11190.0], [88986.5, 400.0], [88986.0, 22000.0], [88985.5, 17950.0], [88983.0, 30940.0], [88982.0, 85000.0], [88981.0, 17660.0], [88974.5, 25990.0], [88974.0, 9230.0], [88973.5, 68670.0]], "asks": [[89011.5, 201000.0], [89012.0, 23680.0], [89013.0, 60000.0], [89014.5, 29410.0], [89018.5, 50020.0], [89019.0, 79810.0], [89020.0, 7640.0], [89021.5, 42730.0], [89022.0, 50000.0], [89024.0, 32290.0], [89024.5, 45000.0], [89026.0, 61620.0], [89030.0, 39970.0], [89030.5, 112900.0], [89032.5, 21010.0], [89035.5, 5490.0], [89036.0, 17930.0], [89037.0, 5460.0], [89037.5, 15000.0], [89041.0, 2110.0]]}}}
{"jsonrpc": "2.0", "method": "subscription", "params": {"channel": "book.BTC-PERPETUAL.none.20.100ms", "data": {"timestamp": 1768960273898, "change_id": 136288781728, "instrument_name": "BTC-PERPETUAL", "bids": [[89011.0, 4171710.0], [89005.0, 500.0], [89004.5, 10000.0], [89003.0, 43600.0], [89002.5, 45000.0], [89000.5, 1410.0], [88999.5, 1200.0], [88995.0, 400.0], [88990.0, 5430.0], [88989.5, 17660.0], [88987.5, 11190.0], [88987.0, 11000.0], [88986.5, 400.0], [88985.5, 17950.0], [88983.5, 11000.0], [88983.0, 30940.0], [88982.0, 85000.0], [88981.0, 17660.0], [88975.0, 10510.0], [88974.5, 25990.0]], "asks": [[89011.5, 200970.0], [89012.0, 23680.0], [89013.0, 60000.0], [89014.5, 29410.0], [89018.5, 50020.0], [89019.0, 79810.0], [89020.0, 7640.0], [89021.5, 42730.0], [89022.0, 50000.0], [89024.0, 32290.0], [89024.5, 45000.0], [89026.0, 61620.0], [89030.0, 39970.0], [89030.5, 112900.0], [89032.5, 21010.0], [89035.5, 5490.0], [89036.0, 17930.0], [89037.0, 5460.0], [89037.5, 15000.0], [89041.0, 2110.0]]}}}
{"jsonrpc": "2.0", "method": "subscription", "params": {"channel": "book.BTC-PERPETUAL.none.20.100ms", "data": {"timestamp": 1768960274224, "change_id": 136288782094, "instrument_name": "BTC-PERPETUAL", "bids": [[89011.0, 4171710.0], [89005.0, 500.0], [89004.5, 10000.0], [89003.0, 43600.0], [89002.5, 45000.0], [89000.5, 1410.0], [88999.5, 1200.0], [88995.0, 400.0], [88990.0, 5430.0], [88989.5, 17660.0], [88987.5, 11190.0], [88987.0, 11000.0], [88986.5, 400.0], [88985.5, 17950.0], [88983.5, 11000.0], [88983.0, 30940.0], [88982.0, 85000.0], [88981.0, 17660.0], [88975.0, 10510.0], [88974.5, 25990.0]], "asks": [[89011.5, 200950.0], [89012.0, 23680.0], [89013.0, 60000.0], [89014.5, 29410.0], [89018.5, 50020.0], [89019.0, 79810.0], [89020.0, 7640.0], [89021.5, 42730.0], [89022.0, 50000.0], [89024.0, 32290.0], [89024.5, 45000.0], [89026.0, 61620.0], [89030.0, 39970.0], [89030.5, 112900.0], [89032.5, 21010.0], [89035.5, 5490.0], [89036.0, 17930.0], [89037.0, 5460.0], [89037.5, 15000.0], [89041.0, 2110.0]]}}}
{"jsonrpc": "2.0", "method": "subscription", "params": {"channel": "book.BTC-PERPETUAL.none.20.100ms", "data": {"timestamp": 1768960274565, "change_id": 136288782339, "instrument_name": "BTC-PERPETUAL", "bids": [[89011.0, 4076610.0], [89006.0, 500.0], [89005.5, 10000.0], [89003.0, 43600.0], [89002.5, 45000.0], [89000.5, 1410.0], [88999.5, 1200.0], [88995.0, 400.0], [88990.0, 5430.0], [88989.5, 17660.0], [88987.5, 11190.0], [88987.0, 11000.0], [88986.5, 400.0], [88986.0, 11000.0], [88985.5, 17950.0], [88983.0, 30940.0], [88982.0, 85000.0], [88981.0, 17660.0], [88975.0, 10510.0], [88974.5, 25990.0]], "asks": [[89011.5, 201600.0], [89012.0, 23680.0], [89013.0, 60000.0], [89014.5, 29410.0], [89018.5, 50020.0], [89019.0, 79810.0], [89020.0, 7640.0], [89021.5, 42730.0], [89022.0, 50000.0], [89024.0, 32290.0], [89024.5, 45000.0], [89026.0, 61620.0], [89030.0, 39970.0], [89030.5, 112900.0], [89032.5, 21010.0], [89035.5, 5490.0], [89036.0, 17930.0], [89037.0, 5460.0], [89037.5, 15000.0], [89041.0, 2110.0]]}}}
{"jsonrpc": "2.0", "method": "subscription", "params": {"channel": "book.BTC-PERPETUAL.none.20.100ms", "data": {"timestamp": 1768960274845, "change_id": 136288782618, "instrument_name": "BTC-PERPETUAL", "bids": [[89011.0, 4076610.0], [89006.0, 500.0], [89005.5, 10000.0], [89003.0, 43600.0], [89002.5, 45000.0], [89000.5, 1410.0], [88999.5, 1200.0], [88995.0, 400.0], [88990.0, 5430.0], [88989.5, 17660.0], [88987.5, 11190.0], [88987.0, 11000.0], [88986.5, 400.0], [88986.0, 11000.0], [88985.5, 17950.0], [88983.0, 30940.0], [88982.0, 85000.0], [88981.0, 17660.0], [88975.0, 10510.0], [88974.5, 25990.0]], "asks": [[89011.5, 201600.0], [89012.0, 23680.0], [89013.0, 60000.0], [89014.5, 29410.0], [89018.5, 50020.0], [89019.0, 79810.0], [89020.0, 7640.0], [89021.5, 42730.0], [89022.0, 50000.0], [89024.0, 32290.0], [89024.5, 45000.0], [89026.0, 61620.0], [89030.0, 39970.0], [89030.5, 112900.0], [89032.5, 21010.0], [89035.5, 5490.0], [89036.0, 17930.0], [89037.0, 5460.0], [89037.5, 15000.0], [89041.0, 2110.0]]}}}
{"jsonrpc": "2.0", "method": "subscription", "params": {"channel": "book.BTC-PERPETUAL.none.20.100ms", "data": {"timestamp": 1768960275224, "change_id": 136288782978, "instrument_name": "BTC-PERPETUAL", "bids": [[89011.0, 4171810.0], [89006.5, 10000.0], [89006.0, 500.0], [89003.0, 43600.0], [89002.5, 45000.0], [89000.5, 1410.0], [88999.5, 1200.0], [88995.0, 400.0], [88990.0, 5430.0], [88989.5, 17660.0], [88987.5, 11190.0], [88987.0, 11000.0], [88986.5, 400.0], [88986.0, 11000.0], [88985.5, 17950.0], [88983.0, 30940.0], [88982.0, 85000.0], [88981.0, 17660.0], [88975.0, 10510.0], [88974.5, 25990.0]], "asks": [[89011.5, 201600.0], [89012.0, 23680.0], [89013.0, 60000.0], [89014.5, 29410.0], [89018.5, 50020.0], [89019.0, 79810.0], [89020.0, 7640.0], [89021.5, 42730.0], [89022.0, 50000.0], [89024.0, 32290.0], [89024.5, 45000.0], [89026.0, 61620.0], [89030.0, 39970.0], [89030.5, 112900.0], [89032.5, 21010.0], [89035.5, 5490.0], [89036.0, 17930.0], [89037.0, 5460.0], [89037.5, 15000.0], [89041.0, 2110.0]]}}}
{"jsonrpc": "2.0", "method": "subscription", "params": {"channel": "book.BTC-PERPETUAL.none.20.100ms", "data": {"timestamp": 1768960275536, "change_id": 136288783230, "instrument_name": "BTC-PERPETUAL", "bids": [[89011.0, 2171240.0], [89007.0, 500.0], [89006.5, 10000.0], [89003.0, 43600.0], [89002.5, 45000.0], [89000.5, 1410.0], [88999.5, 1200.0], [88995.0, 400.0], [88990.0, 5430.0], [88989.5, 17660.0], [88987.5, 11190.0], [88987.0, 22000.0], [88986.5, 400.0], [88985.5, 17950.0], [88983.0, 30940.0], [88982.0, 85000.0], [88981.0, 17660.0], [88975.5, 25990.0], [88975.0, 2760.0], [88974.0, 9230.0]], "asks": [[89011.5, 192370.0], [89012.0, 23680.0], [89012.5, 9240.0], [89013.0, 60000.0], [89014.5, 29410.0], [89018.5, 50020.0], [89019.0, 79810.0], [89020.0, 7640.0], [89021.5, 42730.0], [89022.0, 50000.0], [89024.0, 32290.0], [89024.5, 45000.0], [89026.0, 61620.0], [89030.0, 39970.0], [89030.5, 112900.0], [89035.0, 21010.0], [89035.5, 5490.0], [89036.0, 17930.0], [89037.0, 5460.0], [89037.5, 15000.0]]}}}
{"jsonrpc": "2.0", "method": "subscription", "params": {"channel": "book.BTC-PERPETUAL.none.20.100ms", "data": {"timestamp": 1768960275853, "change_id": 136288783515, "instrument_name": "BTC-PERPETUAL", "bids": [[89011.0, 4171780.0], [89007.0, 500.0], [89006.5, 10000.0], [89003.0, 43600.0], [89002.5, 45000.0], [89000.5, 1410.0], [88999.5, 1200.0], [88995.0, 400.0], [88990.5, 8600.0], [88990.0, 160.0], [88989.5, 17660.0], [88988.0, 11000.0], [88987.5, 11190.0], [88987.0, 11000.0], [88986.5, 400.0], [88985.5, 17950.0], [88983.0, 30940.0], [88982.0, 85000.0], [88981.0, 17660.0], [88975.5, 25990.0]], "asks": [[89011.5, 192650.0], [89012.0, 23680.0], [89012.5, 9240.0], [89013.0, 60000.0], [89014.5, 29410.0], [89018.5, 50020.0], [89019.0, 79810.0], [89020.0, 7640.0], [89021.5, 42730.0], [89022.0, 50000.0], [89024.0, 32290.0], [89024.5, 45000.0], [89026.0, 61620.0], [89030.0, 39970.0], [89030.5, 112900.0], [89034.5, 11730.0], [89035.0, 21010.0], [89036.0, 17930.0], [89037.0, 5460.0], [89037.5, 15000.0]]}}}
{"jsonrpc": "2.0", "method": "subscription", "params": {"channel": "book.BTC-PERPETUAL.none.20.100ms", "data": {"timestamp": 1768960276209, "change_id": 136288783893, "instrument_name": "BTC-PERPETUAL", "bids": [[89011.0, 4165650.0], [89009.0, 500.0], [89008.5, 5770.0], [89003.0, 43600.0], [89002.5, 45000.0], [89000.5, 1410.0], [88999.5, 1200.0], [88995.0, 400.0], [88990.5, 8600.0], [88990.0, 160.0], [88989.5, 17660.0], [88988.0, 11000.0], [88987.5, 11190.0], [88987.0, 11000.0], [88986.5, 400.0], [88985.5, 17950.0], [88983.0, 30940.0], [88982.0, 85000.0], [88981.0, 17660.0], [88975.5, 25990.0]], "asks": [[89011.5, 192570.0], [89012.0, 23680.0], [89012.5, 9240.0], [89013.0, 60000.0], [89014.5, 29410.0], [89018.5, 50020.0], [89019.0, 79810.0], [89020.0, 7640.0], [89021.5, 42730.0], [89022.0, 50000.0], [89024.0, 32290.0], [89024.5, 45000.0], [89026.0, 61620.0], [89030.0, 39970.0], [89030.5, 112900.0], [89034.0, 21010.0], [89036.0, 17930.0], [89037.0, 5460.0], [89037.5, 15000.0], [89041.0, 2110.0]]}}}
{"jsonrpc": "2.0", "method": "subscription", "params": {"channel": "book.BTC-PERPETUAL.none.20.100ms", "data": {"timestamp": 1768960276537, "change_id": 136288784132, "instrument_name": "BTC-PERPETUAL", "bids": [[89011.0, 4165980.0], [89008.5, 5770.0], [89003.5, 500.0], [89003.0, 43600.0], [89002.5, 45000.0], [89000.5, 1410.0], [88999.5, 1200.0], [88995.0, 400.0], [88990.5, 8600.0], [88990.0, 160.0], [88989.5, 17660.0], [88988.0, 11000.0], [88987.5, 11190.0], [88986.5, 400.0], [88986.0, 11000.0], [88985.5, 17950.0], [88983.0, 30940.0], [88982.0, 85000.0], [88981.0, 17660.0], [88975.5, 25990.0]], "asks": [[89011.5, 201660.0], [89012.0, 23680.0], [89013.0, 60000.0], [89014.5, 29410.0], [89018.5, 50020.0], [89019.0, 79810.0], [89020.0, 7640.0], [89021.5, 42730.0], [89022.0, 50000.0], [89024.0, 32290.0], [89024.5, 45000.0], [89026.0, 61620.0], [89030.0, 60980.0], [89030.5, 112900.0], [89036.0, 17930.0], [89037.0, 5460.0], [89037.5, 15000.0], [89041.0, 2110.0], [89041.5, 28620.0], [89042.5, 16200.0]]}}}
{"jsonrpc": "2.0", "method": "subscription", "params": {"channel": "book.BTC-PERPETUAL.none.20.100ms", "data": {"timestamp": 1768960276875, "change_id": 136288784412, "instrument_name": "BTC-PERPETUAL", "bids": [[89011.0, 4165980.0], [89008.5, 5770.0], [89005.5, 10000.0], [89003.5, 500.0], [89003.0, 43600.0], [89002.5, 45000.0], [89000.5, 1410.0], [88999.5, 1200.0], [88995.0, 400.0], [88990.5, 8600.0], [88990.0, 160.0], [88989.5, 17660.0], [88988.0, 11000.0], [88987.5, 11190.0], [88986.5, 400.0], [88986.0, 11000.0], [88985.5, 17950.0], [88983.0, 30940.0], [88982.0, 85000.0], [88981.0, 17660.0]], "asks": [[89011.5, 201650.0], [89012.0, 23680.0], [89013.0, 60000.0], [89014.5, 29410.0], [89018.5, 50020.0], [89019.0, 79810.0], [89020.0, 7640.0], [89021.5, 42730.0], [89022.0, 50000.0], [89024.0, 32290.0], [89024.5, 45000.0], [89026.0, 61620.0], [89030.0, 60980.0], [89030.5, 112900.0], [89035.5, 5460.0], [89036.0, 17930.0], [89037.0, 5460.0], [89037.5, 15000.0], [89041.0, 2110.0], [89041.5, 28620.0]]}}}
{"jsonrpc": "2.0", "method": "subscription", "params": {"channel": "book.BTC-PERPETUAL.none.20.100ms", "data": {"timestamp": 1768960277209, "change_id": 136288784770, "instrument_name": "BTC-PERPETUAL", "bids": [[89011.0, 4070780.0], [89008.5, 5770.0], [89003.5, 500.0], [89003.0, 43600.0], [89002.5, 45000.0], [89000.5, 1410.0], [88999.5, 1200.0], [88995.0, 400.0], [88990.5, 8600.0], [88990.0, 160.0], [88989.5, 17660.0], [88988.0, 11000.0], [88987.5, 11190.0], [88986.5, 400.0], [88986.0, 11000.0], [88985.5, 17950.0], [88983.0, 30940.0], [88982.0, 85000.0], [88981.0, 17660.0], [88976.5, 9230.0]], "asks": [[89011.5, 201670.0], [89012.0, 23680.0], [89013.0, 60000.0], [89014.5, 29410.0], [89018.5, 50020.0], [89019.0, 79810.0], [89020.0, 7640.0], [89021.5, 42730.0], [89022.0, 50000.0], [89024.0, 32290.0], [89024.5, 45000.0], [89026.0, 61620.0], [89030.0, 60980.0], [89030.5, 112900.0], [89035.5, 5460.0], [89036.0, 17930.0], [89037.0, 5460.0], [89037.5, 15000.0], [89041.0, 2110.0], [89041.5, 28620.0]]}}}
{"jsonrpc": "2.0", "method": "subscription", "params": {"channel": "book.BTC-PERPETUAL.none.20.100ms", "data": {"timestamp": 1768960277537, "change_id": 136288784993, "instrument_name": "BTC-PERPETUAL", "bids": [[89011.0, 4070780.0], [89008.5, 5770.0], [89003.5, 500.0], [89003.0, 43600.0], [89002.5, 45000.0], [89000.5, 1410.0], [88999.5, 1200.0], [88995.0, 400.0], [88990.5, 5320.0], [88990.0, 160.0], [88989.5, 17660.0], [88987.5, 11190.0], [88987.0, 11000.0], [88986.5, 400.0], [88986.0, 11000.0], [88985.5, 17950.0], [88983.0, 30940.0], [88982.0, 85000.0], [88981.0, 17660.0], [88976.5, 9230.0]], "asks": [[89011.5, 201660.0], [89012.0, 23680.0], [89013.0, 60000.0], [89014.5, 29410.0], [89018.5, 50020.0], [89019.0, 79810.0], [89020.0, 7640.0], [89021.5, 42730.0], [89022.0, 50000.0], [89024.0, 32290.0], [89024.5, 45000.0], [89026.0, 61620.0], [89030.0, 60980.0], [89030.5, 112900.0], [89035.5, 5460.0], [89036.0, 17930.0], [89037.0, 5460.0], [89037.5, 15000.0], [89041.0, 2110.0], [89041.5, 28620.0]]}}}
{"jsonrpc": "2.0", "method": "subscription", "params": {"channel": "book.BTC-PERPETUAL.none.20.100ms", "data": {"timestamp": 1768960277858, "change_id": 136288785280, "instrument_name": "BTC-PERPETUAL", "bids": [[89011.0, 4070780.0], [89008.5, 5770.0], [89003.5, 500.0], [89003.0, 43600.0], [89002.5, 45000.0], [89000.5, 1410.0], [88999.5, 1200.0], [88995.0, 400.0], [88990.5, 5320.0], [88990.0, 160.0], [88989.5, 17660.0], [88987.5, 11190.0], [88986.5, 400.0], [88986.0, 11000.0], [88985.5, 17950.0], [88983.5, 11000.0], [88983.0, 30940.0], [88982.0, 85000.0], [88981.0, 17660.0], [88976.5, 9230.0]], "asks": [[89011.5, 201830.0], [89012.0, 23680.0], [89013.0, 60000.0], [89014.5, 29410.0], [89018.5, 50020.0], [89019.0, 79810.0], [89020.0, 7640.0], [89021.5, 42730.0], [89022.0, 50000.0], [89024.0, 32290.0], [89024.5, 45000.0], [89026.0, 61620.0], [89030.0, 60980.0], [89030.5, 112900.0], [89035.5, 5460.0], [89036.0, 17930.0], [89037.0, 5460.0], [89037.5, 15000.0], [89041.0, 2110.0], [89041.5, 28620.0]]}}}
{"jsonrpc": "2.0", "method": "subscription", "params": {"channel": "book.BTC-PERPETUAL.none.20.100ms", "data": {"timestamp": 1768960278152, "change_id": 136288785575, "instrument_name": "BTC-PERPETUAL", "bids": [[89011.0, 4165980.0], [89008.5, 5770.0], [89006.0, 10000.0], [89005.5, 500.0], [89003.0, 43600.0], [89002.5, 45000.0], [89000.5, 1410.0], [88999.5, 1200.0], [88995.0, 400.0], [88990.5, 7920.0], [88990.0, 160.0], [88989.5, 17660.0], [88987.5, 22190.0], [88986.5, 400.0], [88986.0, 11000.0], [88985.5, 17950.0], [88983.0, 30940.0], [88982.0, 85000.0], [88981.0, 17660.0], [88976.5, 9230.0]], "asks": [[89011.5, 201780.0], [89012.0, 23680.0], [89013.0, 60000.0], [89014.5, 29410.0], [89018.5, 50020.0], [89019.0, 79810.0], [89020.0, 7640.0], [89021.5, 42730.0], [89022.0, 50000.0], [89024.0, 32290.0], [89024.5, 45000.0], [89026.0, 61620.0], [89030.0, 60980.0], [89030.5, 112900.0], [89035.5, 5460.0], [89036.0, 17930.0], [89037.0, 5460.0], [89037.5, 15000.0], [89041.0, 2110.0], [89041.5, 28620.0]]}}}
{"jsonrpc": "2.0", "method": "subscription", "params": {"channel": "book.BTC-PERPETUAL.none.20.100ms", "data": {"timestamp": 1768960278530, "change_id": 136288785897, "instrument_name": "BTC-PERPETUAL", "bids": [[89011.0, 4165980.0], [89008.5, 5770.0], [89004.5, 10000.0], [89003.5, 500.0], [89003.0, 43600.0], [89002.5, 45000.0], [89000.5, 1410.0], [88999.5, 1200.0], [88995.0, 400.0], [88990.5, 7920.0], [88990.0, 160.0], [88989.5, 17660.0], [88987.5, 22190.0], [88986.5, 400.0], [88986.0, 11000.0], [88985.5, 17950.0], [88983.0, 30940.0], [88982.0, 85000.0], [88981.0, 17660.0], [88976.5, 9230.0]], "asks": [[89011.5, 187580.0], [89012.0, 23680.0], [89012.5, 9240.0], [89013.0, 60000.0], [89014.5, 29410.0], [89018.5, 50020.0], [89019.0, 79810.0], [89020.0, 7640.0], [89021.5, 42730.0], [89022.0, 50000.0], [89024.0, 32290.0], [89024.5, 45000.0], [89026.0, 61620.0], [89030.0, 39970.0], [89030.5, 112900.0], [89035.0, 21010.0], [89035.5, 5460.0], [89036.0, 17930.0], [89037.0, 5460.0], [89037.5, 15000.0]]}}}
{"jsonrpc": "2.0", "method": "subscription", "params": {"channel": "book.BTC-PERPETUAL.none.20.100ms", "data": {"timestamp": 1768960278849, "change_id": 136288786195, "instrument_name": "BTC-PERPETUAL", "bids": [[89011.0, 4165980.0], [89008.5, 5770.0], [89006.5, 500.0], [89006.0, 10000.0], [89003.0, 43600.0], [89002.5, 45000.0], [89000.5, 1410.0], [88999.5, 1200.0], [88995.0, 400.0], [88990.5, 7920.0], [88990.0, 160.0], [88989.5, 17660.0], [88988.0, 11000.0], [88987.5, 11190.0], [88986.5, 400.0], [88986.0, 11000.0], [88985.5, 17950.0], [88983.0, 30940.0], [88982.0, 85000.0], [88981.0, 17660.0]], "asks": [[89011.5, 196850.0], [89012.0, 23680.0], [89013.0, 60000.0], [89014.5, 29410.0], [89018.5, 50020.0], [89019.0, 79810.0], [89020.0, 7640.0], [89021.5, 42730.0], [89022.0, 50000.0], [89024.0, 32290.0], [89024.5, 45000.0], [89026.0, 61620.0], [89030.0, 39970.0], [89030.5, 112900.0], [89035.0, 21010.0], [89035.5, 5460.0], [89036.0, 17930.0], [89037.0, 5460.0], [89037.5, 15000.0], [89041.0, 2110.0]]}}}
{"jsonrpc": "2.0", "method": "subscription", "params": {"channel": "book.BTC-PERPETUAL.none.20.100ms", "data": {"timestamp": 1768960279184, "change_id": 136288786539, "instrument_name": "BTC-PERPETUAL", "bids": [[89011.0, 4165980.0], [89008.5, 5770.0], [89003.5, 500.0], [89003.0, 43600.0], [89002.5, 55000.0], [89000.5, 1410.0], [88999.5, 1200.0], [88995.0, 400.0], [88990.5, 7920.0], [88990.0, 160.0], [88989.5, 17660.0], [88988.0, 11000.0], [88987.5, 11190.0], [88986.5, 400.0], [88986.0, 11000.0], [88985.5, 17950.0], [88983.0, 30940.0], [88982.0, 85000.0], [88981.0, 17660.0], [88977.0, 10510.0]], "asks": [[89011.5, 196850.0], [89012.0, 23680.0], [89013.0, 60000.0], [89014.5, 29410.0], [89018.5, 50020.0], [89019.0, 79810.0], [89020.0, 7640.0], [89021.5, 42730.0], [89022.0, 50000.0], [89024.0, 32290.0], [89024.5, 45000.0], [89026.0, 61620.0], [89030.0, 60980.0], [89030.5, 112900.0], [89035.5, 5460.0], [89036.0, 17930.0], [89037.0, 5460.0], [89037.5, 15000.0], [89041.0, 2110.0], [89041.5, 28620.0]]}}}
{"jsonrpc": "2.0", "method": "subscription", "params": {"channel": "book.BTC-PERPETUAL.none.20.100ms", "data": {"timestamp": 1768960279524, "change_id": 136288786824, "instrument_name": "BTC-PERPETUAL", "bids": [[89011.0, 4165980.0], [89008.5, 5770.0], [89003.5, 500.0], [89003.0, 43600.0], [89002.5, 55000.0], [89000.5, 1410.0], [88999.5, 1200.0], [88995.0, 400.0], [88990.5, 5320.0], [88990.0, 160.0], [88989.5, 17660.0], [88987.5, 11190.0], [88986.5, 400.0], [88986.0, 11000.0], [88985.5, 17950.0], [88983.5, 11000.0], [88983.0, 30940.0], [88982.0, 85000.0], [88981.0, 17660.0], [88977.5, 25990.0]], "asks": [[89011.5, 201990.0], [89012.0, 23680.0], [89013.0, 60000.0], [89014.5, 29410.0], [89018.5, 50020.0], [89019.0, 79810.0], [89020.0, 7640.0], [89021.5, 42730.0], [89022.0, 50000.0], [89024.0, 32290.0], [89024.5, 45000.0], [89026.0, 61620.0], [89030.0, 60980.0], [89030.5, 112900.0], [89035.5, 5460.0], [89036.0, 17930.0], [89037.0, 5460.0], [89037.5, 15000.0], [89041.0, 2110.0], [89041.5, 28620.0]]}}}
{"jsonrpc": "2.0", "method": "subscription", "params": {"channel": "book.BTC-PERPETUAL.none.20.100ms", "data": {"timestamp": 1768960279850, "change_id": 136288787130, "instrument_name": "BTC-PERPETUAL", "bids": [[89011.0, 4165980.0], [89008.5, 5770.0], [89003.5, 500.0], [89003.0, 43600.0], [89002.5, 55000.0], [89000.5, 1410.0], [88999.5, 1200.0], [88995.0, 400.0], [88990.5, 5320.0], [88990.0, 160.0], [88989.5, 17660.0], [88987.5, 11190.0], [88986.5, 400.0], [88986.0, 11000.0], [88985.5, 17950.0], [88983.5, 11000.0], [88983.0, 30940.0], [88982.0, 85000.0], [88981.0, 17660.0], [88975.0, 10510.0]], "asks": [[89011.5, 201810.0], [89012.0, 23680.0], [89013.0, 60000.0], [89014.5, 29410.0], [89018.5, 50020.0], [89019.0, 79810.0], [89020.0, 7640.0], [89021.5, 42730.0], [89022.0, 50000.0], [89024.0, 32290.0], [89024.5, 45000.0], [89026.0, 61620.0], [89030.0, 60980.0], [89030.5, 112900.0], [89035.5, 5460.0], [89036.0, 17930.0], [89037.0, 5460.0], [89037.5, 15000.0], [89041.0, 2110.0], [89041.5, 28620.0]]}}}
{"jsonrpc": "2.0", "method": "subscription", "params": {"channel": "book.BTC-PERPETUAL.none.20.100ms", "data": {"timestamp": 1768960280186, "change_id": 136288787501, "instrument_name": "BTC-PERPETUAL", "bids": [[89011.0, 3813100.0], [89008.5, 5770.0], [89003.5, 500.0], [89003.0, 43600.0], [89002.5, 55000.0], [89000.5, 1410.0], [88999.5, 1200.0], [88995.0, 400.0], [88990.5, 5320.0], [88990.0, 160.0], [88989.5, 17660.0], [88987.5, 11190.0], [88987.0, 11000.0], [88986.5, 400.0], [88985.5, 17950.0], [88983.5, 11000.0], [88983.0, 30940.0], [88982.0, 85000.0], [88981.0, 17660.0], [88975.0, 10510.0]], "asks": [[89011.5, 201990.0], [89012.0, 23680.0], [89013.0, 60000.0], [89014.5, 29410.0], [89018.5, 50020.0], [89019.0, 79810.0], [89020.0, 7640.0], [89021.5, 42730.0], [89022.0, 50000.0], [89024.0, 32290.0], [89024.5, 45000.0], [89026.0, 61620.0], [89030.0, 60980.0], [89030.5, 112900.0], [89035.5, 5460.0], [89036.0, 17930.0], [89037.0, 5460.0], [89037.5, 15000.0], [89040.5, 24940.0], [89041.0, 2110.0]]}}}
{"jsonrpc": "2.0", "method": "subscription", "params": {"channel": "book.BTC-PERPETUAL.none.20.100ms", "data": {"timestamp": 1768960280520, "change_id": 136288787913, "instrument_name": "BTC-PERPETUAL", "bids": [[89011.0, 2021180.0], [89006.0, 5770.0], [89003.5, 500.0], [89003.0, 43600.0], [89000.5, 1410.0], [88999.5, 1200.0], [88995.0, 400.0], [88994.5, 45000.0], [88990.5, 5320.0], [88990.0, 160.0], [88989.5, 17660.0], [88987.5, 11190.0], [88986.5, 400.0], [88986.0, 11000.0], [88985.5, 17950.0], [88983.0, 31540.0], [88982.0, 85000.0], [88981.5, 11000.0], [88981.0, 17660.0], [88975.0, 10510.0]], "asks": [[89011.5, 218490.0], [89012.0, 23680.0], [89013.0, 60000.0], [89014.5, 29410.0], [89018.5, 50020.0], [89019.0, 79810.0], [89020.0, 7640.0], [89021.5, 42730.0], [89022.0, 50000.0], [89024.0, 32290.0], [89024.5, 45000.0], [89025.5, 21010.0], [89026.0, 61620.0], [89030.0, 39970.0], [89030.5, 112900.0], [89035.5, 5460.0], [89036.0, 17930.0], [89037.0, 5460.0], [89037.5, 15000.0], [89041.0, 2110.0]]}}}
{"jsonrpc": "2.0", "method": "subscription", "params": {"channel": "book.BTC-PERPETUAL.none.20.100ms", "data": {"timestamp": 1768960280848, "change_id": 136288788262, "instrument_name": "BTC-PERPETUAL", "bids": [[89011.0, 3725420.0], [89006.5, 500.0], [89006.0, 5770.0], [89003.0, 43600.0], [89000.5, 1410.0], [88999.5, 1200.0], [88995.0, 400.0], [88994.5, 45000.0], [88990.5, 5320.0], [88990.0, 160.0], [88989.5, 17660.0], [88987.5, 11190.0], [88986.5, 400.0], [88986.0, 11000.0], [88985.5, 17950.0], [88983.0, 31540.0], [88982.0, 85000.0], [88981.5, 11000.0], [88981.0, 17660.0], [88975.0, 7760.0]], "asks": [[89011.5, 218450.0], [89012.0, 23680.0], [89013.0, 60000.0], [89014.5, 29410.0], [89018.5, 50020.0], [89019.0, 79810.0], [89020.0, 7640.0], [89021.5, 42730.0], [89022.0, 50000.0], [89024.0, 32290.0], [89024.5, 45000.0], [89025.5, 21010.0], [89026.0, 61620.0], [89030.0, 39970.0], [89030.5, 112900.0], [89035.5, 5460.0], [89036.0, 17930.0], [89037.0, 12250.0], [89037.5, 15000.0], [89040.0, 24940.0]]}}}
{"jsonrpc": "2.0", "method": "subscription", "params": {"channel": "book.BTC-PERPETUAL.none.20.100ms", "data": {"timestamp": 1768960281129, "change_id": 136288788505, "instrument_name": "BTC-PERPETUAL", "bids": [[89011.0, 3211380.0], [89003.5, 500.0], [89003.0, 49370.0], [89000.5, 1410.0], [88999.5, 1200.0], [88995.0, 400.0], [88994.5, 45000.0], [88990.5, 5320.0], [88990.0, 160.0], [88989.5, 17660.0], [88987.5, 11190.0], [88986.5, 400.0], [88986.0, 11000.0], [88985.5, 17950.0], [88983.0, 31540.0], [88982.0, 85000.0], [88981.0, 17660.0], [88975.5, 11000.0], [88975.0, 7760.0], [88974.5, 25990.0]], "asks": [[89011.5, 218620.0], [89012.0, 23680.0], [89012.5, 12300.0], [89013.0, 60000.0], [89014.5, 26050.0], [89018.5, 50020.0], [89019.0, 79810.0], [89020.0, 7640.0], [89021.5, 42730.0], [89022.0, 50000.0], [89024.0, 32290.0], [89024.5, 45000.0], [89025.5, 21010.0], [89026.0, 61620.0], [89030.0, 39970.0], [89030.5, 112900.0], [89035.5, 5460.0], [89036.0, 17930.0], [89037.0, 12250.0], [89037.5, 15000.0]]}}}
{"jsonrpc": "2.0", "method": "subscription", "params": {"channel": "book.BTC-PERPETUAL.none.20.100ms", "data": {"timestamp": 1768960281492, "change_id": 136288788913, "instrument_name": "BTC-PERPETUAL", "bids": [[89011.0, 2116510.0], [89003.5, 500.0], [89003.0, 49370.0], [89000.5, 1410.0], [88999.5, 1200.0], [88995.0, 400.0], [88994.5, 45000.0], [88990.5, 5320.0], [88990.0, 160.0], [88989.5, 17660.0], [88987.5, 11190.0], [88986.5, 400.0], [88986.0, 11000.0], [88985.5, 17950.0], [88983.0, 31540.0], [88982.0, 85000.0], [88981.5, 11000.0], [88981.0, 17660.0], [88975.0, 7760.0], [88974.5, 25990.0]], "asks": [[89011.5, 218620.0], [89012.0, 23680.0], [89013.0, 60000.0], [89014.5, 26050.0], [89018.5, 50020.0], [89019.0, 79810.0], [89020.0, 7640.0], [89021.5, 42730.0], [89022.0, 50000.0], [89024.0, 36380.0], [89024.5, 106620.0], [89035.0, 21010.0], [89035.5, 5460.0], [89036.0, 17930.0], [89037.0, 12250.0], [89037.5, 15000.0], [89041.0, 2110.0], [89041.5, 53560.0], [89042.5, 16200.0], [89044.5, 18410.0]]}}}
{"jsonrpc": "2.0", "method": "subscription", "params": {"channel": "book.BTC-PERPETUAL.none.20.100ms", "data": {"timestamp": 1768960281826, "change_id": 136288789275, "instrument_name": "BTC-PERPETUAL", "bids": [[89011.0, 3382350.0], [89003.5, 500.0], [89003.0, 49370.0], [89000.5, 1410.0], [88999.5, 1200.0], [88999.0, 45000.0], [88995.0, 400.0], [88990.5, 5320.0], [88990.0, 160.0], [88989.5, 17660.0], [88987.5, 11190.0], [88986.5, 400.0], [88986.0, 11000.0], [88985.5, 17950.0], [88983.5, 11000.0], [88983.0, 31540.0], [88982.0, 85000.0], [88981.0, 17660.0], [88975.0, 7760.0], [88974.5, 25990.0]], "asks": [[89011.5, 218460.0], [89012.0, 23680.0], [89013.0, 60000.0], [89014.5, 26050.0], [89018.5, 50020.0], [89019.0, 79810.0], [89020.0, 7640.0], [89021.5, 42730.0], [89022.0, 50000.0], [89024.0, 36380.0], [89024.5, 106620.0], [89034.5, 11730.0], [89035.0, 21010.0], [89036.0, 17930.0], [89037.0, 12250.0], [89037.5, 15000.0], [89041.0, 2110.0], [89041.5, 53560.0], [89042.5, 16200.0], [89044.5, 18410.0]]}}}
{"jsonrpc": "2.0", "method": "subscription", "params": {"channel": "book.BTC-PERPETUAL.none.20.100ms", "data": {"timestamp": 1768960282167, "change_id": 136288789584, "instrument_name": "BTC-PERPETUAL", "bids": [[89011.0, 3397500.0], [89003.5, 500.0], [89003.0, 49370.0], [89000.5, 1410.0], [88999.5, 1200.0], [88995.0, 400.0], [88994.0, 45000.0], [88990.5, 5320.0], [88990.0, 160.0], [88989.5, 17660.0], [88987.5, 11190.0], [88986.5, 400.0], [88986.0, 11000.0], [88985.5, 17950.0], [88983.0, 31540.0], [88982.5, 11000.0], [88982.0, 85000.0], [88981.0, 17660.0], [88975.0, 7760.0], [88974.5, 25990.0]], "asks": [[89011.5, 218620.0], [89012.0, 23680.0], [89012.5, 6900.0], [89013.0, 60000.0], [89014.5, 26050.0], [89018.5, 50020.0], [89019.0, 79810.0], [89020.0, 7640.0], [89021.5, 42730.0], [89022.0, 50000.0], [89024.0, 36380.0], [89024.5, 106620.0], [89034.5, 11730.0], [89035.0, 21010.0], [89036.0, 17930.0], [89037.0, 12250.0], [89037.5, 15000.0], [89041.0, 2110.0], [89041.5, 53560.0], [89042.5, 16200.0]]}}}
{"jsonrpc": "2.0", "method": "subscription", "params": {"channel": "book.BTC-PERPETUAL.none.20.100ms", "data": {"timestamp": 1768960282494, "change_id": 136288789892, "instrument_name": "BTC-PERPETUAL", "bids": [[89011.0, 3287060.0], [89003.5, 500.0], [89003.0, 49370.0], [89000.5, 1410.0], [89000.0, 10000.0], [88999.5, 1200.0], [88995.0, 400.0], [88994.0, 45000.0], [88990.5, 5320.0], [88990.0, 160.0], [88989.5, 17660.0], [88987.5, 11190.0], [88986.5, 400.0], [88986.0, 11000.0], [88985.5, 17950.0], [88983.0, 31540.0], [88982.0, 85000.0], [88981.5, 11000.0], [88981.0, 17660.0], [88975.0, 7760.0]], "asks": [[89011.5, 218650.0], [89012.0, 23680.0], [89013.0, 60000.0], [89014.5, 26050.0], [89018.5, 50020.0], [89019.0, 79810.0], [89020.0, 7640.0], [89021.5, 42730.0], [89022.0, 50000.0], [89024.0, 36380.0], [89024.5, 106620.0], [89029.5, 21010.0], [89030.0, 34880.0], [89030.5, 116840.0], [89036.0, 17930.0], [89037.0, 12250.0], [89037.5, 15000.0], [89040.0, 24940.0], [89041.0, 2110.0], [89041.5, 28620.0]]}}}
{"jsonrpc": "2.0", "method": "subscription", "params": {"channel": "book.BTC-PERPETUAL.none.20.100ms", "data": {"timestamp": 1768960282826, "change_id": 136288790289, "instrument_name": "BTC-PERPETUAL", "bids": [[89011.0, 2182120.0], [89010.5, 10000.0], [89003.5, 500.0], [89003.0, 49370.0], [89000.5, 1410.0], [88999.5, 1200.0], [88995.0, 400.0], [88994.0, 45000.0], [88990.5, 5320.0], [88990.0, 160.0], [88989.5, 17660.0], [88987.5, 11190.0], [88986.5, 400.0], [88986.0, 11000.0], [88985.5, 17950.0], [88983.0, 31540.0], [88982.0, 85000.0], [88981.5, 11000.0], [88981.0, 17660.0], [88975.0, 7760.0]], "asks": [[89011.5, 243740.0], [89012.0, 23680.0], [89013.0, 60000.0], [89014.5, 26050.0], [89018.5, 50020.0], [89019.0, 79810.0], [89020.0, 7640.0], [89021.5, 42730.0], [89022.0, 50000.0], [89024.0, 36380.0], [89024.5, 106620.0], [89029.5, 21010.0], [89030.0, 34880.0], [89030.5, 116840.0], [89035.5, 5460.0], [89036.0, 17930.0], [89037.0, 12250.0], [89037.5, 15000.0], [89040.0, 24940.0], [89041.0, 2110.0]]}}}
{"jsonrpc": "2.0", "method": "subscription", "params": {"channel": "book.BTC-PERPETUAL.none.20.100ms", "data": {"timestamp": 1768960283162, "change_id": 136288790601, "instrument_name": "BTC-PERPETUAL", "bids": [[89011.0, 3340570.0], [89010.5, 10000.0], [89003.5, 500.0], [89003.0, 49370.0], [89000.5, 1410.0], [88999.5, 1200.0], [88995.0, 400.0], [88994.0, 45000.0], [88990.5, 5320.0], [88990.0, 160.0], [88989.5, 17660.0], [88987.5, 11190.0], [88986.5, 400.0], [88986.0, 11000.0], [88985.5, 17950.0], [88983.0, 31540.0], [88982.0, 85000.0], [88981.5, 11000.0], [88981.0, 17660.0], [88975.0, 7760.0]], "asks": [[89011.5, 218720.0], [89012.0, 23680.0], [89012.5, 13900.0], [89013.0, 60000.0], [89014.5, 26050.0], [89018.5, 50020.0], [89019.0, 79810.0], [89020.0, 7640.0], [89021.5, 42730.0], [89022.0, 50000.0], [89024.0, 36380.0], [89024.5, 106620.0], [89029.5, 21010.0], [89030.0, 34880.0], [89030.5, 116840.0], [89035.5, 5460.0], [89036.0, 17930.0], [89037.0, 5460.0], [89037.5, 15000.0], [89041.0, 2110.0]]}}}
{"jsonrpc": "2.0", "method": "subscription", "params": {"channel": "book.BTC-PERPETUAL.none.20.100ms", "data": {"timestamp": 1768960283498, "change_id": 136288790921, "instrument_name": "BTC-PERPETUAL", "bids": [[89011.0, 3267270.0], [89010.5, 10000.0], [89003.5, 500.0], [89003.0, 49370.0], [89000.5, 1410.0], [88999.5, 1200.0], [88995.0, 400.0], [88994.0, 45000.0], [88990.5, 5320.0], [88990.0, 160.0], [88989.5, 17660.0], [88987.5, 11190.0], [88986.5, 400.0], [88986.0, 11000.0], [88985.5, 17950.0], [88983.0, 31540.0], [88982.0, 85000.0], [88981.5, 11000.0], [88981.0, 17660.0], [88975.0, 7760.0]], "asks": [[89011.5, 218440.0], [89012.0, 23680.0], [89013.0, 60000.0], [89014.5, 26050.0], [89018.5, 50020.0], [89019.0, 79810.0], [89020.0, 7640.0], [89021.5, 42730.0], [89022.0, 50000.0], [89024.0, 36380.0], [89024.5, 106620.0], [89029.5, 21010.0], [89030.0, 34880.0], [89030.5, 116840.0], [89035.5, 5460.0], [89036.0, 17930.0], [89037.0, 5460.0], [89037.5, 15000.0], [89041.0, 2110.0], [89041.5, 28620.0]]}}}
{"jsonrpc": "2.0", "method": "subscription", "params": {"channel": "book.BTC-PERPETUAL.none.20.100ms", "data": {"timestamp": 1768960283826, "change_id": 136288791213, "instrument_name": "BTC-PERPETUAL", "bids": [[89011.0, 3291270.0], [89010.5, 10000.0], [89003.5, 500.0], [89003.0, 49370.0], [89002.0, 10000.0], [89000.5, 1410.0], [88999.5, 1200.0], [88995.0, 400.0], [88994.0, 45000.0], [88990.5, 5320.0], [88990.0, 160.0], [88989.5, 17660.0], [88987.5, 11190.0], [88986.5, 400.0], [88986.0, 11000.0], [88985.5, 17950.0], [88983.0, 31540.0], [88982.0, 85000.0], [88981.5, 11000.0], [88981.0, 17660.0]], "asks": [[89011.5, 218760.0], [89012.0, 23680.0], [89013.0, 60000.0], [89014.5, 26050.0], [89018.5, 50020.0], [89019.0, 79810.0], [89020.0, 7640.0], [89021.5, 42730.0], [89022.0, 50000.0], [89024.0, 36380.0], [89024.5, 106620.0], [89029.5, 21010.0], [89030.0, 34880.0], [89030.5, 116840.0], [89035.5, 5460.0], [89036.0, 17930.0], [89037.0, 5460.0], [89037.5, 15000.0], [89041.0, 2110.0], [89041.5, 28620.0]]}}}
{"jsonrpc": "2.0", "method": "subscription", "params": {"channel": "book.BTC-PERPETUAL.none.20.100ms", "data": {"timestamp": 1768960284155, "change_id": 136288791518, "instrument_name": "BTC-PERPETUAL", "bids": [[89011.0, 3357780.0], [89010.5, 10000.0], [89003.5, 500.0], [89003.0, 49370.0], [89002.5, 10000.0], [89000.5, 1410.0], [88999.5, 1200.0], [88995.0, 400.0], [88994.0, 45000.0], [88990.5, 5320.0], [88990.0, 160.0], [88989.5, 17660.0], [88987.5, 11190.0], [88986.5, 400.0], [88986.0, 11000.0], [88985.5, 17950.0], [88983.0, 31540.0], [88982.0, 85000.0], [88981.5, 11000.0], [88981.0, 17660.0]], "asks": [[89011.5, 218790.0], [89012.0, 23680.0], [89012.5, 10600.0], [89013.0, 60000.0], [89014.5, 26050.0], [89018.5, 50020.0], [89019.0, 79810.0], [89020.0, 7640.0], [89021.5, 42730.0], [89022.0, 50000.0], [89024.0, 36380.0], [89024.5, 106620.0], [89029.5, 21010.0], [89030.0, 34880.0], [89030.5, 116840.0], [89035.5, 5460.0], [89036.0, 17930.0], [89037.0, 5460.0], [89037.5, 15000.0], [89041.0, 2110.0]]}}}
{"jsonrpc": "2.0", "method": "subscription", "params": {"channel": "book.BTC-PERPETUAL.none.20.100ms", "data": {"timestamp": 1768960284477, "change_id": 136288791729, "instrument_name": "BTC-PERPETUAL", "bids": [[89011.0, 3333870.0], [89010.5, 10000.0], [89003.5, 500.0], [89003.0, 49370.0], [89002.5, 10000.0], [89000.5, 1410.0], [88999.5, 1200.0], [88995.0, 400.0], [88994.0, 45000.0], [88990.5, 5320.0], [88990.0, 160.0], [88989.5, 17660.0], [88987.5, 11190.0], [88986.5, 400.0], [88986.0, 11000.0], [88985.5, 17950.0], [88983.0, 31540.0], [88982.0, 85000.0], [88981.5, 11000.0], [88981.0, 17660.0]], "asks": [[89011.5, 218620.0], [89012.0, 23680.0], [89012.5, 10600.0], [89013.0, 60000.0], [89014.5, 26050.0], [89018.5, 50020.0], [89019.0, 79810.0], [89020.0, 7640.0], [89021.5, 42730.0], [89022.0, 50000.0], [89024.0, 36380.0], [89024.5, 106620.0], [89029.5, 21010.0], [89030.0, 34880.0], [89030.5, 116840.0], [89035.5, 5460.0], [89036.0, 17930.0], [89037.0, 5460.0], [89037.5, 15000.0], [89041.0, 2110.0]]}}}
{"jsonrpc": "2.0", "method": "subscription", "params": {"channel": "book.BTC-PERPETUAL.none.20.100ms", "data": {"timestamp": 1768960284815, "change_id": 136288792120, "instrument_name": "BTC-PERPETUAL", "bids": [[89011.0, 3290980.0], [89010.5, 10000.0], [89003.5, 500.0], [89003.0, 49370.0], [89001.0, 10000.0], [89000.5, 1410.0], [88999.5, 1200.0], [88995.0, 400.0], [88994.0, 45000.0], [88990.5, 5320.0], [88990.0, 160.0], [88989.5, 17660.0], [88987.5, 11190.0], [88986.5, 400.0], [88986.0, 11000.0], [88985.5, 17950.0], [88983.0, 31540.0], [88982.0, 85000.0], [88981.5, 11000.0], [88981.0, 17660.0]], "asks": [[89011.5, 218620.0], [89012.0, 23680.0], [89012.5, 10600.0], [89013.0, 60000.0], [89014.5, 26050.0], [89018.5, 50020.0], [89019.0, 79810.0], [89020.0, 7640.0], [89021.5, 42730.0], [89022.0, 50000.0], [89024.0, 36380.0], [89024.5, 106620.0], [89029.5, 21010.0], [89030.0, 34880.0], [89030.5, 116840.0], [89035.5, 5460.0], [89036.0, 17930.0], [89037.0, 5460.0], [89037.5, 15000.0], [89041.0, 2110.0]]}}}
{"jsonrpc": "2.0", "method": "subscription", "params": {"channel": "book.BTC-PERPETUAL.none.20.100ms", "data": {"timestamp": 1768960285132, "change_id": 136288792358, "instrument_name": "BTC-PERPETUAL", "bids": [[89011.0, 3314770.0], [89003.5, 500.0], [89003.0, 49370.0], [89001.0, 10000.0], [89000.5, 1410.0], [88999.5, 1200.0], [88995.0, 400.0], [88994.0, 45000.0], [88990.5, 5320.0], [88990.0, 160.0], [88989.5, 17660.0], [88987.5, 11190.0], [88986.5, 400.0], [88986.0, 11000.0], [88985.5, 17950.0], [88983.0, 31540.0], [88982.0, 85000.0], [88981.5, 11000.0], [88981.0, 17660.0], [88975.0, 7760.0]], "asks": [[89011.5, 218460.0], [89012.0, 23680.0], [89012.5, 10600.0], [89013.0, 60000.0], [89014.5, 26050.0], [89018.5, 50020.0], [89019.0, 79810.0], [89020.0, 7640.0], [89021.5, 42730.0], [89022.0, 50000.0], [89024.0, 36380.0], [89024.5, 106620.0], [89029.5, 21010.0], [89030.0, 34880.0], [89030.5, 116840.0], [89035.5, 5460.0], [89036.0, 17930.0], [89037.0, 5460.0], [89037.5, 15000.0], [89041.0, 2110.0]]}}}
{"jsonrpc": "2.0", "method": "subscription", "params": {"channel": "book.BTC-PERPETUAL.none.20.100ms", "data": {"timestamp": 1768960285479, "change_id": 136288792639, "instrument_name": "BTC-PERPETUAL", "bids": [[89011.0, 3317330.0], [89003.5, 500.0], [89003.0, 49370.0], [89001.0, 10000.0], [89000.5, 1410.0], [88999.5, 1200.0], [88995.0, 400.0], [88994.0, 45000.0], [88990.5, 5320.0], [88990.0, 160.0], [88989.5, 17660.0], [88987.5, 11190.0], [88986.5, 400.0], [88985.5, 17950.0], [88983.5, 11000.0], [88983.0, 31540.0], [88982.0, 85000.0], [88981.5, 11000.0], [88981.0, 17660.0], [88975.0, 7760.0]], "asks": [[89011.5, 218690.0], [89012.0, 23680.0], [89012.5, 10600.0], [89013.0, 60000.0], [89014.5, 26050.0], [89018.5, 50020.0], [89019.0, 79810.0], [89020.0, 7640.0], [89021.5, 42730.0], [89022.0, 50000.0], [89024.0, 36380.0], [89024.5, 106620.0], [89029.5, 21010.0], [89030.0, 34880.0], [89030.5, 116840.0], [89035.5, 5460.0], [89036.0, 17930.0], [89037.0, 12250.0], [89037.5, 15000.0], [89040.0, 24940.0]]}}}
{"jsonrpc": "2.0", "method": "subscription", "params": {"channel": "book.BTC-PERPETUAL.none.20.100ms", "data": {"timestamp": 1768960285814, "change_id": 136288792998, "instrument_name": "BTC-PERPETUAL", "bids": [[89011.0, 3274820.0], [89003.5, 500.0], [89003.0, 49370.0], [89001.0, 10000.0], [89000.5, 1410.0], [88999.5, 1200.0], [88995.0, 400.0], [88994.0, 45000.0], [88990.5, 5320.0], [88990.0, 160.0], [88989.5, 17660.0], [88987.5, 11190.0], [88986.5, 400.0], [88986.0, 11000.0], [88985.5, 17950.0], [88983.0, 31540.0], [88982.0, 85000.0], [88981.5, 11000.0], [88981.0, 17660.0], [88975.0, 7760.0]], "asks": [[89011.5, 218990.0], [89012.0, 23680.0], [89012.5, 10600.0], [89013.0, 60000.0], [89014.5, 26050.0], [89018.5, 50020.0], [89019.0, 79810.0], [89020.0, 7640.0], [89021.5, 42730.0], [89022.0, 50000.0], [89024.0, 36380.0], [89024.5, 106620.0], [89029.5, 21010.0], [89030.0, 34880.0], [89030.5, 116840.0], [89035.5, 5460.0], [89036.0, 17930.0], [89037.0, 12250.0], [89037.5, 15000.0], [89040.0, 24940.0]]}}}
{"jsonrpc": "2.0", "method": "subscription", "params": {"channel": "book.BTC-PERPETUAL.none.20.100ms", "data": {"timestamp": 1768960286138, "change_id": 136288793297, "instrument_name": "BTC-PERPETUAL", "bids": [[89011.0, 3320290.0], [89003.5, 500.0], [89003.0, 49370.0], [89001.0, 10000.0], [89000.5, 1410.0], [88999.5, 1200.0], [88995.0, 400.0], [88994.0, 45000.0], [88990.5, 5320.0], [88990.0, 160.0], [88989.5, 17660.0], [88987.5, 11190.0], [88986.5, 400.0], [88986.0, 11000.0], [88985.5, 17950.0], [88983.0, 31540.0], [88982.0, 85000.0], [88981.5, 11000.0], [88981.0, 17660.0], [88975.0, 7760.0]], "asks": [[89011.5, 218210.0], [89012.0, 23680.0], [89012.5, 10600.0], [89013.0, 60000.0], [89014.5, 26050.0], [89018.5, 50020.0], [89019.0, 79810.0], [89020.0, 7640.0], [89021.5, 42730.0], [89022.0, 50000.0], [89024.0, 36380.0], [89024.5, 106620.0], [89029.5, 21010.0], [89030.0, 34880.0], [89030.5, 116840.0], [89035.5, 5460.0], [89036.0, 17930.0], [89037.0, 12250.0], [89037.5, 15000.0], [89040.0, 24940.0]]}}}
{"jsonrpc": "2.0", "method": "subscription", "params": {"channel": "book.BTC-PERPETUAL.none.20.100ms", "data": {"timestamp": 1768960286474, "change_id": 136288793539, "instrument_name": "BTC-PERPETUAL", "bids": [[89011.0, 2235570.0], [89003.5, 500.0], [89003.0, 49370.0], [89002.0, 10000.0], [89000.5, 1410.0], [88999.5, 1200.0], [88995.0, 400.0], [88994.0, 45000.0], [88990.5, 5320.0], [88990.0, 160.0], [88989.5, 17660.0], [88987.5, 11190.0], [88986.5, 400.0], [88986.0, 11000.0], [88985.5, 17950.0], [88983.0, 31540.0], [88982.0, 85000.0], [88981.5, 11000.0], [88981.0, 17660.0], [88975.0, 7760.0]], "asks": [[89011.5, 218360.0], [89012.0, 23680.0], [89012.5, 10600.0], [89013.0, 60000.0], [89014.5, 26050.0], [89018.5, 50020.0], [89019.0, 79810.0], [89020.0, 7640.0], [89021.5, 42730.0], [89022.0, 50000.0], [89024.0, 36380.0], [89024.5, 106620.0], [89029.5, 21010.0], [89030.0, 34880.0], [89030.5, 116840.0], [89035.5, 5460.0], [89036.0, 17930.0], [89037.0, 12250.0], [89037.5, 15000.0], [89040.0, 24940.0]]}}}
{"jsonrpc": "2.0", "method": "subscription", "params": {"channel": "book.BTC-PERPETUAL.none.20.100ms", "data": {"timestamp": 1768960286804, "change_id": 136288793911, "instrument_name": "BTC-PERPETUAL", "bids": [[89011.0, 3317350.0], [89003.5, 500.0], [89003.0, 49370.0], [89000.5, 1410.0], [89000.0, 10000.0], [88999.5, 1200.0], [88995.0, 400.0], [88994.0, 45000.0], [88990.5, 5320.0], [88990.0, 160.0], [88989.5, 17660.0], [88987.5, 11190.0], [88986.5, 400.0], [88986.0, 11000.0], [88985.5, 17950.0], [88983.0, 31540.0], [88982.0, 85000.0], [88981.5, 11000.0], [88981.0, 17660.0], [88975.0, 7760.0]], "asks": [[89011.5, 218350.0], [89012.0, 23680.0], [89012.5, 10600.0], [89013.0, 60000.0], [89014.5, 26050.0], [89018.5, 50020.0], [89019.0, 79810.0], [89020.0, 7640.0], [89021.5, 42730.0], [89022.0, 50000.0], [89024.0, 36380.0], [89024.5, 106620.0], [89025.0, 21010.0], [89030.0, 34880.0], [89030.5, 116840.0], [89035.5, 5460.0], [89036.0, 17930.0], [89037.0, 12250.0], [89037.5, 15000.0], [89040.0, 24940.0]]}}}
{"jsonrpc": "2.0", "method": "subscription", "params": {"channel": "book.BTC-PERPETUAL.none.20.100ms", "data": {"timestamp": 1768960287129, "change_id": 136288794170, "instrument_name": "BTC-PERPETUAL", "bids": [[89011.0, 3247540.0], [89003.5, 500.0], [89003.0, 49370.0], [89001.5, 10000.0], [89000.5, 1410.0], [88999.5, 1200.0], [88995.0, 400.0], [88994.0, 45000.0], [88990.5, 5320.0], [88990.0, 160.0], [88989.5, 17660.0], [88987.5, 11190.0], [88986.5, 400.0], [88986.0, 11000.0], [88985.5, 17950.0], [88983.0, 31540.0], [88982.0, 85000.0], [88981.5, 11000.0], [88981.0, 17660.0], [88975.0, 7760.0]], "asks": [[89011.5, 218160.0], [89012.0, 23680.0], [89013.0, 60000.0], [89014.5, 26050.0], [89018.5, 50020.0], [89019.0, 79810.0], [89020.0, 7640.0], [89021.5, 42730.0], [89022.0, 50000.0], [89024.0, 36380.0], [89024.5, 106620.0], [89029.5, 21010.0], [89030.0, 34880.0], [89030.5, 116840.0], [89035.5, 5460.0], [89036.0, 17930.0], [89037.0, 12250.0], [89037.5, 15000.0], [89040.0, 24940.0], [89041.0, 2110.0]]}}}
{"jsonrpc": "2.0", "method": "subscription", "params": {"channel": "book.BTC-PERPETUAL.none.20.100ms", "data": {"timestamp": 1768960287463, "change_id": 136288794472, "instrument_name": "BTC-PERPETUAL", "bids": [[89011.0, 3216910.0], [89003.5, 500.0], [89003.0, 49370.0], [89000.5, 1410.0], [88999.5, 1200.0], [88995.0, 400.0], [88994.0, 45000.0], [88990.5, 5320.0], [88990.0, 160.0], [88989.5, 17660.0], [88987.5, 11190.0], [88986.5, 400.0], [88986.0, 11000.0], [88985.5, 17950.0], [88983.0, 31540.0], [88982.0, 85000.0], [88981.5, 11000.0], [88981.0, 17660.0], [88975.0, 7760.0], [88974.5, 25990.0]], "asks": [[89011.5, 218140.0], [89012.0, 23680.0], [89013.0, 60000.0], [89014.5, 26050.0], [89018.5, 50020.0], [89019.0, 79810.0], [89020.0, 7640.0], [89021.5, 42730.0], [89022.0, 50000.0], [89024.0, 36380.0], [89024.5, 106620.0], [89029.5, 21010.0], [89030.0, 34880.0], [89030.5, 116840.0], [89035.5, 5460.0], [89036.0, 17930.0], [89037.0, 12250.0], [89037.5, 15000.0], [89041.0, 2110.0], [89041.5, 53560.0]]}}}
{"jsonrpc": "2.0", "method": "subscription", "params": {"channel": "book.BTC-PERPETUAL.none.20.100ms", "data": {"timestamp": 1768960287786, "change_id": 136288794842, "instrument_name": "BTC-PERPETUAL", "bids": [[89011.0, 3224090.0], [89003.5, 500.0], [89003.0, 49370.0], [89000.5, 1410.0], [88999.5, 1200.0], [88995.0, 400.0], [88994.0, 45000.0], [88990.5, 5320.0], [88990.0, 160.0], [88989.5, 17660.0], [88987.5, 6690.0], [88986.5, 400.0], [88986.0, 11000.0], [88985.5, 17950.0], [88983.0, 31540.0], [88982.0, 85000.0], [88981.5, 11000.0], [88981.0, 17660.0], [88975.0, 7760.0], [88974.5, 25990.0]], "asks": [[89011.5, 218250.0], [89012.0, 23680.0], [89013.0, 60000.0], [89014.5, 26050.0], [89018.5, 50020.0], [89019.0, 79810.0], [89020.0, 7640.0], [89021.5, 42730.0], [89022.0, 50000.0], [89024.0, 36380.0], [89024.5, 106620.0], [89029.5, 21010.0], [89030.0, 34880.0], [89030.5, 116840.0], [89035.5, 5460.0], [89036.0, 17930.0], [89037.0, 12250.0], [89037.5, 15000.0], [89041.0, 2110.0], [89041.5, 53560.0]]}}}
{"jsonrpc": "2.0", "method": "subscription", "params": {"channel": "book.BTC-PERPETUAL.none.20.100ms", "data": {"timestamp": 1768960288128, "change_id": 136288795128, "instrument_name": "BTC-PERPETUAL", "bids": [[89011.0, 3243940.0], [89010.0, 10000.0], [89003.5, 500.0], [89003.0, 49370.0], [89001.5, 10000.0], [89000.5, 1410.0], [88999.5, 1200.0], [88995.0, 400.0], [88994.0, 45000.0], [88990.5, 5320.0], [88990.0, 160.0], [88989.5, 17660.0], [88987.5, 6690.0], [88986.5, 400.0], [88986.0, 11000.0], [88985.5, 17950.0], [88983.0, 31540.0], [88982.0, 85000.0], [88981.5, 11000.0], [88981.0, 17660.0]], "asks": [[89011.5, 232590.0], [89012.0, 23680.0], [89013.0, 60000.0], [89014.5, 26050.0], [89018.5, 50020.0], [89019.0, 79810.0], [89020.0, 7640.0], [89021.5, 42730.0], [89022.0, 50000.0], [89024.0, 36380.0], [89024.5, 106620.0], [89029.5, 21010.0], [89030.0, 34880.0], [89030.5, 116840.0], [89035.5, 5460.0], [89036.0, 17930.0], [89037.0, 12250.0], [89037.5, 15000.0], [89041.0, 2110.0], [89041.5, 53560.0]]}}}
{"jsonrpc": "2.0", "method": "subscription", "params": {"channel": "book.BTC-PERPETUAL.none.20.100ms", "data": {"timestamp": 1768960288458, "change_id": 136288795442, "instrument_name": "BTC-PERPETUAL", "bids": [[89011.0, 3214070.0], [89010.0, 10000.0], [89003.5, 500.0], [89003.0, 59370.0], [89000.5, 1410.0], [88999.5, 1200.0], [88995.0, 400.0], [88994.0, 45000.0], [88990.5, 5320.0], [88990.0, 160.0], [88989.5, 17660.0], [88987.5, 6690.0], [88986.5, 400.0], [88986.0, 11000.0], [88985.5, 17950.0], [88983.0, 31540.0], [88982.0, 85000.0], [88981.5, 11000.0], [88981.0, 17660.0], [88975.0, 7760.0]], "asks": [[89011.5, 218530.0], [89012.0, 23680.0], [89013.0, 60000.0], [89014.5, 26050.0], [89018.5, 50020.0], [89019.0, 79810.0], [89020.0, 7640.0], [89021.5, 42730.0], [89022.0, 50000.0], [89024.0, 36380.0], [89024.5, 106620.0], [89029.0, 6270.0], [89029.5, 21010.0], [89035.5, 5460.0], [89036.0, 17930.0], [89037.0, 12250.0], [89037.5, 15000.0], [89041.0, 2110.0], [89041.5, 53560.0], [89042.5, 16200.0]]}}}
{"jsonrpc": "2.0", "method": "subscription", "params": {"channel": "book.BTC-PERPETUAL.none.20.100ms", "data": {"timestamp": 1768960288788, "change_id": 136288795809, "instrument_name": "BTC-PERPETUAL", "bids": [[89011.0, 3219320.0], [89010.0, 10000.0], [89003.5, 500.0], [89003.0, 49370.0], [89002.0, 10000.0], [89000.5, 1410.0], [88999.5, 1200.0], [88995.0, 400.0], [88994.0, 45000.0], [88990.5, 5320.0], [88990.0, 160.0], [88989.5, 17660.0], [88987.5, 6690.0], [88986.5, 400.0], [88986.0, 11000.0], [88985.5, 17950.0], [88983.0, 31540.0], [88982.0, 85000.0], [88981.5, 11000.0], [88981.0, 17660.0]], "asks": [[89011.5, 218390.0], [89012.0, 23680.0], [89013.0, 60000.0], [89014.5, 26050.0], [89018.5, 50020.0], [89019.0, 79810.0], [89020.0, 7640.0], [89021.5, 42730.0], [89022.0, 50000.0], [89024.0, 36380.0], [89024.5, 106620.0], [89029.0, 6270.0], [89029.5, 21010.0], [89035.5, 5460.0], [89036.0, 17930.0], [89037.0, 12250.0], [89037.5, 15000.0], [89040.0, 24940.0], [89041.0, 2110.0], [89041.5, 28620.0]]}}}
{"jsonrpc": "2.0", "method": "subscription", "params": {"channel": "book.BTC-PERPETUAL.none.20.100ms", "data": {"timestamp": 1768960289095, "change_id": 136288796071, "instrument_name": "BTC-PERPETUAL", "bids": [[89011.0, 3213970.0], [89010.0, 10000.0], [89003.5, 500.0], [89003.0, 49370.0], [89000.5, 1410.0], [88999.5, 1200.0], [88995.0, 400.0], [88994.0, 45000.0], [88990.5, 5320.0], [88990.0, 160.0], [88989.5, 17660.0], [88987.5, 6690.0], [88986.5, 400.0], [88986.0, 11000.0], [88985.5, 17950.0], [88983.0, 31540.0], [88982.0, 85000.0], [88981.5, 11000.0], [88981.0, 17660.0], [88975.0, 7760.0]], "asks": [[89011.5, 232170.0], [89012.0, 23680.0], [89013.0, 60000.0], [89014.5, 26050.0], [89018.5, 50020.0], [89019.0, 79810.0], [89020.0, 7640.0], [89021.5, 42730.0], [89022.0, 50000.0], [89023.0, 2100.0], [89024.0, 36380.0], [89024.5, 106620.0], [89029.0, 39280.0], [89029.5, 21010.0], [89030.0, 113280.0], [89035.5, 5460.0], [89036.0, 17930.0], [89037.0, 12250.0], [89037.5, 15000.0], [89040.0, 24940.0]]}}}
{"jsonrpc": "2.0", "method": "subscription", "params": {"channel": "book.BTC-PERPETUAL.none.20.100ms", "data": {"timestamp": 1768960289359, "change_id": 136288796377, "instrument_name": "BTC-PERPETUAL", "bids": [[89011.0, 3194440.0], [89010.0, 10000.0], [89003.5, 500.0], [89003.0, 49370.0], [89000.5, 1410.0], [88999.5, 1200.0], [88995.0, 400.0], [88994.0, 45000.0], [88990.5, 5320.0], [88990.0, 160.0], [88989.5, 17660.0], [88987.5, 6690.0], [88986.5, 400.0], [88986.0, 11000.0], [88985.5, 17950.0], [88983.0, 31540.0], [88982.0, 85000.0], [88981.5, 11000.0], [88981.0, 17660.0], [88975.0, 7760.0]], "asks": [[89011.5, 232100.0], [89012.0, 23680.0], [89013.0, 60000.0], [89014.5, 26050.0], [89018.5, 50020.0], [89019.0, 79810.0], [89020.0, 7640.0], [89021.5, 42730.0], [89022.0, 50000.0], [89023.0, 2100.0], [89024.0, 36380.0], [89024.5, 106620.0], [89029.0, 39280.0], [89029.5, 21010.0], [89030.0, 113280.0], [89035.5, 5460.0], [89036.0, 17930.0], [89037.0, 12250.0], [89037.5, 15000.0], [89040.0, 24940.0]]}}}
{"jsonrpc": "2.0", "method": "subscription", "params": {"channel": "book.BTC-PERPETUAL.none.20.100ms", "data": {"timestamp": 1768960289781, "change_id": 136288796739, "instrument_name": "BTC-PERPETUAL", "bids": [[89011.0, 3215240.0], [89010.5, 10000.0], [89003.5, 500.0], [89003.0, 49370.0], [89002.0, 10000.0], [89000.5, 1410.0], [88999.5, 1200.0], [88995.0, 400.0], [88994.0, 45000.0], [88990.5, 5320.0], [88990.0, 160.0], [88989.5, 17660.0], [88987.5, 6690.0], [88986.5, 400.0], [88986.0, 11000.0], [88985.5, 17950.0], [88983.0, 31540.0], [88982.0, 85000.0], [88981.5, 11000.0], [88981.0, 17660.0]], "asks": [[89011.5, 219160.0], [89012.0, 23680.0], [89013.0, 60000.0], [89014.5, 26050.0], [89018.5, 50020.0], [89019.0, 79810.0], [89020.0, 7640.0], [89021.5, 42730.0], [89022.0, 50000.0], [89023.0, 2100.0], [89024.0, 36380.0], [89024.5, 106620.0], [89029.0, 39280.0], [89029.5, 21010.0], [89030.0, 113280.0], [89035.5, 5460.0], [89036.0, 17930.0], [89037.0, 12250.0], [89037.5, 15000.0], [89040.0, 24940.0]]}}}
{"jsonrpc": "2.0", "method": "subscription", "params": {"channel": "book.BTC-PERPETUAL.none.20.100ms", "data": {"timestamp": 1768960290095, "change_id": 136288796967, "instrument_name": "BTC-PERPETUAL", "bids": [[89011.0, 2236060.0], [89009.5, 10000.0], [89003.5, 500.0], [89003.0, 49370.0], [89001.0, 10000.0], [89000.5, 1410.0], [88999.5, 1200.0], [88995.0, 400.0], [88994.0, 45000.0], [88990.5, 5320.0], [88990.0, 160.0], [88989.5, 17660.0], [88987.5, 6690.0], [88986.5, 400.0], [88986.0, 11000.0], [88985.5, 17950.0], [88983.0, 31540.0], [88982.0, 85000.0], [88981.0, 17660.0], [88975.5, 11000.0]], "asks": [[89011.5, 220220.0], [89012.0, 23680.0], [89012.5, 16600.0], [89013.0, 60000.0], [89014.5, 26050.0], [89018.5, 50020.0], [89019.0, 79810.0], [89020.0, 7640.0], [89021.5, 42730.0], [89022.0, 50000.0], [89023.0, 2100.0], [89024.0, 36380.0], [89024.5, 106620.0], [89028.5, 21010.0], [89029.0, 39280.0], [89030.0, 113280.0], [89035.5, 5460.0], [89036.0, 17930.0], [89037.0, 12250.0], [89037.5, 15000.0]]}}}
{"jsonrpc": "2.0", "method": "subscription", "params": {"channel": "book.BTC-PERPETUAL.none.20.100ms", "data": {"timestamp": 1768960290442, "change_id": 136288797281, "instrument_name": "BTC-PERPETUAL", "bids": [[89011.0, 3199970.0], [89009.5, 10000.0], [89003.5, 500.0], [89003.0, 49370.0], [89002.5, 10000.0], [89000.5, 1410.0], [88999.5, 1200.0], [88995.0, 400.0], [88994.0, 45000.0], [88990.5, 5320.0], [88990.0, 160.0], [88989.5, 17660.0], [88987.5, 6690.0], [88986.5, 400.0], [88986.0, 11000.0], [88985.5, 17950.0], [88983.0, 31540.0], [88982.0, 85000.0], [88981.0, 17660.0], [88975.5, 11000.0]], "asks": [[89011.5, 219740.0], [89012.0, 23680.0], [89012.5, 16600.0], [89013.0, 60000.0], [89014.5, 26050.0], [89018.5, 50020.0], [89019.0, 79810.0], [89020.0, 7640.0], [89021.5, 42730.0], [89022.0, 50000.0], [89023.0, 2100.0], [89024.0, 57390.0], [89024.5, 106620.0], [89029.0, 39280.0], [89030.0, 113280.0], [89035.5, 5460.0], [89036.0, 17930.0], [89037.0, 12250.0], [89037.5, 15000.0], [89041.5, 53560.0]]}}}
{"jsonrpc": "2.0", "method": "subscription", "params": {"channel": "book.BTC-PERPETUAL.none.20.100ms", "data": {"timestamp": 1768960290774, "change_id": 136288797666, "instrument_name": "BTC-PERPETUAL", "bids": [[89011.0, 3200460.0], [89009.5, 10000.0], [89003.5, 500.0], [89003.0, 49370.0], [89000.5, 1410.0], [88999.5, 1200.0], [88995.0, 400.0], [88994.0, 45000.0], [88990.5, 5320.0], [88990.0, 160.0], [88989.5, 17660.0], [88987.5, 6690.0], [88986.5, 400.0], [88986.0, 11000.0], [88985.5, 17950.0], [88983.0, 31540.0], [88982.0, 85000.0], [88981.5, 11000.0], [88981.0, 17660.0], [88975.0, 7760.0]], "asks": [[89011.5, 219950.0], [89012.0, 23680.0], [89013.0, 60000.0], [89014.5, 26050.0], [89018.5, 50020.0], [89019.0, 79810.0], [89020.0, 7640.0], [89021.5, 42730.0], [89022.0, 50000.0], [89023.0, 2100.0], [89024.0, 36380.0], [89024.5, 106620.0], [89028.5, 21010.0], [89029.0, 39280.0], [89030.0, 113280.0], [89035.5, 5460.0], [89036.0, 17930.0], [89037.0, 12250.0], [89037.5, 15000.0], [89041.5, 53560.0]]}}}
{"jsonrpc": "2.0", "method": "subscription", "params": {"channel": "book.BTC-PERPETUAL.none.20.100ms", "data": {"timestamp": 1768960291108, "change_id": 136288798114, "instrument_name": "BTC-PERPETUAL", "bids": [[89011.0, 3317620.0], [89009.5, 10000.0], [89003.5, 500.0], [89003.0, 43600.0], [89000.5, 1410.0], [88999.5, 1200.0], [88998.5, 45000.0], [88995.0, 400.0], [88990.5, 7920.0], [88990.0, 160.0], [88989.5, 17660.0], [88988.0, 11000.0], [88987.5, 6690.0], [88987.0, 11000.0], [88986.5, 400.0], [88985.5, 17950.0], [88983.0, 31540.0], [88982.0, 85000.0], [88981.0, 17660.0], [88975.5, 25990.0]], "asks": [[89011.5, 173120.0], [89012.0, 17910.0], [89013.0, 60000.0], [89014.5, 12750.0], [89018.5, 50020.0], [89019.0, 79810.0], [89020.0, 350.0], [89021.5, 42730.0], [89022.0, 50000.0], [89023.0, 2100.0], [89023.5, 15000.0], [89024.0, 36380.0], [89024.5, 106620.0], [89025.5, 7050.0], [89029.0, 39280.0], [89030.0, 113280.0], [89034.5, 40000.0], [89035.0, 21010.0], [89035.5, 5460.0], [89036.0, 17930.0]]}}}
