{"jsonrpc": "2.0", "id": 1, "result": ["book.BTC-PERPETUAL.none.20.100ms"], "usIn": 1756430247016442, "usOut": 1756430247016863, "usDiff": 421, "testnet": false}
{"jsonrpc": "2.0", "method": "subscription", "params": {"channel": "book.BTC-PERPETUAL.none.20.100ms", "data": {"timestamp": 1756430247014, "change_id": 115416870531, "instrument_name": "BTC-PERPETUAL", "bids": [[111826.0, 159520.0], [111825.5, 10000.0], [111822.5, 30000.0], [111821.5, 125470.0], [111821.0, 273280.0], [111820.5, 150310.0], [111820.0, 30.0], [111819.5, 1000.0], [111817.0, 9630.0], [111816.5, 5790.0], [111815.0, 84270.0], [111814.5, 11000.0], [111814.0, 176680.0], [111813.5, 250.0], [111813.0, 150.0], [111812.5, 220.0], [111812.0, 3500.0], [111811.5, 11650.0], [111811.0, 1580.0], [111810.0, 5050.0]], "asks": [[111826.5, 476580.0], [111827.0, 20020.0], [111827.5, 5810.0], [111828.0, 20.0], [111828.5, 20.0], [111829.0, 520.0], [111829.5, 26960.0], [111830.0, 89320.0], [111831.5, 3190.0], [111833.0, 10000.0], [111833.5, 80.0], [111837.5, 6610.0], [111838.0, 11000.0], [111838.5, 11000.0], [111839.0, 40.0], [111846.5, 160.0], [111848.0, 1000.0], [111850.0, 96590.0], [111850.5, 264300.0], [111851.0, 7000.0]]}}}
{"jsonrpc": "2.0", "method": "subscription", "params": {"channel": "book.BTC-PERPETUAL.none.20.100ms", "data": {"timestamp": 1756430247136, "change_id": 115416870878, "instrument_name": "BTC-PERPETUAL", "bids": [[111826.0, 159560.0], [111825.5, 10000.0], [111822.5, 30000.0], [111821.5, 125470.0], [111821.0, 273280.0], [111820.5, 148570.0], [111820.0, 30.0], [111819.5, 1000.0], [111817.0, 9630.0], [111815.0, 84270.0], [111814.5, 11000.0], [111814.0, 176680.0], [111813.5, 250.0], [111813.0, 150.0], [111812.5, 220.0], [111812.0, 3500.0], [111811.5, 11670.0], [111811.0, 1600.0], [111810.5, 20.0], [111810.0, 5050.0]], "asks": [[111826.5, 476580.0], [111827.0, 20020.0], [111827.5, 5810.0], [111828.0, 20.0], [111828.5, 20.0], [111829.0, 520.0], [111829.5, 26960.0], [111830.0, 89320.0], [111831.5, 3190.0], [111833.0, 10000.0], [111833.5, 80.0], [111837.0, 6200.0], [111837.5, 22000.0], [111839.0, 40.0], [111846.5, 160.0], [111848.0, 1000.0], [111850.0, 96590.0], [111850.5, 264300.0], [111851.0, 7000.0], [111851.5, 5340.0]]}}}
{"jsonrpc": "2.0", "method": "subscription", "params": {"channel": "book.BTC-PERPETUAL.none.20.100ms", "data": {"timestamp": 1756430247454, "change_id": 115416871447, "instrument_name": "BTC-PERPETUAL", "bids": [[111826.0, 159560.0], [111825.5, 10000.0], [111822.5, 30000.0], [111821.5, 125470.0], [111821.0, 273280.0], [111820.5, 148570.0], [111820.0, 30.0], [111819.5, 1000.0], [111817.5, 9240.0], [111817.0, 6180.0], [111815.0, 84110.0], [111814.5, 11000.0], [111814.0, 176710.0], [111813.5, 250.0], [111813.0, 150.0], [111812.5, 220.0], [111812.0, 3500.0], [111811.5, 11650.0], [111811.0, 1580.0], [111810.0, 5050.0]], "asks": [[111826.5, 476120.0], [111827.0, 20020.0], [111827.5, 5810.0], [111828.0, 20.0], [111828.5, 20.0], [111829.0, 520.0], [111829.5, 26960.0], [111830.0, 89320.0], [111831.5, 3020.0], [111833.0, 10000.0], [111833.5, 80.0], [111839.0, 40.0], [111842.5, 6950.0], [111843.0, 22000.0], [111846.5, 160.0], [111848.0, 1000.0], [111850.0, 96590.0], [111850.5, 264300.0], [111851.0, 7000.0], [111851.5, 5340.0]]}}}
{"jsonrpc": "2.0", "method": "subscription", "params": {"channel": "book.BTC-PERPETUAL.none.20.100ms", "data": {"timestamp": 1756430247801, "change_id": 115416872242, "instrument_name": "BTC-PERPETUAL", "bids": [[111826.0, 189560.0], [111822.5, 30000.0], [111821.5, 135470.0], [111821.0, 282520.0], [111820.5, 148570.0], [111820.0, 6030.0], [111819.5, 1000.0], [111817.0, 6180.0], [111815.0, 84110.0], [111814.5, 11020.0], [111814.0, 176730.0], [111813.5, 270.0], [111813.0, 150.0], [111812.5, 220.0], [111812.0, 3500.0], [111811.5, 11650.0], [111811.0, 1580.0], [111810.5, 11000.0], [111810.0, 5050.0], [111809.5, 136760.0]], "asks": [[111826.5, 475290.0], [111827.0, 20020.0], [111827.5, 5810.0], [111828.0, 20.0], [111828.5, 520.0], [111829.0, 79820.0], [111829.5, 20.0], [111830.0, 20.0], [111833.5, 80.0], [111839.0, 40.0], [111842.5, 6950.0], [111843.0, 22000.0], [111846.5, 160.0], [111848.0, 1000.0], [111850.0, 96590.0], [111850.5, 237700.0], [111851.0, 7000.0], [111851.5, 5340.0], [111853.0, 26010.0], [111853.5, 397010.0]]}}}
{"jsonrpc": "2.0", "method": "subscription", "params": {"channel": "book.BTC-PERPETUAL.none.20.100ms", "data": {"timestamp": 1756430248136, "change_id": 115416873613, "instrument_name": "BTC-PERPETUAL", "bids": [[111826.0, 102360.0], [111822.5, 30000.0], [111821.5, 10000.0], [111821.0, 273280.0], [111820.5, 144950.0], [111820.0, 30.0], [111819.5, 1000.0], [111817.0, 5050.0], [111816.5, 5790.0], [111815.5, 9240.0], [111815.0, 8300.0], [111814.0, 560.0], [111813.5, 250.0], [111813.0, 150.0], [111812.5, 220.0], [111812.0, 3500.0], [111811.5, 11650.0], [111811.0, 1580.0], [111810.0, 5050.0], [111809.5, 39480.0]], "asks": [[111826.5, 475720.0], [111827.0, 20020.0], [111827.5, 5810.0], [111828.0, 16180.0], [111828.5, 53320.0], [111829.0, 20.0], [111829.5, 20.0], [111830.0, 20.0], [111833.5, 80.0], [111839.0, 40.0], [111842.5, 6950.0], [111843.0, 22000.0], [111846.5, 160.0], [111848.0, 1000.0], [111849.5, 26010.0], [111850.0, 96590.0], [111850.5, 237700.0], [111851.0, 7000.0], [111851.5, 5340.0], [111853.5, 397010.0]]}}}
{"jsonrpc": "2.0", "method": "subscription", "params": {"channel": "book.BTC-PERPETUAL.none.20.100ms", "data": {"timestamp": 1756430248456, "change_id": 115416874677, "instrument_name": "BTC-PERPETUAL", "bids": [[111826.0, 102200.0], [111822.5, 30000.0], [111821.5, 135470.0], [111821.0, 273280.0], [111820.5, 144950.0], [111820.0, 30.0], [111819.5, 1000.0], [111817.5, 61160.0], [111817.0, 176420.0], [111816.5, 5790.0], [111815.5, 20240.0], [111815.0, 8300.0], [111814.0, 560.0], [111813.5, 250.0], [111813.0, 150.0], [111812.5, 420.0], [111812.0, 3500.0], [111811.5, 11650.0], [111811.0, 1580.0], [111810.0, 5070.0]], "asks": [[111826.5, 500640.0], [111827.0, 20020.0], [111827.5, 5810.0], [111828.0, 16180.0], [111828.5, 53320.0], [111829.0, 20.0], [111829.5, 20.0], [111830.0, 20.0], [111833.5, 80.0], [111839.0, 40.0], [111842.5, 6950.0], [111843.0, 22000.0], [111846.5, 160.0], [111848.0, 1000.0], [111849.5, 26010.0], [111850.0, 96590.0], [111850.5, 237700.0], [111851.0, 7000.0], [111851.5, 5340.0], [111853.5, 397010.0]]}}}
{"jsonrpc": "2.0", "method": "subscription", "params": {"channel": "book.BTC-PERPETUAL.none.20.100ms", "data": {"timestamp": 1756430248803, "change_id": 115416875322, "instrument_name": "BTC-PERPETUAL", "bids": [[111826.0, 121200.0], [111824.5, 20000.0], [111822.5, 30000.0], [111821.5, 125470.0], [111821.0, 273280.0], [111820.5, 144950.0], [111820.0, 9270.0], [111819.5, 11000.0], [111817.5, 61160.0], [111817.0, 176420.0], [111816.5, 5790.0], [111815.5, 11000.0], [111815.0, 18300.0], [111814.0, 560.0], [111813.5, 270.0], [111813.0, 150.0], [111812.5, 420.0], [111812.0, 3500.0], [111811.5, 36670.0], [111811.0, 1580.0]], "asks": [[111826.5, 551450.0], [111827.0, 20000.0], [111827.5, 5810.0], [111828.0, 20.0], [111828.5, 20.0], [111829.0, 20.0], [111829.5, 20.0], [111830.0, 20.0], [111833.5, 80.0], [111839.0, 40.0], [111842.0, 500.0], [111842.5, 6950.0], [111843.0, 22000.0], [111846.5, 160.0], [111850.0, 96590.0], [111850.5, 237700.0], [111851.0, 7000.0], [111851.5, 5340.0], [111853.0, 26010.0], [111853.5, 397010.0]]}}}
{"jsonrpc": "2.0", "method": "subscription", "params": {"channel": "book.BTC-PERPETUAL.none.20.100ms", "data": {"timestamp": 1756430249128, "change_id": 115416876212, "instrument_name": "BTC-PERPETUAL", "bids": [[111826.0, 147560.0], [111824.5, 20000.0], [111824.0, 11000.0], [111823.5, 5790.0], [111823.0, 190560.0], [111822.5, 205960.0], [111821.0, 273280.0], [111820.5, 191820.0], [111820.0, 10030.0], [111819.5, 1000.0], [111817.0, 61990.0], [111816.5, 20.0], [111815.5, 26000.0], [111815.0, 22190.0], [111814.5, 70630.0], [111814.0, 560.0], [111813.5, 750.0], [111813.0, 150.0], [111812.5, 220.0], [111812.0, 3500.0]], "asks": [[111826.5, 537330.0], [111831.0, 175950.0], [111833.5, 40.0], [111838.5, 1980.0], [111839.0, 5790.0], [111840.0, 300.0], [111842.0, 500.0], [111846.5, 160.0], [111849.5, 22000.0], [111850.0, 96590.0], [111850.5, 237700.0], [111851.0, 7000.0], [111851.5, 5340.0], [111853.5, 397010.0], [111854.0, 211890.0], [111855.5, 36630.0], [111857.0, 995850.0], [111861.0, 5790.0], [111863.5, 1630.0], [111864.5, 26010.0]]}}}
{"jsonrpc": "2.0", "method": "subscription", "params": {"channel": "book.BTC-PERPETUAL.none.20.100ms", "data": {"timestamp": 1756430249459, "change_id": 115416876721, "instrument_name": "BTC-PERPETUAL", "bids": [[111826.0, 131860.0], [111824.5, 20000.0], [111823.5, 5790.0], [111823.0, 190560.0], [111822.5, 207960.0], [111821.5, 11000.0], [111821.0, 273280.0], [111820.5, 170590.0], [111820.0, 10030.0], [111819.5, 1000.0], [111817.5, 11000.0], [111817.0, 390.0], [111815.5, 61600.0], [111815.0, 59880.0], [111814.5, 45610.0], [111814.0, 560.0], [111813.5, 250.0], [111813.0, 150.0], [111812.5, 26220.0], [111812.0, 3500.0]], "asks": [[111826.5, 537690.0], [111827.0, 90.0], [111831.0, 175950.0], [111833.5, 40.0], [111838.0, 500.0], [111838.5, 1980.0], [111839.0, 5790.0], [111846.5, 160.0], [111849.5, 22000.0], [111850.0, 96590.0], [111850.5, 237700.0], [111851.0, 7000.0], [111851.5, 5340.0], [111853.5, 397010.0], [111854.0, 211890.0], [111855.5, 36630.0], [111857.0, 995850.0], [111860.5, 26010.0], [111861.0, 5790.0], [111863.5, 1630.0]]}}}
{"jsonrpc": "2.0", "method": "subscription", "params": {"channel": "book.BTC-PERPETUAL.none.20.100ms", "data": {"timestamp": 1756430249792, "change_id": 115416877056, "instrument_name": "BTC-PERPETUAL", "bids": [[111826.0, 131860.0], [111824.5, 20000.0], [111823.5, 5790.0], [111823.0, 190560.0], [111822.5, 207960.0], [111821.5, 21000.0], [111821.0, 273280.0], [111820.5, 170590.0], [111820.0, 30.0], [111819.5, 1000.0], [111818.0, 11000.0], [111817.0, 390.0], [111815.5, 61600.0], [111815.0, 111500.0], [111814.5, 45630.0], [111814.0, 25560.0], [111813.5, 250.0], [111813.0, 150.0], [111812.5, 174080.0], [111812.0, 4000.0]], "asks": [[111826.5, 535370.0], [111827.0, 110.0], [111827.5, 20.0], [111828.0, 20.0], [111830.5, 84400.0], [111831.0, 175950.0], [111833.5, 40.0], [111838.0, 500.0], [111838.5, 1980.0], [111839.0, 5790.0], [111846.5, 160.0], [111849.5, 22000.0], [111850.0, 96590.0], [111850.5, 237700.0], [111851.0, 7000.0], [111851.5, 5340.0], [111853.5, 397010.0], [111854.0, 211890.0], [111855.5, 36630.0], [111857.0, 995850.0]]}}}
{"jsonrpc": "2.0", "method": "subscription", "params": {"channel": "book.BTC-PERPETUAL.none.20.100ms", "data": {"timestamp": 1756430250102, "change_id": 115416877657, "instrument_name": "BTC-PERPETUAL", "bids": [[111826.0, 167860.0], [111824.5, 20000.0], [111824.0, 5790.0], [111823.0, 201560.0], [111822.5, 205960.0], [111821.5, 10000.0], [111821.0, 273280.0], [111820.5, 201690.0], [111820.0, 11030.0], [111819.5, 1000.0], [111817.0, 98780.0], [111816.5, 20.0], [111816.0, 26020.0], [111815.5, 61620.0], [111815.0, 85480.0], [111814.5, 46110.0], [111814.0, 25560.0], [111813.5, 250.0], [111813.0, 150.0], [111812.5, 174080.0]], "asks": [[111826.5, 585050.0], [111827.0, 90.0], [111828.0, 20.0], [111828.5, 20.0], [111829.0, 20.0], [111829.5, 20.0], [111830.0, 175860.0], [111830.5, 84400.0], [111833.5, 40.0], [111838.0, 500.0], [111838.5, 1980.0], [111839.0, 5790.0], [111840.5, 300.0], [111849.5, 22000.0], [111850.0, 96590.0], [111850.5, 237700.0], [111851.0, 7000.0], [111851.5, 5340.0], [111853.5, 397010.0], [111854.0, 212890.0]]}}}
{"jsonrpc": "2.0", "method": "subscription", "params": {"channel": "book.BTC-PERPETUAL.none.20.100ms", "data": {"timestamp": 1756430250449, "change_id": 115416878208, "instrument_name": "BTC-PERPETUAL", "bids": [[111826.0, 267460.0], [111825.5, 2000.0], [111824.5, 20000.0], [111823.0, 190560.0], [111822.5, 205960.0], [111822.0, 11000.0], [111821.5, 10000.0], [111821.0, 273280.0], [111820.5, 201690.0], [111820.0, 11030.0], [111819.5, 1000.0], [111817.0, 98780.0], [111816.0, 51000.0], [111815.5, 62100.0], [111815.0, 85480.0], [111814.5, 45610.0], [111814.0, 560.0], [111813.5, 250.0], [111813.0, 150.0], [111812.5, 174080.0]], "asks": [[111826.5, 539440.0], [111827.0, 90.0], [111829.0, 20.0], [111829.5, 20.0], [111830.0, 175810.0], [111833.5, 40.0], [111837.5, 5790.0], [111838.0, 45610.0], [111838.5, 300.0], [111849.0, 500.0], [111849.5, 22000.0], [111850.0, 96590.0], [111850.5, 237700.0], [111851.0, 7000.0], [111851.5, 5340.0], [111853.5, 397010.0], [111854.0, 212890.0], [111855.5, 36630.0], [111857.0, 995850.0], [111860.0, 8290.0]]}}}
{"jsonrpc": "2.0", "method": "subscription", "params": {"channel": "book.BTC-PERPETUAL.none.20.100ms", "data": {"timestamp": 1756430250778, "change_id": 115416878543, "instrument_name": "BTC-PERPETUAL", "bids": [[111826.0, 253760.0], [111825.5, 2000.0], [111824.5, 26000.0], [111823.5, 10000.0], [111823.0, 190560.0], [111822.5, 205960.0], [111822.0, 11000.0], [111821.0, 273280.0], [111820.5, 201690.0], [111820.0, 30.0], [111819.5, 1000.0], [111817.5, 11000.0], [111817.0, 98780.0], [111816.0, 51000.0], [111815.5, 61600.0], [111815.0, 85980.0], [111814.5, 45610.0], [111814.0, 560.0], [111813.5, 250.0], [111813.0, 150.0]], "asks": [[111826.5, 538610.0], [111827.0, 20110.0], [111828.5, 30800.0], [111829.0, 20.0], [111829.5, 20.0], [111830.0, 175810.0], [111833.5, 40.0], [111837.5, 5790.0], [111838.0, 45610.0], [111838.5, 300.0], [111849.0, 500.0], [111849.5, 22000.0], [111850.0, 96590.0], [111850.5, 237700.0], [111851.0, 7000.0], [111851.5, 5340.0], [111853.5, 397010.0], [111854.0, 212890.0], [111855.5, 36630.0], [111857.0, 995850.0]]}}}
{"jsonrpc": "2.0", "method": "subscription", "params": {"channel": "book.BTC-PERPETUAL.none.20.100ms", "data": {"timestamp": 1756430251118, "change_id": 115416879599, "instrument_name": "BTC-PERPETUAL", "bids": [[111826.0, 305460.0], [111825.5, 5790.0], [111824.5, 26000.0], [111824.0, 11000.0], [111823.5, 10000.0], [111823.0, 190560.0], [111822.5, 205960.0], [111821.0, 335380.0], [111820.5, 160060.0], [111820.0, 26030.0], [111819.5, 26000.0], [111819.0, 20.0], [111818.5, 20.0], [111817.0, 390.0], [111815.0, 21970.0], [111814.5, 45610.0], [111814.0, 560.0], [111813.5, 250.0], [111813.0, 150.0], [111812.5, 220.0]], "asks": [[111826.5, 488530.0], [111827.0, 90.0], [111829.5, 20.0], [111830.0, 20.0], [111830.5, 20.0], [111831.0, 20.0], [111832.0, 175910.0], [111838.0, 45610.0], [111841.5, 5790.0], [111848.5, 11000.0], [111849.0, 500.0], [111850.0, 96590.0], [111850.5, 237700.0], [111851.0, 18000.0], [111851.5, 5340.0], [111853.5, 397010.0], [111854.0, 211890.0], [111854.5, 300.0], [111855.5, 36630.0], [111857.0, 995850.0]]}}}
{"jsonrpc": "2.0", "method": "subscription", "params": {"channel": "book.BTC-PERPETUAL.none.20.100ms", "data": {"timestamp": 1756430251427, "change_id": 115416880094, "instrument_name": "BTC-PERPETUAL", "bids": [[111826.0, 305460.0], [111825.5, 5790.0], [111824.5, 26000.0], [111824.0, 11000.0], [111823.5, 10000.0], [111823.0, 190560.0], [111822.5, 230960.0], [111821.0, 334880.0], [111820.5, 212290.0], [111820.0, 26030.0], [111819.5, 1000.0], [111819.0, 20.0], [111818.5, 20.0], [111817.0, 390.0], [111815.0, 197210.0], [111814.5, 45610.0], [111814.0, 560.0], [111813.5, 250.0], [111813.0, 150.0], [111812.5, 220.0]], "asks": [[111826.5, 488640.0], [111827.0, 90.0], [111837.0, 175900.0], [111838.0, 45610.0], [111841.5, 5790.0], [111845.0, 50000.0], [111848.0, 500.0], [111848.5, 11000.0], [111849.5, 11000.0], [111850.0, 96590.0], [111850.5, 237700.0], [111851.0, 7000.0], [111851.5, 5340.0], [111853.5, 397010.0], [111854.0, 211890.0], [111854.5, 300.0], [111855.5, 36630.0], [111857.0, 995850.0], [111863.5, 1630.0], [111867.0, 27010.0]]}}}
{"jsonrpc": "2.0", "method": "subscription", "params": {"channel": "book.BTC-PERPETUAL.none.20.100ms", "data": {"timestamp": 1756430251779, "change_id": 115416880593, "instrument_name": "BTC-PERPETUAL", "bids": [[111826.0, 423270.0], [111825.5, 5790.0], [111825.0, 11000.0], [111824.5, 87600.0], [111823.5, 330.0], [111823.0, 303620.0], [111822.5, 205960.0], [111821.0, 273280.0], [111820.5, 212290.0], [111820.0, 26030.0], [111819.5, 1000.0], [111819.0, 20.0], [111817.0, 390.0], [111815.0, 197210.0], [111814.5, 45610.0], [111814.0, 560.0], [111813.5, 250.0], [111813.0, 150.0], [111812.5, 220.0], [111812.0, 3500.0]], "asks": [[111826.5, 492180.0], [111827.0, 90.0], [111837.0, 175900.0], [111838.0, 45610.0], [111841.5, 5790.0], [111844.5, 500.0], [111845.0, 50000.0], [111848.5, 11000.0], [111850.0, 96590.0], [111850.5, 248700.0], [111851.0, 7000.0], [111851.5, 5340.0], [111853.5, 87730.0], [111854.0, 211890.0], [111855.5, 37630.0], [111857.0, 43900.0], [111863.5, 1630.0], [111867.0, 26010.0], [111867.5, 25430.0], [111868.0, 36610.0]]}}}
{"jsonrpc": "2.0", "method": "subscription", "params": {"channel": "book.BTC-PERPETUAL.none.20.100ms", "data": {"timestamp": 1756430252107, "change_id": 115416881224, "instrument_name": "BTC-PERPETUAL", "bids": [[111826.0, 310100.0], [111825.0, 11000.0], [111824.5, 26000.0], [111823.5, 330.0], [111823.0, 278600.0], [111822.5, 205960.0], [111821.5, 11000.0], [111821.0, 273280.0], [111820.5, 211790.0], [111820.0, 530.0], [111819.5, 1000.0], [111819.0, 20.0], [111818.5, 20.0], [111817.5, 61600.0], [111817.0, 390.0], [111815.5, 26000.0], [111815.0, 197210.0], [111814.5, 45610.0], [111814.0, 560.0], [111813.5, 250.0]], "asks": [[111826.5, 492250.0], [111827.0, 20090.0], [111830.0, 20.0], [111830.5, 20.0], [111831.0, 20.0], [111831.5, 20.0], [111837.0, 175900.0], [111838.0, 45610.0], [111841.5, 5790.0], [111844.0, 500.0], [111844.5, 15000.0], [111845.0, 50000.0], [111847.5, 11000.0], [111849.0, 11000.0], [111850.0, 96590.0], [111850.5, 237700.0], [111851.0, 7000.0], [111851.5, 5340.0], [111853.5, 87730.0], [111854.0, 211890.0]]}}}
{"jsonrpc": "2.0", "method": "subscription", "params": {"channel": "book.BTC-PERPETUAL.none.20.100ms", "data": {"timestamp": 1756430252423, "change_id": 115416881688, "instrument_name": "BTC-PERPETUAL", "bids": [[111826.0, 357640.0], [111825.0, 11000.0], [111824.5, 26000.0], [111823.5, 330.0], [111823.0, 278600.0], [111822.5, 205960.0], [111821.5, 11000.0], [111821.0, 334880.0], [111820.5, 211790.0], [111820.0, 530.0], [111819.5, 1000.0], [111817.0, 390.0], [111815.5, 26000.0], [111815.0, 197210.0], [111814.5, 45610.0], [111814.0, 560.0], [111813.5, 250.0], [111813.0, 150.0], [111812.5, 220.0], [111812.0, 3500.0]], "asks": [[111826.5, 1458880.0], [111827.0, 20090.0], [111831.0, 20.0], [111831.5, 20.0], [111837.0, 175900.0], [111838.0, 45610.0], [111841.5, 5790.0], [111844.0, 500.0], [111844.5, 15000.0], [111845.0, 50000.0], [111848.0, 11000.0], [111849.5, 11000.0], [111850.0, 96590.0], [111850.5, 237700.0], [111851.0, 7000.0], [111851.5, 5340.0], [111853.5, 87730.0], [111854.0, 211890.0], [111855.5, 37630.0], [111863.5, 1630.0]]}}}
{"jsonrpc": "2.0", "method": "subscription", "params": {"channel": "book.BTC-PERPETUAL.none.20.100ms", "data": {"timestamp": 1756430252753, "change_id": 115416881956, "instrument_name": "BTC-PERPETUAL", "bids": [[111826.0, 368640.0], [111825.5, 500.0], [111824.5, 26000.0], [111823.5, 330.0], [111823.0, 278600.0], [111822.5, 205960.0], [111821.5, 11000.0], [111821.0, 273280.0], [111820.5, 211790.0], [111820.0, 360.0], [111819.5, 1000.0], [111817.0, 390.0], [111816.0, 500.0], [111815.5, 87600.0], [111815.0, 197210.0], [111814.5, 45610.0], [111814.0, 560.0], [111813.5, 250.0], [111813.0, 150.0], [111812.5, 220.0]], "asks": [[111826.5, 1458870.0], [111827.0, 20090.0], [111831.0, 20.0], [111831.5, 20.0], [111837.0, 175900.0], [111838.0, 45610.0], [111841.5, 5790.0], [111844.0, 500.0], [111844.5, 15000.0], [111845.0, 50000.0], [111847.0, 11000.0], [111848.5, 11000.0], [111850.0, 96590.0], [111850.5, 237700.0], [111851.0, 7000.0], [111851.5, 5340.0], [111853.5, 87730.0], [111854.0, 211890.0], [111855.5, 37630.0], [111860.5, 2230.0]]}}}
{"jsonrpc": "2.0", "method": "subscription", "params": {"channel": "book.BTC-PERPETUAL.none.20.100ms", "data": {"timestamp": 1756430253089, "change_id": 115416882518, "instrument_name": "BTC-PERPETUAL", "bids": [[111826.0, 339300.0], [111825.5, 14200.0], [111825.0, 25000.0], [111824.5, 26000.0], [111823.5, 330.0], [111823.0, 278600.0], [111822.5, 205960.0], [111821.5, 11000.0], [111821.0, 273280.0], [111820.5, 211790.0], [111820.0, 860.0], [111819.5, 1000.0], [111817.0, 410.0], [111816.5, 20.0], [111816.0, 20.0], [111815.5, 87600.0], [111815.0, 197210.0], [111814.5, 45610.0], [111814.0, 560.0], [111813.5, 250.0]], "asks": [[111826.5, 1502770.0], [111827.0, 110.0], [111827.5, 20.0], [111828.0, 20.0], [111828.5, 20.0], [111829.0, 20.0], [111829.5, 20.0], [111831.0, 20.0], [111831.5, 20.0], [111837.0, 175900.0], [111838.0, 45610.0], [111841.5, 5790.0], [111844.0, 500.0], [111844.5, 15000.0], [111845.0, 50000.0], [111847.0, 11000.0], [111849.5, 11000.0], [111850.0, 96590.0], [111850.5, 237700.0], [111851.0, 7000.0]]}}}
{"jsonrpc": "2.0", "method": "subscription", "params": {"channel": "book.BTC-PERPETUAL.none.20.100ms", "data": {"timestamp": 1756430253374, "change_id": 115416882871, "instrument_name": "BTC-PERPETUAL", "bids": [[111826.0, 339300.0], [111825.5, 14200.0], [111825.0, 25000.0], [111824.5, 26000.0], [111823.5, 330.0], [111823.0, 278600.0], [111822.5, 205960.0], [111821.5, 11000.0], [111821.0, 273280.0], [111820.5, 211790.0], [111820.0, 860.0], [111819.5, 1000.0], [111817.0, 410.0], [111816.5, 20.0], [111816.0, 20.0], [111815.5, 87600.0], [111815.0, 197210.0], [111814.5, 45610.0], [111814.0, 560.0], [111813.5, 250.0]], "asks": [[111826.5, 1502770.0], [111827.0, 110.0], [111827.5, 20.0], [111828.0, 20.0], [111828.5, 20.0], [111829.0, 20.0], [111829.5, 20.0], [111830.0, 20.0], [111835.0, 175900.0], [111838.0, 45610.0], [111841.5, 5790.0], [111844.0, 500.0], [111844.5, 15000.0], [111845.0, 50000.0], [111849.5, 22000.0], [111850.0, 96590.0], [111850.5, 237700.0], [111851.0, 7000.0], [111851.5, 5340.0], [111853.5, 87730.0]]}}}
{"jsonrpc": "2.0", "method": "subscription", "params": {"channel": "book.BTC-PERPETUAL.none.20.100ms", "data": {"timestamp": 1756430253764, "change_id": 115416883195, "instrument_name": "BTC-PERPETUAL", "bids": [[111826.0, 339300.0], [111825.5, 14200.0], [111825.0, 25000.0], [111824.5, 26000.0], [111823.5, 330.0], [111823.0, 278600.0], [111822.5, 206460.0], [111821.5, 11000.0], [111821.0, 273280.0], [111820.5, 211790.0], [111820.0, 860.0], [111819.5, 1000.0], [111817.0, 390.0], [111816.0, 330.0], [111815.5, 87600.0], [111815.0, 197210.0], [111814.5, 45610.0], [111814.0, 560.0], [111813.5, 250.0], [111813.0, 150.0]], "asks": [[111826.5, 1502790.0], [111827.0, 110.0], [111827.5, 20.0], [111828.0, 20.0], [111828.5, 20.0], [111829.0, 20.0], [111829.5, 20.0], [111830.0, 20.0], [111835.0, 175900.0], [111838.0, 45610.0], [111841.5, 5790.0], [111844.0, 500.0], [111844.5, 15000.0], [111845.0, 50000.0], [111849.5, 22000.0], [111850.0, 96590.0], [111850.5, 237700.0], [111851.0, 7000.0], [111851.5, 5340.0], [111853.5, 87730.0]]}}}
{"jsonrpc": "2.0", "method": "subscription", "params": {"channel": "book.BTC-PERPETUAL.none.20.100ms", "data": {"timestamp": 1756430254096, "change_id": 115416884241, "instrument_name": "BTC-PERPETUAL", "bids": [[111826.0, 479970.0], [111825.5, 14200.0], [111824.5, 26000.0], [111823.5, 330.0], [111823.0, 190560.0], [111822.5, 206460.0], [111821.0, 273280.0], [111820.5, 164500.0], [111820.0, 380.0], [111819.5, 1000.0], [111817.0, 390.0], [111816.0, 330.0], [111815.5, 82590.0], [111815.0, 21970.0], [111814.5, 45610.0], [111814.0, 560.0], [111813.5, 250.0], [111813.0, 150.0], [111812.5, 220.0], [111812.0, 3500.0]], "asks": [[111826.5, 1362000.0], [111827.0, 90.0], [111837.5, 175630.0], [111849.5, 44060.0], [111850.5, 239570.0], [111851.0, 7000.0], [111851.5, 5340.0], [111852.5, 50000.0], [111853.5, 87730.0], [111854.0, 211890.0], [111855.5, 36630.0], [111859.0, 25880.0], [111860.5, 300.0], [111863.5, 1630.0], [111867.5, 25430.0], [111868.0, 36610.0], [111868.5, 46950.0], [111870.5, 29380.0], [111872.5, 80.0], [111873.0, 50000.0]]}}}
{"jsonrpc": "2.0", "method": "subscription", "params": {"channel": "book.BTC-PERPETUAL.none.20.100ms", "data": {"timestamp": 1756430254418, "change_id": 115416884761, "instrument_name": "BTC-PERPETUAL", "bids": [[111826.0, 621450.0], [111825.5, 14200.0], [111824.5, 26000.0], [111823.5, 330.0], [111823.0, 134620.0], [111822.5, 92100.0], [111821.0, 273280.0], [111820.5, 220950.0], [111820.0, 175690.0], [111819.5, 1000.0], [111817.0, 390.0], [111816.0, 330.0], [111815.5, 20990.0], [111815.0, 21970.0], [111814.5, 45610.0], [111814.0, 560.0], [111813.5, 250.0], [111813.0, 150.0], [111812.5, 220.0], [111812.0, 3500.0]], "asks": [[111826.5, 1362000.0], [111827.0, 90.0], [111830.5, 20.0], [111833.5, 20000.0], [111837.5, 175630.0], [111849.5, 44060.0], [111850.0, 500.0], [111850.5, 239070.0], [111851.0, 7000.0], [111851.5, 5340.0], [111852.5, 50000.0], [111853.5, 39370.0], [111854.0, 71590.0], [111855.5, 36630.0], [111857.5, 1000.0], [111858.5, 22000.0], [111860.5, 300.0], [111863.5, 1630.0], [111867.5, 25430.0], [111868.0, 36610.0]]}}}
{"jsonrpc": "2.0", "method": "subscription", "params": {"channel": "book.BTC-PERPETUAL.none.20.100ms", "data": {"timestamp": 1756430254758, "change_id": 115416885639, "instrument_name": "BTC-PERPETUAL", "bids": [[111826.0, 760450.0], [111825.5, 14200.0], [111824.5, 26000.0], [111823.5, 330.0], [111823.0, 134620.0], [111822.5, 92100.0], [111821.0, 273280.0], [111820.5, 202110.0], [111820.0, 175690.0], [111819.5, 1500.0], [111817.5, 20990.0], [111817.0, 390.0], [111816.0, 330.0], [111815.0, 21970.0], [111814.5, 45610.0], [111814.0, 560.0], [111813.5, 250.0], [111813.0, 150.0], [111812.5, 550.0], [111812.0, 3500.0]], "asks": [[111826.5, 1361550.0], [111827.0, 90.0], [111850.5, 233280.0], [111851.0, 7000.0], [111851.5, 5340.0], [111854.0, 71590.0], [111854.5, 5790.0], [111855.0, 500.0], [111855.5, 36630.0], [111860.5, 300.0], [111861.5, 15490.0], [111862.0, 61000.0], [111863.0, 11000.0], [111863.5, 1630.0], [111867.5, 25430.0], [111868.0, 36610.0], [111868.5, 45950.0], [111870.5, 29380.0], [111872.5, 80.0], [111873.0, 50000.0]]}}}
{"jsonrpc": "2.0", "method": "subscription", "params": {"channel": "book.BTC-PERPETUAL.none.20.100ms", "data": {"timestamp": 1756430255082, "change_id": 115416886342, "instrument_name": "BTC-PERPETUAL", "bids": [[111826.0, 753460.0], [111825.5, 14200.0], [111824.5, 26000.0], [111823.5, 330.0], [111823.0, 134620.0], [111822.5, 92100.0], [111821.0, 273280.0], [111820.5, 202090.0], [111820.0, 175690.0], [111819.5, 1500.0], [111817.0, 390.0], [111816.0, 330.0], [111815.5, 20990.0], [111815.0, 22170.0], [111814.5, 45610.0], [111814.0, 560.0], [111813.5, 250.0], [111813.0, 150.0], [111812.5, 550.0], [111812.0, 3500.0]], "asks": [[111826.5, 1501770.0], [111827.0, 90.0], [111836.5, 20.0], [111837.0, 20.0], [111837.5, 20.0], [111838.0, 20.0], [111838.5, 20.0], [111839.0, 20.0], [111839.5, 20.0], [111840.0, 20.0], [111846.0, 175510.0], [111849.5, 44060.0], [111850.5, 233280.0], [111851.0, 7000.0], [111851.5, 5340.0], [111854.0, 71590.0], [111854.5, 5790.0], [111855.5, 36630.0], [111861.0, 22500.0], [111861.5, 15490.0]]}}}
{"jsonrpc": "2.0", "method": "subscription", "params": {"channel": "book.BTC-PERPETUAL.none.20.100ms", "data": {"timestamp": 1756430255397, "change_id": 115416886783, "instrument_name": "BTC-PERPETUAL", "bids": [[111826.0, 753460.0], [111825.5, 14200.0], [111824.5, 26000.0], [111823.5, 330.0], [111823.0, 134640.0], [111822.5, 92100.0], [111821.0, 273280.0], [111820.5, 196300.0], [111820.0, 175690.0], [111819.5, 1500.0], [111817.0, 390.0], [111816.0, 330.0], [111815.0, 22170.0], [111814.5, 45610.0], [111814.0, 560.0], [111813.5, 250.0], [111813.0, 21140.0], [111812.5, 770.0], [111812.0, 3500.0], [111811.5, 11650.0]], "asks": [[111826.5, 1501730.0], [111827.0, 90.0], [111833.0, 20.0], [111833.5, 20.0], [111836.5, 20.0], [111837.0, 20.0], [111837.5, 20.0], [111838.0, 20.0], [111838.5, 20.0], [111839.0, 20.0], [111846.0, 175510.0], [111849.5, 44060.0], [111850.5, 233280.0], [111851.0, 7000.0], [111851.5, 5340.0], [111854.0, 71590.0], [111854.5, 5790.0], [111855.5, 36630.0], [111860.5, 500.0], [111861.0, 22000.0]]}}}
{"jsonrpc": "2.0", "method": "subscription", "params": {"channel": "book.BTC-PERPETUAL.none.20.100ms", "data": {"timestamp": 1756430255751, "change_id": 115416887127, "instrument_name": "BTC-PERPETUAL", "bids": [[111826.0, 753460.0], [111825.5, 14200.0], [111824.5, 26000.0], [111823.5, 330.0], [111823.0, 134620.0], [111822.5, 92100.0], [111821.0, 273280.0], [111820.5, 196300.0], [111820.0, 175690.0], [111819.5, 1500.0], [111817.0, 390.0], [111816.0, 830.0], [111815.0, 21970.0], [111814.5, 45610.0], [111814.0, 760.0], [111813.5, 250.0], [111813.0, 21140.0], [111812.5, 770.0], [111812.0, 3500.0], [111811.5, 11650.0]], "asks": [[111826.5, 1501730.0], [111827.0, 90.0], [111834.0, 20.0], [111834.5, 20.0], [111835.0, 20.0], [111835.5, 20.0], [111836.0, 20.0], [111836.5, 20.0], [111846.0, 175510.0], [111849.5, 44060.0], [111850.5, 233280.0], [111851.0, 7000.0], [111851.5, 5340.0], [111852.0, 5790.0], [111855.5, 36630.0], [111857.5, 300.0], [111860.5, 500.0], [111861.0, 22000.0], [111861.5, 15490.0], [111862.0, 50000.0]]}}}
{"jsonrpc": "2.0", "method": "subscription", "params": {"channel": "book.BTC-PERPETUAL.none.20.100ms", "data": {"timestamp": 1756430256044, "change_id": 115416887708, "instrument_name": "BTC-PERPETUAL", "bids": [[111826.0, 753460.0], [111825.5, 14200.0], [111825.0, 20.0], [111824.5, 26020.0], [111824.0, 20.0], [111823.5, 330.0], [111823.0, 134620.0], [111822.5, 92100.0], [111821.0, 273280.0], [111820.5, 196300.0], [111820.0, 175690.0], [111819.5, 1500.0], [111817.0, 390.0], [111816.0, 830.0], [111815.0, 21970.0], [111814.5, 45610.0], [111814.0, 760.0], [111813.5, 250.0], [111813.0, 21140.0], [111812.5, 770.0]], "asks": [[111826.5, 1501770.0], [111827.0, 90.0], [111834.5, 20.0], [111835.0, 20.0], [111835.5, 20.0], [111836.0, 20.0], [111836.5, 20.0], [111837.0, 20.0], [111838.0, 20000.0], [111846.0, 175510.0], [111849.5, 44060.0], [111850.5, 233280.0], [111851.0, 7000.0], [111851.5, 5340.0], [111852.0, 5790.0], [111855.0, 500.0], [111855.5, 36630.0], [111857.5, 300.0], [111861.0, 22000.0], [111861.5, 15490.0]]}}}
{"jsonrpc": "2.0", "method": "subscription", "params": {"channel": "book.BTC-PERPETUAL.none.20.100ms", "data": {"timestamp": 1756430256391, "change_id": 115416888162, "instrument_name": "BTC-PERPETUAL", "bids": [[111826.0, 753460.0], [111825.5, 14200.0], [111824.5, 26020.0], [111824.0, 20.0], [111823.5, 330.0], [111823.0, 134620.0], [111822.5, 92100.0], [111821.0, 273280.0], [111820.5, 196300.0], [111820.0, 175690.0], [111819.5, 1500.0], [111817.0, 390.0], [111816.0, 830.0], [111815.0, 21970.0], [111814.5, 45610.0], [111814.0, 760.0], [111813.5, 250.0], [111813.0, 21140.0], [111812.5, 770.0], [111812.0, 3500.0]], "asks": [[111826.5, 1573360.0], [111827.0, 90.0], [111834.0, 20.0], [111834.5, 20.0], [111835.0, 20.0], [111835.5, 20.0], [111836.0, 20.0], [111836.5, 20.0], [111837.0, 20.0], [111840.0, 20000.0], [111846.0, 175510.0], [111849.5, 44060.0], [111850.5, 233280.0], [111851.0, 7000.0], [111851.5, 5340.0], [111855.0, 500.0], [111855.5, 36630.0], [111857.5, 300.0], [111861.0, 22000.0], [111861.5, 15490.0]]}}}
{"jsonrpc": "2.0", "method": "subscription", "params": {"channel": "book.BTC-PERPETUAL.none.20.100ms", "data": {"timestamp": 1756430256677, "change_id": 115416888401, "instrument_name": "BTC-PERPETUAL", "bids": [[111826.0, 753460.0], [111825.5, 14200.0], [111824.5, 26000.0], [111824.0, 20.0], [111823.5, 350.0], [111823.0, 134620.0], [111822.5, 92100.0], [111821.0, 273280.0], [111820.5, 196300.0], [111820.0, 175690.0], [111819.5, 1500.0], [111817.0, 390.0], [111816.0, 830.0], [111815.0, 21970.0], [111814.5, 45810.0], [111814.0, 560.0], [111813.5, 250.0], [111813.0, 21640.0], [111812.5, 770.0], [111812.0, 3500.0]], "asks": [[111826.5, 1573320.0], [111827.0, 90.0], [111834.0, 20.0], [111834.5, 20.0], [111835.0, 20.0], [111835.5, 20.0], [111836.0, 20.0], [111836.5, 20.0], [111837.0, 20.0], [111837.5, 20.0], [111846.0, 175510.0], [111849.5, 44060.0], [111850.5, 233280.0], [111851.0, 7000.0], [111851.5, 5340.0], [111852.5, 5790.0], [111855.0, 500.0], [111855.5, 36630.0], [111857.5, 300.0], [111861.0, 22000.0]]}}}
{"jsonrpc": "2.0", "method": "subscription", "params": {"channel": "book.BTC-PERPETUAL.none.20.100ms", "data": {"timestamp": 1756430257072, "change_id": 115416889121, "instrument_name": "BTC-PERPETUAL", "bids": [[111826.0, 753460.0], [111825.5, 14200.0], [111824.5, 26000.0], [111824.0, 20.0], [111823.5, 350.0], [111823.0, 134620.0], [111822.5, 92100.0], [111821.0, 273280.0], [111820.5, 202090.0], [111820.0, 175690.0], [111819.5, 1500.0], [111817.0, 390.0], [111816.0, 830.0], [111815.5, 20990.0], [111815.0, 21970.0], [111814.5, 45810.0], [111814.0, 560.0], [111813.5, 250.0], [111813.0, 650.0], [111812.5, 770.0]], "asks": [[111826.5, 1573440.0], [111827.0, 90.0], [111833.5, 20.0], [111834.0, 20.0], [111836.5, 20.0], [111837.0, 20.0], [111837.5, 20.0], [111846.5, 175300.0], [111849.5, 44060.0], [111850.5, 233280.0], [111851.0, 7000.0], [111851.5, 5340.0], [111853.0, 5790.0], [111855.0, 500.0], [111855.5, 36630.0], [111857.5, 300.0], [111860.5, 11000.0], [111861.0, 11000.0], [111861.5, 15490.0], [111862.0, 50000.0]]}}}
{"jsonrpc": "2.0", "method": "subscription", "params": {"channel": "book.BTC-PERPETUAL.none.20.100ms", "data": {"timestamp": 1756430257335, "change_id": 115416889523, "instrument_name": "BTC-PERPETUAL", "bids": [[111826.0, 753460.0], [111825.5, 14200.0], [111824.5, 26000.0], [111823.5, 330.0], [111823.0, 134640.0], [111822.5, 92100.0], [111821.0, 273280.0], [111820.5, 202090.0], [111820.0, 175690.0], [111819.5, 1500.0], [111817.0, 390.0], [111816.0, 830.0], [111815.5, 20990.0], [111815.0, 21970.0], [111814.5, 45610.0], [111814.0, 560.0], [111813.5, 450.0], [111813.0, 650.0], [111812.5, 770.0], [111812.0, 3500.0]], "asks": [[111826.5, 1573480.0], [111827.0, 90.0], [111834.0, 20.0], [111836.5, 20.0], [111837.0, 20.0], [111837.5, 20.0], [111846.5, 175300.0], [111849.5, 44060.0], [111850.5, 233280.0], [111851.0, 7000.0], [111851.5, 5340.0], [111853.0, 5790.0], [111855.0, 500.0], [111855.5, 36630.0], [111857.5, 300.0], [111860.5, 11000.0], [111861.0, 11000.0], [111861.5, 15490.0], [111862.0, 50000.0], [111863.5, 1630.0]]}}}
{"jsonrpc": "2.0", "method": "subscription", "params": {"channel": "book.BTC-PERPETUAL.none.20.100ms", "data": {"timestamp": 1756430257610, "change_id": 115416889771, "instrument_name": "BTC-PERPETUAL", "bids": [[111826.0, 753460.0], [111825.5, 14200.0], [111824.5, 26000.0], [111823.5, 350.0], [111823.0, 134640.0], [111822.5, 92100.0], [111821.0, 273280.0], [111820.5, 202090.0], [111820.0, 175690.0], [111819.5, 1500.0], [111817.0, 390.0], [111816.0, 830.0], [111815.5, 20990.0], [111815.0, 21970.0], [111814.5, 45610.0], [111814.0, 560.0], [111813.5, 450.0], [111813.0, 650.0], [111812.5, 770.0], [111812.0, 3500.0]], "asks": [[111826.5, 1573490.0], [111827.0, 90.0], [111834.0, 20.0], [111836.5, 20.0], [111837.0, 20.0], [111837.5, 20.0], [111838.5, 20000.0], [111846.5, 175300.0], [111849.5, 44060.0], [111850.5, 233280.0], [111851.0, 7000.0], [111851.5, 5340.0], [111853.0, 5790.0], [111855.0, 500.0], [111855.5, 36630.0], [111857.5, 300.0], [111860.5, 11000.0], [111861.0, 11000.0], [111861.5, 15490.0], [111862.0, 50000.0]]}}}
{"jsonrpc": "2.0", "method": "subscription", "params": {"channel": "book.BTC-PERPETUAL.none.20.100ms", "data": {"timestamp": 1756430258057, "change_id": 115416890533, "instrument_name": "BTC-PERPETUAL", "bids": [[111826.0, 798960.0], [111825.5, 14200.0], [111824.5, 26000.0], [111823.5, 330.0], [111823.0, 134620.0], [111822.5, 92100.0], [111821.0, 273280.0], [111820.5, 223080.0], [111820.0, 175690.0], [111819.5, 1500.0], [111817.0, 5780.0], [111816.0, 830.0], [111815.0, 21970.0], [111814.5, 45610.0], [111814.0, 760.0], [111813.5, 250.0], [111813.0, 650.0], [111812.5, 770.0], [111812.0, 3500.0], [111811.5, 11650.0]], "asks": [[111826.5, 1558710.0], [111827.0, 90.0], [111847.0, 175220.0], [111850.5, 233280.0], [111851.0, 7000.0], [111851.5, 5340.0], [111855.5, 36630.0], [111857.5, 6090.0], [111860.0, 500.0], [111861.5, 15490.0], [111862.0, 50000.0], [111863.0, 11000.0], [111863.5, 1630.0], [111867.0, 11000.0], [111867.5, 25430.0], [111868.0, 36610.0], [111868.5, 45950.0], [111870.5, 29380.0], [111872.5, 80.0], [111873.0, 50000.0]]}}}
{"jsonrpc": "2.0", "method": "subscription", "params": {"channel": "book.BTC-PERPETUAL.none.20.100ms", "data": {"timestamp": 1756430258395, "change_id": 115416890981, "instrument_name": "BTC-PERPETUAL", "bids": [[111826.0, 753460.0], [111825.5, 14200.0], [111824.5, 26000.0], [111823.5, 330.0], [111823.0, 134620.0], [111822.5, 92100.0], [111821.0, 273280.0], [111820.5, 202090.0], [111820.0, 175690.0], [111819.5, 1500.0], [111817.5, 20990.0], [111817.0, 5780.0], [111816.0, 830.0], [111815.0, 21970.0], [111814.5, 45610.0], [111814.0, 760.0], [111813.5, 250.0], [111813.0, 650.0], [111812.5, 770.0], [111812.0, 3500.0]], "asks": [[111826.5, 1548810.0], [111827.0, 90.0], [111835.0, 20.0], [111847.0, 175220.0], [111849.5, 44060.0], [111850.5, 233280.0], [111851.0, 7000.0], [111851.5, 5340.0], [111855.5, 36630.0], [111857.0, 500.0], [111857.5, 6090.0], [111861.0, 22000.0], [111861.5, 15490.0], [111862.0, 50000.0], [111863.5, 1630.0], [111867.5, 25430.0], [111868.0, 36610.0], [111868.5, 45950.0], [111870.5, 29380.0], [111872.5, 80.0]]}}}
{"jsonrpc": "2.0", "method": "subscription", "params": {"channel": "book.BTC-PERPETUAL.none.20.100ms", "data": {"timestamp": 1756430258723, "change_id": 115416891285, "instrument_name": "BTC-PERPETUAL", "bids": [[111826.0, 753460.0], [111825.5, 14200.0], [111824.5, 26000.0], [111823.5, 330.0], [111823.0, 134620.0], [111822.5, 92100.0], [111821.0, 273280.0], [111820.5, 202090.0], [111820.0, 175690.0], [111819.5, 1500.0], [111817.5, 20990.0], [111817.0, 5780.0], [111816.0, 830.0], [111815.0, 21970.0], [111814.5, 45610.0], [111814.0, 760.0], [111813.5, 250.0], [111813.0, 650.0], [111812.5, 770.0], [111812.0, 3500.0]], "asks": [[111826.5, 1544900.0], [111827.0, 90.0], [111847.0, 175220.0], [111850.5, 233280.0], [111851.0, 7000.0], [111851.5, 5340.0], [111855.5, 36630.0], [111857.0, 500.0], [111857.5, 300.0], [111861.0, 22000.0], [111861.5, 15490.0], [111862.0, 50000.0], [111863.5, 1630.0], [111867.5, 25430.0], [111868.0, 36610.0], [111868.5, 45950.0], [111870.5, 29380.0], [111872.5, 80.0], [111873.0, 50000.0], [111873.5, 36610.0]]}}}
{"jsonrpc": "2.0", "method": "subscription", "params": {"channel": "book.BTC-PERPETUAL.none.20.100ms", "data": {"timestamp": 1756430259056, "change_id": 115416892295, "instrument_name": "BTC-PERPETUAL", "bids": [[111826.0, 835160.0], [111825.5, 14220.0], [111825.0, 20.0], [111824.5, 26000.0], [111823.5, 330.0], [111823.0, 155610.0], [111822.5, 92100.0], [111821.0, 273280.0], [111820.5, 202090.0], [111820.0, 175690.0], [111819.5, 1500.0], [111817.0, 5780.0], [111816.0, 830.0], [111815.0, 21970.0], [111814.5, 45610.0], [111814.0, 560.0], [111813.5, 450.0], [111813.0, 650.0], [111812.5, 770.0], [111812.0, 3500.0]], "asks": [[111826.5, 1472490.0], [111827.0, 90.0], [111850.5, 233280.0], [111851.0, 7000.0], [111851.5, 5340.0], [111861.5, 500.0], [111863.5, 1630.0], [111867.0, 22000.0], [111867.5, 25430.0], [111868.0, 36610.0], [111868.5, 45950.0], [111869.5, 300.0], [111870.5, 29380.0], [111872.5, 80.0], [111873.0, 50000.0], [111873.5, 36610.0], [111874.0, 4420.0], [111878.5, 33570.0], [111879.5, 36610.0], [111880.0, 45950.0]]}}}
{"jsonrpc": "2.0", "method": "subscription", "params": {"channel": "book.BTC-PERPETUAL.none.20.100ms", "data": {"timestamp": 1756430259392, "change_id": 115416893407, "instrument_name": "BTC-PERPETUAL", "bids": [[111826.0, 994000.0], [111825.5, 14220.0], [111825.0, 20.0], [111824.5, 26000.0], [111823.5, 330.0], [111823.0, 134620.0], [111822.5, 30500.0], [111821.0, 273280.0], [111820.5, 202090.0], [111820.0, 175690.0], [111819.5, 1500.0], [111817.0, 5780.0], [111816.0, 830.0], [111815.0, 21970.0], [111814.5, 50130.0], [111814.0, 560.0], [111813.5, 450.0], [111813.0, 650.0], [111812.5, 770.0], [111812.0, 3500.0]], "asks": [[111826.5, 1074780.0], [111827.0, 90.0], [111851.0, 7000.0], [111851.5, 5340.0], [111854.0, 175100.0], [111863.5, 1630.0], [111865.5, 233280.0], [111866.5, 36750.0], [111867.5, 500.0], [111868.5, 51740.0], [111869.5, 300.0], [111872.5, 27410.0], [111873.0, 61000.0], [111874.0, 4420.0], [111878.5, 32570.0], [111879.5, 36610.0], [111880.0, 45950.0], [111882.5, 40.0], [111885.0, 10.0], [111886.5, 23560.0]]}}}
{"jsonrpc": "2.0", "method": "subscription", "params": {"channel": "book.BTC-PERPETUAL.none.20.100ms", "data": {"timestamp": 1756430259722, "change_id": 115416894723, "instrument_name": "BTC-PERPETUAL", "bids": [[111850.5, 755550.0], [111849.5, 11650.0], [111848.0, 12000.0], [111847.5, 40000.0], [111843.5, 10000.0], [111842.5, 69980.0], [111842.0, 233280.0], [111839.0, 44060.0], [111835.0, 12920.0], [111834.5, 16070.0], [111833.5, 29010.0], [111830.0, 5390.0], [111827.5, 131680.0], [111827.0, 170600.0], [111826.5, 44060.0], [111826.0, 252330.0], [111825.5, 520.0], [111825.0, 20.0], [111824.5, 36680.0], [111823.5, 330.0]], "asks": [[111851.0, 17010.0], [111851.5, 5340.0], [111863.5, 1630.0], [111865.5, 233280.0], [111868.5, 45950.0], [111872.0, 500.0], [111872.5, 80.0], [111873.0, 50000.0], [111874.0, 4420.0], [111878.0, 11000.0], [111879.0, 35770.0], [111879.5, 36610.0], [111880.0, 45950.0], [111882.5, 40.0], [111885.0, 10.0], [111886.5, 23560.0], [111887.0, 36190.0], [111891.5, 42340.0], [111893.5, 10930.0], [111894.0, 36290.0]]}}}
{"jsonrpc": "2.0", "method": "subscription", "params": {"channel": "book.BTC-PERPETUAL.none.20.100ms", "data": {"timestamp": 1756430260053, "change_id": 115416895822, "instrument_name": "BTC-PERPETUAL", "bids": [[111850.5, 920320.0], [111849.5, 11650.0], [111848.5, 26000.0], [111848.0, 12000.0], [111847.5, 40000.0], [111847.0, 20.0], [111846.5, 20.0], [111844.0, 500.0], [111843.5, 10000.0], [111842.5, 69980.0], [111842.0, 233280.0], [111839.0, 44060.0], [111835.0, 12920.0], [111834.5, 16070.0], [111833.5, 29010.0], [111830.5, 20990.0], [111830.0, 5390.0], [111827.5, 73060.0], [111827.0, 140600.0], [111826.5, 44060.0]], "asks": [[111851.0, 22800.0], [111851.5, 5340.0], [111856.5, 20.0], [111857.0, 20.0], [111857.5, 20.0], [111858.0, 20.0], [111859.0, 175080.0], [111861.0, 20000.0], [111863.5, 1630.0], [111865.5, 233280.0], [111868.5, 45950.0], [111871.0, 5790.0], [111872.5, 580.0], [111873.0, 50000.0], [111874.0, 4420.0], [111877.0, 11000.0], [111878.5, 11000.0], [111879.0, 24770.0], [111879.5, 36610.0], [111880.0, 45950.0]]}}}
{"jsonrpc": "2.0", "method": "subscription", "params": {"channel": "book.BTC-PERPETUAL.none.20.100ms", "data": {"timestamp": 1756430260383, "change_id": 115416896451, "instrument_name": "BTC-PERPETUAL", "bids": [[111850.5, 847720.0], [111849.5, 11650.0], [111849.0, 11000.0], [111848.5, 61600.0], [111848.0, 12000.0], [111847.5, 40000.0], [111844.5, 500.0], [111844.0, 36000.0], [111842.5, 69980.0], [111842.0, 233280.0], [111839.0, 44060.0], [111835.0, 12920.0], [111834.5, 16070.0], [111833.5, 29010.0], [111830.5, 20990.0], [111830.0, 5390.0], [111828.5, 42500.0], [111826.5, 44060.0], [111826.0, 91980.0], [111825.5, 500.0]], "asks": [[111851.0, 141960.0], [111851.5, 5340.0], [111858.5, 20.0], [111859.0, 175100.0], [111859.5, 20.0], [111860.0, 20.0], [111861.0, 20000.0], [111863.5, 1630.0], [111865.5, 233280.0], [111868.5, 45950.0], [111870.5, 500.0], [111871.0, 5790.0], [111872.5, 80.0], [111873.0, 50000.0], [111873.5, 11000.0], [111874.0, 4420.0], [111876.0, 11000.0], [111879.0, 24770.0], [111879.5, 36610.0], [111880.0, 45950.0]]}}}
{"jsonrpc": "2.0", "method": "subscription", "params": {"channel": "book.BTC-PERPETUAL.none.20.100ms", "data": {"timestamp": 1756430260711, "change_id": 115416896987, "instrument_name": "BTC-PERPETUAL", "bids": [[111850.5, 941820.0], [111849.5, 11650.0], [111849.0, 10000.0], [111848.0, 37000.0], [111847.5, 40020.0], [111847.0, 20.0], [111846.5, 179480.0], [111842.5, 69980.0], [111842.0, 233280.0], [111839.0, 44060.0], [111835.5, 20990.0], [111835.0, 12920.0], [111834.5, 16070.0], [111833.5, 29010.0], [111830.0, 5390.0], [111828.5, 42500.0], [111826.5, 44060.0], [111826.0, 92180.0], [111825.5, 500.0], [111824.5, 36680.0]], "asks": [[111851.0, 141870.0], [111851.5, 5340.0], [111863.5, 1630.0], [111865.5, 233280.0], [111868.5, 45950.0], [111871.0, 5790.0], [111872.5, 80.0], [111873.0, 50000.0], [111874.0, 4420.0], [111875.0, 500.0], [111878.0, 11000.0], [111878.5, 11000.0], [111879.0, 24770.0], [111879.5, 36610.0], [111880.0, 45950.0], [111882.0, 15110.0], [111882.5, 50340.0], [111886.5, 23560.0], [111887.0, 36190.0], [111891.5, 42340.0]]}}}
{"jsonrpc": "2.0", "method": "subscription", "params": {"channel": "book.BTC-PERPETUAL.none.20.100ms", "data": {"timestamp": 1756430261034, "change_id": 115416897609, "instrument_name": "BTC-PERPETUAL", "bids": [[111850.5, 947340.0], [111850.0, 25520.0], [111849.5, 11670.0], [111849.0, 10000.0], [111848.0, 64360.0], [111847.5, 40000.0], [111846.5, 179480.0], [111842.5, 69980.0], [111842.0, 233280.0], [111839.0, 44060.0], [111837.5, 20.0], [111836.0, 19820.0], [111835.5, 20990.0], [111834.5, 16070.0], [111833.5, 29010.0], [111830.0, 5390.0], [111829.0, 31230.0], [111828.5, 42500.0], [111826.5, 44060.0], [111826.0, 92180.0]], "asks": [[111851.0, 141660.0], [111863.0, 174970.0], [111863.5, 1630.0], [111865.5, 233280.0], [111871.0, 5790.0], [111872.5, 80.0], [111873.0, 50000.0], [111877.0, 500.0], [111878.5, 11000.0], [111879.0, 35770.0], [111879.5, 36610.0], [111880.0, 45950.0], [111882.0, 15110.0], [111882.5, 50340.0], [111886.5, 23560.0], [111887.0, 36190.0], [111891.5, 42340.0], [111893.5, 10930.0], [111894.0, 36290.0], [111895.0, 1040.0]]}}}
{"jsonrpc": "2.0", "method": "subscription", "params": {"channel": "book.BTC-PERPETUAL.none.20.100ms", "data": {"timestamp": 1756430261371, "change_id": 115416898163, "instrument_name": "BTC-PERPETUAL", "bids": [[111850.5, 972320.0], [111850.0, 500.0], [111849.5, 11650.0], [111849.0, 10000.0], [111848.0, 64360.0], [111847.5, 40000.0], [111846.5, 179480.0], [111842.5, 69980.0], [111842.0, 233280.0], [111839.0, 44060.0], [111837.5, 20.0], [111836.0, 19820.0], [111835.5, 20990.0], [111834.5, 16070.0], [111833.5, 29010.0], [111830.0, 5390.0], [111829.0, 31230.0], [111828.5, 42500.0], [111826.5, 44060.0], [111826.0, 91980.0]], "asks": [[111851.0, 141660.0], [111862.0, 20.0], [111862.5, 20.0], [111863.0, 194990.0], [111863.5, 1650.0], [111864.0, 20.0], [111865.5, 233280.0], [111870.0, 5790.0], [111872.5, 580.0], [111873.0, 50000.0], [111878.5, 11000.0], [111879.0, 35770.0], [111879.5, 36610.0], [111880.0, 45950.0], [111882.0, 15110.0], [111882.5, 50340.0], [111886.5, 23560.0], [111887.0, 36190.0], [111891.5, 42340.0], [111893.5, 17970.0]]}}}
{"jsonrpc": "2.0", "method": "subscription", "params": {"channel": "book.BTC-PERPETUAL.none.20.100ms", "data": {"timestamp": 1756430261706, "change_id": 115416898734, "instrument_name": "BTC-PERPETUAL", "bids": [[111850.5, 992510.0], [111849.5, 11670.0], [111848.0, 64360.0], [111847.5, 40000.0], [111846.5, 179480.0], [111842.5, 69980.0], [111842.0, 233280.0], [111839.0, 44060.0], [111837.5, 20.0], [111836.0, 19820.0], [111835.5, 20990.0], [111834.5, 16070.0], [111833.5, 29010.0], [111830.0, 5390.0], [111829.0, 31230.0], [111828.5, 42500.0], [111826.5, 44060.0], [111826.0, 86190.0], [111825.5, 500.0], [111825.0, 10.0]], "asks": [[111851.0, 4270.0], [111859.5, 20.0], [111863.0, 174860.0], [111863.5, 1630.0], [111864.5, 20.0], [111865.0, 20000.0], [111865.5, 233280.0], [111872.5, 80.0], [111873.0, 50000.0], [111876.5, 5790.0], [111878.0, 500.0], [111879.0, 24770.0], [111879.5, 47610.0], [111880.0, 45950.0], [111882.0, 26110.0], [111882.5, 50340.0], [111886.5, 23560.0], [111887.0, 36190.0], [111891.5, 42340.0], [111893.5, 10930.0]]}}}
{"jsonrpc": "2.0", "method": "subscription", "params": {"channel": "book.BTC-PERPETUAL.none.20.100ms", "data": {"timestamp": 1756430262037, "change_id": 115416899472, "instrument_name": "BTC-PERPETUAL", "bids": [[111850.5, 998820.0], [111849.5, 11670.0], [111848.0, 64360.0], [111847.5, 40000.0], [111846.5, 179480.0], [111842.5, 69980.0], [111842.0, 233280.0], [111839.5, 20990.0], [111839.0, 44060.0], [111837.5, 20.0], [111836.0, 13520.0], [111834.5, 16070.0], [111833.5, 29010.0], [111830.0, 5390.0], [111829.0, 31230.0], [111828.5, 42500.0], [111826.5, 44060.0], [111826.0, 86190.0], [111825.5, 500.0], [111825.0, 10.0]], "asks": [[111851.0, 4010.0], [111863.5, 1630.0], [111865.5, 233280.0], [111870.5, 20000.0], [111872.5, 80.0], [111873.0, 50000.0], [111876.5, 5790.0], [111878.5, 500.0], [111879.0, 24770.0], [111879.5, 36610.0], [111880.0, 45950.0], [111881.5, 11000.0], [111882.0, 15110.0], [111882.5, 50340.0], [111886.0, 11000.0], [111886.5, 23560.0], [111887.0, 36190.0], [111891.5, 42340.0], [111893.5, 10930.0], [111894.0, 36290.0]]}}}
{"jsonrpc": "2.0", "method": "subscription", "params": {"channel": "book.BTC-PERPETUAL.none.20.100ms", "data": {"timestamp": 1756430262364, "change_id": 115416900516, "instrument_name": "BTC-PERPETUAL", "bids": [[111850.5, 1055410.0], [111850.0, 20.0], [111849.5, 11670.0], [111848.0, 85350.0], [111847.5, 40000.0], [111846.5, 179480.0], [111842.5, 69980.0], [111842.0, 233280.0], [111839.0, 44060.0], [111837.5, 20.0], [111836.0, 13520.0], [111834.5, 16070.0], [111833.5, 29010.0], [111830.0, 5390.0], [111829.0, 31230.0], [111828.5, 42500.0], [111826.5, 44060.0], [111826.0, 86100.0], [111825.5, 500.0], [111825.0, 10.0]], "asks": [[111851.0, 4010.0], [111863.5, 1630.0], [111872.5, 80.0], [111873.0, 50000.0], [111875.0, 20000.0], [111875.5, 42120.0], [111882.5, 340.0], [111885.5, 55560.0], [111886.0, 233280.0], [111886.5, 23560.0], [111887.0, 36190.0], [111891.0, 11000.0], [111891.5, 42340.0], [111893.5, 10930.0], [111894.0, 36290.0], [111895.0, 1040.0], [111895.5, 1000.0], [111898.0, 4420.0], [111900.0, 14390.0], [111900.5, 1000.0]]}}}
{"jsonrpc": "2.0", "method": "subscription", "params": {"channel": "book.BTC-PERPETUAL.none.20.100ms", "data": {"timestamp": 1756430262698, "change_id": 115416901117, "instrument_name": "BTC-PERPETUAL", "bids": [[111850.5, 1055410.0], [111850.0, 20.0], [111849.5, 11670.0], [111848.0, 85350.0], [111847.5, 40000.0], [111846.5, 179480.0], [111842.5, 69980.0], [111842.0, 233280.0], [111839.0, 44060.0], [111837.5, 20.0], [111836.0, 13520.0], [111834.5, 16070.0], [111833.5, 29010.0], [111830.0, 5390.0], [111829.0, 31230.0], [111828.5, 42500.0], [111826.5, 44060.0], [111826.0, 86100.0], [111825.5, 500.0], [111825.0, 10.0]], "asks": [[111851.0, 4030.0], [111863.5, 1630.0], [111870.5, 20.0], [111871.0, 20.0], [111872.5, 80.0], [111873.0, 50000.0], [111874.0, 20000.0], [111875.5, 42120.0], [111877.0, 5790.0], [111882.5, 340.0], [111885.0, 500.0], [111885.5, 44060.0], [111886.0, 244280.0], [111886.5, 23560.0], [111887.0, 36190.0], [111891.0, 11000.0], [111891.5, 42340.0], [111892.0, 50000.0], [111893.5, 10930.0], [111894.0, 36290.0]]}}}
{"jsonrpc": "2.0", "method": "subscription", "params": {"channel": "book.BTC-PERPETUAL.none.20.100ms", "data": {"timestamp": 1756430263021, "change_id": 115416901613, "instrument_name": "BTC-PERPETUAL", "bids": [[111850.5, 1052890.0], [111850.0, 20.0], [111849.5, 11670.0], [111848.0, 64360.0], [111847.5, 40000.0], [111846.5, 179480.0], [111843.0, 20990.0], [111842.5, 69980.0], [111842.0, 233280.0], [111839.0, 44060.0], [111837.5, 20.0], [111836.0, 13520.0], [111834.5, 16070.0], [111833.5, 29010.0], [111830.0, 5390.0], [111829.0, 31230.0], [111828.5, 42500.0], [111826.5, 44060.0], [111826.0, 86100.0], [111825.5, 500.0]], "asks": [[111851.0, 4080.0], [111863.5, 1630.0], [111866.0, 20.0], [111870.5, 20.0], [111871.0, 20.0], [111872.5, 80.0], [111873.0, 50000.0], [111875.5, 42120.0], [111877.0, 5790.0], [111882.5, 340.0], [111885.0, 500.0], [111885.5, 44060.0], [111886.0, 233280.0], [111886.5, 23560.0], [111887.0, 36190.0], [111890.5, 11000.0], [111891.0, 11000.0], [111891.5, 42340.0], [111892.0, 50000.0], [111893.5, 10930.0]]}}}
{"jsonrpc": "2.0", "method": "subscription", "params": {"channel": "book.BTC-PERPETUAL.none.20.100ms", "data": {"timestamp": 1756430263322, "change_id": 115416902138, "instrument_name": "BTC-PERPETUAL", "bids": [[111850.5, 1051730.0], [111850.0, 20.0], [111849.5, 11670.0], [111848.0, 85350.0], [111847.5, 40000.0], [111846.5, 179480.0], [111842.5, 69980.0], [111842.0, 233280.0], [111839.0, 44060.0], [111837.5, 20.0], [111836.0, 13520.0], [111834.5, 16070.0], [111833.5, 29010.0], [111830.0, 5390.0], [111829.0, 31230.0], [111828.5, 42500.0], [111826.5, 44060.0], [111826.0, 86100.0], [111825.5, 500.0], [111825.0, 210.0]], "asks": [[111851.0, 4080.0], [111863.5, 1630.0], [111867.0, 20.0], [111868.0, 20.0], [111868.5, 20.0], [111869.0, 20.0], [111869.5, 20.0], [111870.0, 20.0], [111870.5, 20.0], [111872.5, 80.0], [111873.0, 50000.0], [111875.5, 42120.0], [111877.0, 5790.0], [111882.5, 340.0], [111885.0, 500.0], [111885.5, 44060.0], [111886.0, 233280.0], [111886.5, 23560.0], [111887.0, 36190.0], [111890.5, 11000.0]]}}}
{"jsonrpc": "2.0", "method": "subscription", "params": {"channel": "book.BTC-PERPETUAL.none.20.100ms", "data": {"timestamp": 1756430263677, "change_id": 115416902582, "instrument_name": "BTC-PERPETUAL", "bids": [[111850.5, 1049210.0], [111850.0, 20.0], [111849.5, 11670.0], [111848.5, 18300.0], [111847.5, 40000.0], [111843.0, 20990.0], [111842.5, 69980.0], [111842.0, 233280.0], [111839.0, 44060.0], [111837.5, 20.0], [111836.0, 13520.0], [111834.5, 16070.0], [111833.5, 29010.0], [111830.0, 5390.0], [111829.0, 31230.0], [111828.5, 42500.0], [111827.0, 200.0], [111826.5, 44060.0], [111826.0, 86100.0], [111825.5, 500.0]], "asks": [[111851.0, 4080.0], [111863.5, 1630.0], [111864.0, 20.0], [111864.5, 20.0], [111865.0, 20.0], [111865.5, 20.0], [111866.0, 20.0], [111866.5, 20.0], [111867.0, 20.0], [111867.5, 20.0], [111872.5, 80.0], [111873.0, 50000.0], [111875.5, 42120.0], [111877.0, 5790.0], [111882.5, 340.0], [111885.5, 44060.0], [111886.0, 244280.0], [111886.5, 35060.0], [111887.0, 36190.0], [111891.5, 42340.0]]}}}
{"jsonrpc": "2.0", "method": "subscription", "params": {"channel": "book.BTC-PERPETUAL.none.20.100ms", "data": {"timestamp": 1756430264009, "change_id": 115416903147, "instrument_name": "BTC-PERPETUAL", "bids": [[111850.5, 1213010.0], [111850.0, 20.0], [111849.5, 11670.0], [111848.5, 12000.0], [111847.5, 40000.0], [111842.5, 69980.0], [111842.0, 233280.0], [111839.0, 44060.0], [111837.5, 20.0], [111836.5, 20990.0], [111836.0, 13520.0], [111834.5, 16070.0], [111833.5, 29010.0], [111830.0, 5390.0], [111829.0, 31230.0], [111828.5, 42500.0], [111827.0, 200.0], [111826.5, 44060.0], [111826.0, 86100.0], [111825.5, 500.0]], "asks": [[111851.0, 3750.0], [111863.5, 1630.0], [111865.0, 20.0], [111865.5, 20.0], [111866.0, 20.0], [111866.5, 20.0], [111867.0, 20.0], [111867.5, 20.0], [111872.5, 80.0], [111873.0, 50000.0], [111875.5, 42120.0], [111877.0, 5790.0], [111881.5, 500.0], [111882.0, 11000.0], [111882.5, 340.0], [111884.5, 11000.0], [111885.5, 120640.0], [111886.0, 233280.0], [111886.5, 23560.0], [111887.0, 36190.0]]}}}
{"jsonrpc": "2.0", "method": "subscription", "params": {"channel": "book.BTC-PERPETUAL.none.20.100ms", "data": {"timestamp": 1756430264346, "change_id": 115416903730, "instrument_name": "BTC-PERPETUAL", "bids": [[111850.5, 1211840.0], [111850.0, 20.0], [111849.5, 11670.0], [111848.5, 12000.0], [111847.5, 40000.0], [111842.5, 69980.0], [111842.0, 233280.0], [111839.0, 44060.0], [111837.5, 20.0], [111836.5, 20990.0], [111836.0, 13520.0], [111834.5, 16070.0], [111833.5, 29010.0], [111830.0, 5390.0], [111829.0, 31230.0], [111828.5, 42500.0], [111828.0, 200.0], [111826.5, 44060.0], [111826.0, 86100.0], [111825.5, 500.0]], "asks": [[111851.0, 4080.0], [111863.5, 1630.0], [111864.0, 20.0], [111864.5, 20.0], [111865.0, 20.0], [111865.5, 20.0], [111866.0, 20.0], [111866.5, 20.0], [111867.0, 20.0], [111867.5, 20.0], [111872.5, 80.0], [111873.0, 50000.0], [111875.5, 42120.0], [111877.0, 5790.0], [111881.5, 500.0], [111882.0, 11000.0], [111882.5, 50340.0], [111884.5, 11000.0], [111885.5, 120640.0], [111886.0, 233280.0]]}}}
{"jsonrpc": "2.0", "method": "subscription", "params": {"channel": "book.BTC-PERPETUAL.none.20.100ms", "data": {"timestamp": 1756430264671, "change_id": 115416904037, "instrument_name": "BTC-PERPETUAL", "bids": [[111850.5, 1238350.0], [111850.0, 20.0], [111849.5, 11670.0], [111848.5, 12000.0], [111847.5, 40000.0], [111842.5, 69980.0], [111842.0, 233280.0], [111839.0, 44060.0], [111837.5, 20.0], [111836.5, 20990.0], [111836.0, 13520.0], [111834.5, 16070.0], [111833.5, 29010.0], [111830.0, 5390.0], [111829.0, 31230.0], [111828.5, 42500.0], [111828.0, 200.0], [111826.5, 44060.0], [111826.0, 86100.0], [111825.5, 500.0]], "asks": [[111851.0, 4670.0], [111853.5, 4600.0], [111863.5, 1630.0], [111864.0, 20.0], [111864.5, 20.0], [111865.0, 20.0], [111865.5, 20.0], [111866.0, 20.0], [111866.5, 20.0], [111867.0, 20.0], [111867.5, 20.0], [111871.0, 20000.0], [111872.5, 80.0], [111873.0, 50000.0], [111875.5, 47910.0], [111881.5, 500.0], [111882.0, 11000.0], [111882.5, 50340.0], [111884.5, 11000.0], [111885.5, 120640.0]]}}}
{"jsonrpc": "2.0", "method": "subscription", "params": {"channel": "book.BTC-PERPETUAL.none.20.100ms", "data": {"timestamp": 1756430265016, "change_id": 115416905209, "instrument_name": "BTC-PERPETUAL", "bids": [[111850.5, 932050.0], [111849.5, 54150.0], [111849.0, 25000.0], [111847.5, 40000.0], [111843.0, 72600.0], [111842.5, 69980.0], [111842.0, 233280.0], [111839.5, 26500.0], [111839.0, 44060.0], [111837.5, 20.0], [111836.0, 13520.0], [111834.5, 16070.0], [111833.5, 29010.0], [111830.0, 5390.0], [111829.0, 31230.0], [111828.5, 42500.0], [111827.5, 200.0], [111827.0, 20990.0], [111826.5, 44060.0], [111826.0, 86100.0]], "asks": [[111851.0, 9830.0], [111853.5, 4600.0], [111859.5, 20.0], [111860.0, 20.0], [111860.5, 20.0], [111861.0, 20.0], [111861.5, 20.0], [111863.0, 500.0], [111863.5, 1630.0], [111865.0, 5790.0], [111872.5, 54430.0], [111873.0, 50000.0], [111874.0, 46100.0], [111875.5, 42120.0], [111880.5, 3300.0], [111881.0, 11000.0], [111882.5, 50340.0], [111885.5, 146650.0], [111886.0, 233280.0], [111886.5, 23560.0]]}}}
{"jsonrpc": "2.0", "method": "subscription", "params": {"channel": "book.BTC-PERPETUAL.none.20.100ms", "data": {"timestamp": 1756430265349, "change_id": 115416906365, "instrument_name": "BTC-PERPETUAL", "bids": [[111850.5, 410670.0], [111850.0, 212520.0], [111849.5, 110070.0], [111847.5, 2000.0], [111844.0, 9240.0], [111842.5, 100890.0], [111842.0, 233280.0], [111840.5, 11000.0], [111839.0, 69060.0], [111838.5, 5790.0], [111837.5, 20.0], [111837.0, 38040.0], [111836.5, 56400.0], [111833.5, 29010.0], [111832.5, 50000.0], [111831.5, 11000.0], [111831.0, 44240.0], [111830.5, 62100.0], [111830.0, 5390.0], [111827.5, 26200.0]], "asks": [[111851.0, 170220.0], [111851.5, 13700.0], [111852.0, 20000.0], [111853.5, 4600.0], [111857.0, 11500.0], [111859.5, 20.0], [111860.0, 20.0], [111860.5, 20.0], [111861.0, 20.0], [111861.5, 20.0], [111862.0, 14470.0], [111862.5, 46100.0], [111863.5, 12630.0], [111865.5, 28970.0], [111866.0, 96550.0], [111868.5, 300.0], [111871.5, 105440.0], [111872.0, 233280.0], [111872.5, 80.0], [111873.0, 50000.0]]}}}
{"jsonrpc": "2.0", "method": "subscription", "params": {"channel": "book.BTC-PERPETUAL.none.20.100ms", "data": {"timestamp": 1756430265676, "change_id": 115416907453, "instrument_name": "BTC-PERPETUAL", "bids": [[111850.5, 221480.0], [111849.0, 10000.0], [111842.5, 200.0], [111837.5, 20.0], [111837.0, 2860.0], [111834.0, 300.0], [111831.5, 11000.0], [111831.0, 33950.0], [111830.5, 11650.0], [111827.0, 31180.0], [111826.5, 44060.0], [111826.0, 144650.0], [111825.5, 500.0], [111825.0, 10.0], [111824.5, 18310.0], [111823.5, 330.0], [111822.5, 50500.0], [111822.0, 233280.0], [111821.5, 37140.0], [111821.0, 40000.0]], "asks": [[111851.0, 498260.0], [111851.5, 13700.0], [111852.0, 147050.0], [111852.5, 233280.0], [111853.0, 11000.0], [111853.5, 4600.0], [111858.0, 174610.0], [111859.5, 22170.0], [111860.0, 20.0], [111860.5, 26030.0], [111861.0, 20.0], [111861.5, 20.0], [111862.5, 46100.0], [111863.5, 1630.0], [111870.5, 3290.0], [111871.5, 30180.0], [111872.5, 80.0], [111873.0, 50000.0], [111874.0, 46100.0], [111875.5, 4420.0]]}}}
{"jsonrpc": "2.0", "method": "subscription", "params": {"channel": "book.BTC-PERPETUAL.none.20.100ms", "data": {"timestamp": 1756430266004, "change_id": 115416908590, "instrument_name": "BTC-PERPETUAL", "bids": [[111842.5, 2770.0], [111837.5, 20.0], [111837.0, 10590.0], [111833.0, 35000.0], [111831.0, 36340.0], [111830.5, 11650.0], [111828.0, 9240.0], [111827.5, 11000.0], [111827.0, 16150.0], [111826.5, 49850.0], [111826.0, 144650.0], [111825.5, 1700.0], [111825.0, 10.0], [111824.5, 18310.0], [111823.5, 330.0], [111823.0, 500.0], [111822.5, 50000.0], [111822.0, 233280.0], [111821.0, 40000.0], [111820.5, 173710.0]], "asks": [[111843.0, 656730.0], [111843.5, 20.0], [111844.0, 20.0], [111844.5, 20.0], [111845.0, 140320.0], [111845.5, 20.0], [111846.0, 20.0], [111846.5, 20.0], [111848.5, 4420.0], [111850.0, 500.0], [111850.5, 81780.0], [111851.0, 21540.0], [111852.5, 233280.0], [111859.5, 16060.0], [111860.5, 26010.0], [111862.5, 46100.0], [111863.5, 1630.0], [111871.5, 30180.0], [111872.0, 36640.0], [111872.5, 80.0]]}}}
{"jsonrpc": "2.0", "method": "subscription", "params": {"channel": "book.BTC-PERPETUAL.none.20.100ms", "data": {"timestamp": 1756430266340, "change_id": 115416909401, "instrument_name": "BTC-PERPETUAL", "bids": [[111842.5, 37570.0], [111842.0, 6010.0], [111841.5, 20000.0], [111837.5, 20.0], [111837.0, 10590.0], [111836.5, 200.0], [111833.0, 20080.0], [111831.5, 10000.0], [111831.0, 89900.0], [111830.5, 11650.0], [111830.0, 11000.0], [111829.5, 174690.0], [111827.0, 16150.0], [111826.5, 49850.0], [111826.0, 144650.0], [111825.5, 1700.0], [111825.0, 25510.0], [111824.5, 18310.0], [111823.5, 330.0], [111822.5, 50000.0]], "asks": [[111843.0, 617780.0], [111843.5, 20.0], [111844.0, 20.0], [111844.5, 11020.0], [111845.0, 140320.0], [111845.5, 20.0], [111846.0, 20.0], [111846.5, 20.0], [111848.0, 500.0], [111848.5, 4420.0], [111850.5, 81780.0], [111851.0, 10230.0], [111852.0, 11000.0], [111852.5, 233280.0], [111859.5, 16060.0], [111862.0, 26010.0], [111862.5, 46100.0], [111863.5, 1630.0], [111868.5, 1000.0], [111870.5, 2000.0]]}}}
{"jsonrpc": "2.0", "method": "subscription", "params": {"channel": "book.BTC-PERPETUAL.none.20.100ms", "data": {"timestamp": 1756430266668, "change_id": 115416910338, "instrument_name": "BTC-PERPETUAL", "bids": [[111837.5, 112190.0], [111837.0, 9440.0], [111836.5, 10200.0], [111834.5, 2000.0], [111833.0, 20080.0], [111831.0, 82180.0], [111830.5, 186300.0], [111828.0, 11000.0], [111826.5, 5790.0], [111826.0, 194210.0], [111825.5, 500.0], [111825.0, 10.0], [111823.5, 330.0], [111822.0, 258780.0], [111821.0, 40000.0], [111820.5, 224130.0], [111820.0, 11030.0], [111819.5, 1330.0], [111819.0, 500.0], [111817.5, 61600.0]], "asks": [[111838.0, 264690.0], [111839.5, 20000.0], [111842.5, 142300.0], [111843.0, 300740.0], [111843.5, 5810.0], [111844.0, 20.0], [111844.5, 20.0], [111845.0, 20.0], [111845.5, 20.0], [111846.0, 20.0], [111846.5, 20.0], [111847.5, 11000.0], [111848.5, 4420.0], [111849.5, 46100.0], [111850.0, 11000.0], [111850.5, 79780.0], [111851.0, 9240.0], [111852.5, 233280.0], [111859.5, 16060.0], [111862.0, 26010.0]]}}}
{"jsonrpc": "2.0", "method": "subscription", "params": {"channel": "book.BTC-PERPETUAL.none.20.100ms", "data": {"timestamp": 1756430266996, "change_id": 115416911093, "instrument_name": "BTC-PERPETUAL", "bids": [[111837.5, 292060.0], [111837.0, 19900.0], [111834.0, 30000.0], [111832.5, 11000.0], [111832.0, 5790.0], [111831.0, 49470.0], [111830.5, 11650.0], [111829.0, 200.0], [111828.0, 20.0], [111827.5, 11000.0], [111827.0, 26000.0], [111826.5, 62100.0], [111826.0, 194210.0], [111825.5, 520.0], [111825.0, 10.0], [111823.5, 330.0], [111822.0, 233780.0], [111821.0, 40000.0], [111820.5, 224130.0], [111820.0, 30.0]], "asks": [[111838.0, 264660.0], [111838.5, 20.0], [111839.0, 20.0], [111839.5, 20.0], [111840.0, 20.0], [111840.5, 60.0], [111841.0, 20.0], [111841.5, 20.0], [111842.5, 142300.0], [111843.0, 174650.0], [111846.0, 5790.0], [111849.5, 46100.0], [111850.0, 500.0], [111850.5, 79780.0], [111851.0, 59240.0], [111852.5, 233280.0], [111853.5, 300.0], [111857.5, 6190.0], [111859.0, 22000.0], [111859.5, 16060.0]]}}}
{"jsonrpc": "2.0", "method": "subscription", "params": {"channel": "book.BTC-PERPETUAL.none.20.100ms", "data": {"timestamp": 1756430267324, "change_id": 115416911816, "instrument_name": "BTC-PERPETUAL", "bids": [[111837.5, 228870.0], [111837.0, 13830.0], [111835.0, 21800.0], [111834.0, 30000.0], [111833.0, 9240.0], [111831.5, 90440.0], [111831.0, 11000.0], [111830.5, 186300.0], [111829.5, 50000.0], [111829.0, 200.0], [111826.0, 194210.0], [111825.5, 500.0], [111825.0, 10.0], [111823.5, 25330.0], [111822.0, 233780.0], [111821.5, 11500.0], [111821.0, 101600.0], [111820.5, 224130.0], [111820.0, 30.0], [111819.5, 1330.0]], "asks": [[111838.0, 310950.0], [111838.5, 20.0], [111839.0, 20.0], [111839.5, 20.0], [111840.0, 20.0], [111840.5, 60.0], [111841.0, 20.0], [111841.5, 20.0], [111842.0, 76300.0], [111842.5, 2000.0], [111843.0, 174650.0], [111845.5, 11500.0], [111846.0, 5790.0], [111849.5, 46100.0], [111850.5, 79780.0], [111851.0, 59240.0], [111852.5, 233280.0], [111856.0, 4630.0], [111856.5, 11000.0], [111857.0, 4420.0]]}}}
{"jsonrpc": "2.0", "method": "subscription", "params": {"channel": "book.BTC-PERPETUAL.none.20.100ms", "data": {"timestamp": 1756430267665, "change_id": 115416912162, "instrument_name": "BTC-PERPETUAL", "bids": [[111837.5, 218870.0], [111837.0, 13830.0], [111836.5, 200.0], [111834.0, 30000.0], [111833.0, 9240.0], [111832.0, 10000.0], [111831.5, 42650.0], [111831.0, 11000.0], [111830.5, 11650.0], [111830.0, 6000.0], [111829.5, 50000.0], [111826.0, 148110.0], [111825.5, 500.0], [111825.0, 10.0], [111823.5, 330.0], [111822.5, 36000.0], [111822.0, 233780.0], [111821.5, 500.0], [111821.0, 101600.0], [111820.5, 224130.0]], "asks": [[111838.0, 361060.0], [111838.5, 20.0], [111839.0, 20.0], [111839.5, 20.0], [111840.0, 20.0], [111840.5, 20.0], [111841.0, 20.0], [111841.5, 20.0], [111842.0, 76300.0], [111842.5, 2000.0], [111843.0, 174650.0], [111845.5, 11500.0], [111846.0, 5790.0], [111849.5, 46100.0], [111850.5, 79780.0], [111851.0, 9240.0], [111852.0, 11000.0], [111852.5, 233280.0], [111855.0, 1330.0], [111857.0, 4420.0]]}}}
{"jsonrpc": "2.0", "method": "subscription", "params": {"channel": "book.BTC-PERPETUAL.none.20.100ms", "data": {"timestamp": 1756430267996, "change_id": 115416912745, "instrument_name": "BTC-PERPETUAL", "bids": [[111837.5, 182920.0], [111837.0, 13830.0], [111836.5, 200.0], [111834.0, 30000.0], [111832.0, 10000.0], [111831.5, 90890.0], [111831.0, 174640.0], [111830.5, 11650.0], [111830.0, 6000.0], [111829.5, 50000.0], [111826.5, 11000.0], [111826.0, 148110.0], [111825.5, 25500.0], [111825.0, 30.0], [111824.5, 20.0], [111824.0, 20.0], [111823.5, 330.0], [111822.0, 233780.0], [111821.0, 40000.0], [111820.5, 181940.0]], "asks": [[111838.0, 361020.0], [111838.5, 20.0], [111839.0, 20.0], [111839.5, 20.0], [111840.0, 20.0], [111840.5, 20.0], [111841.0, 20.0], [111841.5, 20.0], [111842.0, 76300.0], [111842.5, 2500.0], [111843.0, 174650.0], [111845.0, 11000.0], [111846.0, 5790.0], [111849.5, 46100.0], [111850.0, 11000.0], [111850.5, 79780.0], [111851.0, 9240.0], [111852.5, 233280.0], [111855.0, 1330.0], [111857.0, 4420.0]]}}}
{"jsonrpc": "2.0", "method": "subscription", "params": {"channel": "book.BTC-PERPETUAL.none.20.100ms", "data": {"timestamp": 1756430268326, "change_id": 115416913506, "instrument_name": "BTC-PERPETUAL", "bids": [[111837.5, 199680.0], [111837.0, 27040.0], [111836.5, 2000.0], [111836.0, 6200.0], [111834.5, 30900.0], [111834.0, 30000.0], [111832.5, 174590.0], [111832.0, 21000.0], [111831.5, 67420.0], [111830.5, 11650.0], [111829.5, 50000.0], [111827.0, 25500.0], [111826.0, 266810.0], [111825.5, 500.0], [111825.0, 10.0], [111823.5, 330.0], [111822.5, 26500.0], [111822.0, 258780.0], [111821.0, 40000.0], [111820.5, 212630.0]], "asks": [[111838.0, 208350.0], [111838.5, 20.0], [111839.0, 20.0], [111839.5, 20.0], [111840.0, 20.0], [111840.5, 20.0], [111841.0, 20.0], [111841.5, 20.0], [111842.0, 76300.0], [111842.5, 2000.0], [111843.0, 174650.0], [111846.0, 5790.0], [111849.0, 500.0], [111849.5, 96100.0], [111850.0, 11300.0], [111850.5, 79780.0], [111851.0, 5500.0], [111852.5, 233280.0], [111854.0, 4630.0], [111854.5, 11000.0]]}}}
{"jsonrpc": "2.0", "method": "subscription", "params": {"channel": "book.BTC-PERPETUAL.none.20.100ms", "data": {"timestamp": 1756430268655, "change_id": 115416913813, "instrument_name": "BTC-PERPETUAL", "bids": [[111837.5, 249680.0], [111837.0, 77760.0], [111836.5, 2000.0], [111836.0, 6200.0], [111834.5, 30900.0], [111834.0, 30000.0], [111832.5, 174590.0], [111832.0, 21000.0], [111831.5, 67420.0], [111830.5, 11650.0], [111827.0, 50500.0], [111826.5, 26500.0], [111826.0, 266810.0], [111825.5, 500.0], [111825.0, 10.0], [111823.5, 330.0], [111822.0, 233780.0], [111821.0, 40000.0], [111820.5, 212630.0], [111820.0, 30.0]], "asks": [[111838.0, 194900.0], [111839.5, 20.0], [111840.0, 20.0], [111840.5, 20.0], [111841.0, 20.0], [111841.5, 20.0], [111842.0, 76300.0], [111842.5, 2000.0], [111843.0, 174650.0], [111846.0, 5790.0], [111849.5, 96100.0], [111850.0, 500.0], [111850.5, 79780.0], [111851.0, 5500.0], [111852.5, 233280.0], [111853.5, 11000.0], [111854.0, 4460.0], [111856.5, 11000.0], [111857.0, 4420.0], [111859.5, 16060.0]]}}}
{"jsonrpc": "2.0", "method": "subscription", "params": {"channel": "book.BTC-PERPETUAL.none.20.100ms", "data": {"timestamp": 1756430268978, "change_id": 115416914450, "instrument_name": "BTC-PERPETUAL", "bids": [[111837.5, 233080.0], [111837.0, 88460.0], [111836.5, 2000.0], [111836.0, 6000.0], [111834.5, 30900.0], [111834.0, 30000.0], [111832.5, 50200.0], [111832.0, 185550.0], [111831.5, 67420.0], [111831.0, 72600.0], [111830.5, 11650.0], [111828.0, 25000.0], [111827.5, 500.0], [111827.0, 25500.0], [111826.5, 26000.0], [111826.0, 194210.0], [111825.5, 500.0], [111825.0, 10.0], [111823.5, 330.0], [111822.0, 233780.0]], "asks": [[111838.0, 154980.0], [111838.5, 13700.0], [111840.0, 20.0], [111840.5, 20.0], [111841.0, 20.0], [111841.5, 20.0], [111842.0, 76300.0], [111842.5, 2000.0], [111843.0, 174650.0], [111846.0, 5790.0], [111849.5, 96100.0], [111850.5, 79780.0], [111851.0, 5500.0], [111852.0, 500.0], [111852.5, 233280.0], [111855.5, 7930.0], [111856.0, 11000.0], [111856.5, 11000.0], [111857.0, 4420.0], [111859.5, 16060.0]]}}}
{"jsonrpc": "2.0", "method": "subscription", "params": {"channel": "book.BTC-PERPETUAL.none.20.100ms", "data": {"timestamp": 1756430269296, "change_id": 115416914945, "instrument_name": "BTC-PERPETUAL", "bids": [[111837.5, 266580.0], [111837.0, 88460.0], [111836.5, 2000.0], [111836.0, 6000.0], [111834.5, 30900.0], [111834.0, 30000.0], [111832.5, 50200.0], [111832.0, 185550.0], [111831.5, 67420.0], [111830.5, 11650.0], [111829.5, 11020.0], [111829.0, 20.0], [111828.5, 20.0], [111828.0, 25000.0], [111827.5, 62100.0], [111827.0, 25500.0], [111826.5, 26000.0], [111826.0, 194210.0], [111825.5, 500.0], [111825.0, 10.0]], "asks": [[111838.0, 154640.0], [111839.5, 20.0], [111840.0, 20.0], [111840.5, 20.0], [111841.0, 20.0], [111841.5, 20.0], [111842.0, 76320.0], [111842.5, 2020.0], [111843.0, 174650.0], [111846.0, 5790.0], [111849.5, 96100.0], [111850.5, 80280.0], [111851.0, 5500.0], [111852.5, 233280.0], [111853.5, 300.0], [111855.5, 7930.0], [111856.0, 11000.0], [111856.5, 11000.0], [111857.0, 4420.0], [111859.5, 16060.0]]}}}
{"jsonrpc": "2.0", "method": "subscription", "params": {"channel": "book.BTC-PERPETUAL.none.20.100ms", "data": {"timestamp": 1756430269630, "change_id": 115416915284, "instrument_name": "BTC-PERPETUAL", "bids": [[111837.5, 266580.0], [111837.0, 88460.0], [111836.5, 2000.0], [111836.0, 6200.0], [111835.0, 11000.0], [111834.5, 30900.0], [111834.0, 30000.0], [111832.5, 50000.0], [111832.0, 174550.0], [111831.5, 67420.0], [111830.5, 11650.0], [111829.0, 26000.0], [111828.5, 11500.0], [111827.5, 61600.0], [111827.0, 25500.0], [111826.5, 25000.0], [111826.0, 194210.0], [111825.5, 500.0], [111825.0, 10.0], [111823.5, 330.0]], "asks": [[111838.0, 154650.0], [111839.5, 20000.0], [111840.5, 20.0], [111841.0, 20.0], [111841.5, 20.0], [111842.0, 76320.0], [111842.5, 2020.0], [111843.0, 174670.0], [111849.5, 96100.0], [111851.0, 5500.0], [111852.0, 500.0], [111852.5, 233280.0], [111853.5, 300.0], [111855.5, 7930.0], [111856.0, 11000.0], [111856.5, 11000.0], [111857.0, 4420.0], [111859.5, 16060.0], [111862.5, 46100.0], [111863.5, 1630.0]]}}}
{"jsonrpc": "2.0", "method": "subscription", "params": {"channel": "book.BTC-PERPETUAL.none.20.100ms", "data": {"timestamp": 1756430269966, "change_id": 115416915936, "instrument_name": "BTC-PERPETUAL", "bids": [[111837.5, 396280.0], [111837.0, 94250.0], [111836.5, 28000.0], [111836.0, 6200.0], [111834.5, 30900.0], [111834.0, 30000.0], [111833.0, 10000.0], [111832.5, 40000.0], [111832.0, 174550.0], [111831.5, 36860.0], [111830.5, 11650.0], [111830.0, 500.0], [111828.0, 25000.0], [111827.0, 25500.0], [111826.0, 194210.0], [111825.5, 500.0], [111825.0, 10.0], [111823.5, 330.0], [111822.0, 233780.0], [111821.0, 40000.0]], "asks": [[111838.0, 154610.0], [111842.5, 2000.0], [111843.0, 174650.0], [111845.0, 5790.0], [111849.5, 96100.0], [111851.0, 5500.0], [111852.5, 233280.0], [111853.5, 300.0], [111855.0, 500.0], [111857.0, 4420.0], [111859.0, 11000.0], [111859.5, 16060.0], [111862.0, 11000.0], [111862.5, 46100.0], [111863.5, 1630.0], [111871.0, 1000.0], [111871.5, 43880.0], [111872.0, 36640.0], [111872.5, 80.0], [111873.0, 50000.0]]}}}
{"jsonrpc": "2.0", "method": "subscription", "params": {"channel": "book.BTC-PERPETUAL.none.20.100ms", "data": {"timestamp": 1756430270279, "change_id": 115416916494, "instrument_name": "BTC-PERPETUAL", "bids": [[111837.5, 384780.0], [111837.0, 94250.0], [111836.5, 2000.0], [111836.0, 6000.0], [111835.0, 87600.0], [111834.5, 31120.0], [111834.0, 30020.0], [111833.0, 10000.0], [111832.5, 40000.0], [111832.0, 174550.0], [111831.5, 36860.0], [111830.5, 11650.0], [111830.0, 25000.0], [111827.5, 500.0], [111827.0, 25500.0], [111826.0, 194210.0], [111825.5, 500.0], [111825.0, 10.0], [111823.5, 330.0], [111822.0, 233780.0]], "asks": [[111838.0, 4570.0], [111842.5, 700.0], [111843.0, 174650.0], [111845.0, 5790.0], [111845.5, 20.0], [111846.0, 20.0], [111849.5, 96100.0], [111851.0, 5500.0], [111852.5, 233280.0], [111853.5, 300.0], [111859.0, 500.0], [111859.5, 16060.0], [111861.5, 11000.0], [111862.0, 11000.0], [111862.5, 46100.0], [111863.5, 1630.0], [111868.0, 1330.0], [111868.5, 4420.0], [111871.0, 1000.0], [111871.5, 43880.0]]}}}
{"jsonrpc": "2.0", "method": "subscription", "params": {"channel": "book.BTC-PERPETUAL.none.20.100ms", "data": {"timestamp": 1756430270620, "change_id": 115416916831, "instrument_name": "BTC-PERPETUAL", "bids": [[111837.5, 446380.0], [111837.0, 94250.0], [111836.5, 2000.0], [111836.0, 6000.0], [111835.0, 26000.0], [111834.5, 31100.0], [111834.0, 30000.0], [111833.0, 10000.0], [111832.5, 40000.0], [111832.0, 174550.0], [111831.5, 36860.0], [111830.5, 12150.0], [111827.0, 50500.0], [111826.0, 194210.0], [111825.5, 500.0], [111825.0, 10.0], [111823.5, 330.0], [111822.0, 233780.0], [111821.0, 40000.0], [111820.5, 241560.0]], "asks": [[111838.0, 10010.0], [111842.5, 700.0], [111843.0, 174650.0], [111845.5, 20.0], [111846.0, 20.0], [111846.5, 20.0], [111847.0, 20.0], [111849.5, 96100.0], [111850.5, 5790.0], [111851.0, 5500.0], [111852.5, 233280.0], [111853.5, 300.0], [111859.0, 500.0], [111859.5, 16060.0], [111861.5, 11000.0], [111862.0, 11000.0], [111862.5, 46100.0], [111863.5, 1630.0], [111868.0, 1330.0], [111868.5, 4420.0]]}}}
{"jsonrpc": "2.0", "method": "subscription", "params": {"channel": "book.BTC-PERPETUAL.none.20.100ms", "data": {"timestamp": 1756430270925, "change_id": 115416917364, "instrument_name": "BTC-PERPETUAL", "bids": [[111837.5, 277780.0], [111837.0, 223680.0], [111836.5, 2000.0], [111836.0, 6000.0], [111834.0, 40000.0], [111833.5, 11000.0], [111832.5, 101600.0], [111832.0, 26000.0], [111831.5, 36860.0], [111830.5, 11650.0], [111829.0, 25000.0], [111827.5, 500.0], [111827.0, 25500.0], [111826.0, 194210.0], [111825.5, 500.0], [111825.0, 10.0], [111823.5, 330.0], [111822.0, 233780.0], [111821.0, 40000.0], [111820.5, 241560.0]], "asks": [[111838.0, 14380.0], [111842.5, 700.0], [111843.0, 174650.0], [111845.5, 20.0], [111846.0, 20.0], [111846.5, 20.0], [111847.0, 20.0], [111849.5, 96100.0], [111850.5, 5790.0], [111851.0, 5500.0], [111852.0, 500.0], [111852.5, 233280.0], [111853.5, 300.0], [111858.0, 6600.0], [111858.5, 11000.0], [111859.0, 11000.0], [111859.5, 16060.0], [111862.5, 46100.0], [111863.5, 1630.0], [111868.0, 1330.0]]}}}
{"jsonrpc": "2.0", "method": "subscription", "params": {"channel": "book.BTC-PERPETUAL.none.20.100ms", "data": {"timestamp": 1756430271303, "change_id": 115416918267, "instrument_name": "BTC-PERPETUAL", "bids": [[111837.5, 194970.0], [111834.5, 73220.0], [111834.0, 40000.0], [111833.0, 11000.0], [111832.5, 174290.0], [111831.5, 24800.0], [111830.5, 11650.0], [111829.0, 6000.0], [111827.5, 50080.0], [111826.0, 148110.0], [111825.5, 500.0], [111825.0, 10.0], [111823.5, 330.0], [111822.5, 11000.0], [111822.0, 233780.0], [111821.5, 61600.0], [111821.0, 26000.0], [111820.5, 207980.0], [111820.0, 30.0], [111819.5, 1330.0]], "asks": [[111838.0, 254550.0], [111838.5, 20.0], [111839.0, 20.0], [111839.5, 20.0], [111842.0, 500.0], [111842.5, 54860.0], [111843.0, 180440.0], [111845.5, 20.0], [111846.0, 20.0], [111846.5, 20.0], [111847.0, 20.0], [111849.0, 102440.0], [111849.5, 96100.0], [111851.0, 5500.0], [111852.0, 11000.0], [111852.5, 233280.0], [111853.5, 300.0], [111858.0, 3300.0], [111859.0, 11000.0], [111859.5, 16060.0]]}}}
{"jsonrpc": "2.0", "method": "subscription", "params": {"channel": "book.BTC-PERPETUAL.none.20.100ms", "data": {"timestamp": 1756430271633, "change_id": 115416919453, "instrument_name": "BTC-PERPETUAL", "bids": [[111837.5, 75290.0], [111831.0, 4500.0], [111827.5, 80.0], [111826.5, 10000.0], [111826.0, 144650.0], [111825.5, 500.0], [111825.0, 10.0], [111823.5, 330.0], [111822.5, 300.0], [111822.0, 233780.0], [111820.5, 151820.0], [111820.0, 30.0], [111819.5, 1330.0], [111819.0, 500.0], [111818.5, 9240.0], [111817.5, 50.0], [111817.0, 6180.0], [111816.5, 11000.0], [111816.0, 830.0], [111815.0, 39570.0]], "asks": [[111838.0, 455940.0], [111838.5, 20020.0], [111839.0, 20.0], [111839.5, 20.0], [111840.0, 20.0], [111840.5, 20.0], [111841.0, 3540.0], [111841.5, 11020.0], [111842.5, 54860.0], [111843.0, 180440.0], [111849.0, 102440.0], [111849.5, 46100.0], [111850.5, 26010.0], [111851.0, 5500.0], [111852.5, 233280.0], [111859.5, 16060.0], [111860.5, 3290.0], [111861.0, 5790.0], [111862.5, 46100.0], [111863.5, 1630.0]]}}}
{"jsonrpc": "2.0", "method": "subscription", "params": {"channel": "book.BTC-PERPETUAL.none.20.100ms", "data": {"timestamp": 1756430271963, "change_id": 115416920361, "instrument_name": "BTC-PERPETUAL", "bids": [[111837.5, 97610.0], [111830.0, 200.0], [111828.5, 19220.0], [111828.0, 42500.0], [111827.5, 10080.0], [111826.0, 144650.0], [111825.5, 500.0], [111825.0, 10.0], [111823.5, 330.0], [111822.5, 300.0], [111822.0, 233780.0], [111821.0, 9240.0], [111820.5, 161850.0], [111820.0, 30.0], [111819.5, 12330.0], [111819.0, 500.0], [111818.0, 174740.0], [111817.5, 50.0], [111817.0, 6180.0], [111816.5, 35000.0]], "asks": [[111838.0, 689190.0], [111838.5, 20020.0], [111839.0, 20.0], [111839.5, 20.0], [111840.0, 20.0], [111840.5, 20.0], [111841.0, 3540.0], [111841.5, 20.0], [111842.5, 65860.0], [111843.0, 180440.0], [111849.0, 21350.0], [111849.5, 46100.0], [111851.0, 5500.0], [111852.0, 26010.0], [111859.5, 16060.0], [111861.0, 5790.0], [111862.5, 46100.0], [111863.5, 1630.0], [111867.5, 61630.0], [111868.0, 1330.0]]}}}
{"jsonrpc": "2.0", "method": "subscription", "params": {"channel": "book.BTC-PERPETUAL.none.20.100ms", "data": {"timestamp": 1756430272294, "change_id": 115416921068, "instrument_name": "BTC-PERPETUAL", "bids": [[111837.5, 97820.0], [111832.0, 3000.0], [111831.5, 10000.0], [111830.0, 200.0], [111828.5, 19220.0], [111828.0, 42500.0], [111827.5, 80.0], [111826.0, 144650.0], [111825.5, 500.0], [111825.0, 10.0], [111824.5, 35000.0], [111823.5, 330.0], [111822.5, 9540.0], [111822.0, 233780.0], [111821.5, 11000.0], [111820.5, 212160.0], [111820.0, 30.0], [111819.5, 1330.0], [111819.0, 500.0], [111818.5, 20.0]], "asks": [[111838.0, 689090.0], [111838.5, 20020.0], [111839.0, 20.0], [111839.5, 20.0], [111840.0, 20.0], [111840.5, 20.0], [111841.0, 20.0], [111841.5, 20.0], [111842.0, 3510.0], [111842.5, 65860.0], [111843.0, 180440.0], [111849.0, 15480.0], [111849.5, 46100.0], [111851.0, 5500.0], [111857.5, 7800.0], [111858.0, 26010.0], [111859.5, 16060.0], [111861.0, 5790.0], [111862.5, 46100.0], [111863.5, 1630.0]]}}}
{"jsonrpc": "2.0", "method": "subscription", "params": {"channel": "book.BTC-PERPETUAL.none.20.100ms", "data": {"timestamp": 1756430272615, "change_id": 115416921574, "instrument_name": "BTC-PERPETUAL", "bids": [[111837.5, 97820.0], [111836.0, 9000.0], [111835.5, 30000.0], [111832.0, 10000.0], [111829.5, 9240.0], [111828.5, 19220.0], [111828.0, 42500.0], [111827.5, 80.0], [111826.0, 144650.0], [111825.5, 500.0], [111825.0, 6010.0], [111824.5, 35000.0], [111824.0, 200.0], [111823.5, 330.0], [111822.5, 6090.0], [111822.0, 233780.0], [111821.5, 11000.0], [111820.5, 248670.0], [111820.0, 50.0], [111819.5, 1330.0]], "asks": [[111838.0, 678100.0], [111838.5, 20020.0], [111839.0, 20.0], [111839.5, 20.0], [111840.0, 20.0], [111840.5, 20.0], [111841.0, 3540.0], [111841.5, 11020.0], [111842.5, 54860.0], [111843.0, 180440.0], [111848.5, 11000.0], [111849.0, 15480.0], [111849.5, 46100.0], [111851.0, 5500.0], [111857.5, 7800.0], [111859.0, 26010.0], [111859.5, 16060.0], [111861.0, 5790.0], [111862.5, 47100.0], [111863.5, 1630.0]]}}}
{"jsonrpc": "2.0", "method": "subscription", "params": {"channel": "book.BTC-PERPETUAL.none.20.100ms", "data": {"timestamp": 1756430272949, "change_id": 115416922161, "instrument_name": "BTC-PERPETUAL", "bids": [[111837.5, 110250.0], [111836.0, 9000.0], [111835.5, 30000.0], [111829.5, 9240.0], [111828.5, 19220.0], [111828.0, 42500.0], [111827.5, 80.0], [111826.0, 144650.0], [111825.5, 500.0], [111825.0, 16010.0], [111824.0, 200.0], [111823.5, 330.0], [111822.5, 6090.0], [111822.0, 233780.0], [111821.5, 11000.0], [111820.5, 248650.0], [111820.0, 30.0], [111819.5, 1330.0], [111819.0, 50500.0], [111818.5, 40000.0]], "asks": [[111838.0, 683890.0], [111838.5, 20020.0], [111839.0, 20.0], [111839.5, 20.0], [111840.0, 20.0], [111840.5, 20.0], [111841.0, 3540.0], [111841.5, 11020.0], [111842.5, 54860.0], [111843.0, 174650.0], [111848.5, 11000.0], [111849.0, 15480.0], [111849.5, 46100.0], [111851.0, 5500.0], [111857.5, 7800.0], [111859.0, 26010.0], [111859.5, 16060.0], [111861.0, 5790.0], [111862.5, 47100.0], [111863.5, 1630.0]]}}}
{"jsonrpc": "2.0", "method": "subscription", "params": {"channel": "book.BTC-PERPETUAL.none.20.100ms", "data": {"timestamp": 1756430273274, "change_id": 115416922693, "instrument_name": "BTC-PERPETUAL", "bids": [[111837.5, 110550.0], [111837.0, 15000.0], [111836.5, 20000.0], [111835.5, 30000.0], [111829.5, 9240.0], [111828.5, 19220.0], [111828.0, 42500.0], [111827.5, 80.0], [111826.0, 144650.0], [111825.5, 500.0], [111825.0, 16010.0], [111823.5, 330.0], [111823.0, 200.0], [111822.5, 5790.0], [111822.0, 233780.0], [111821.5, 11000.0], [111820.5, 248650.0], [111820.0, 30.0], [111819.5, 1330.0], [111819.0, 50500.0]], "asks": [[111838.0, 683870.0], [111838.5, 20020.0], [111839.0, 20.0], [111839.5, 20.0], [111840.0, 20.0], [111840.5, 20.0], [111841.0, 3540.0], [111841.5, 11020.0], [111842.5, 54860.0], [111843.0, 174650.0], [111848.5, 11000.0], [111849.0, 15480.0], [111849.5, 46100.0], [111851.0, 5500.0], [111857.5, 7800.0], [111859.0, 26010.0], [111859.5, 16060.0], [111861.0, 5790.0], [111862.5, 47100.0], [111863.5, 1630.0]]}}}
{"jsonrpc": "2.0", "method": "subscription", "params": {"channel": "book.BTC-PERPETUAL.none.20.100ms", "data": {"timestamp": 1756430273562, "change_id": 115416922971, "instrument_name": "BTC-PERPETUAL", "bids": [[111837.5, 110550.0], [111837.0, 15000.0], [111836.5, 20000.0], [111835.5, 30000.0], [111829.5, 9240.0], [111828.5, 19220.0], [111828.0, 42500.0], [111827.5, 80.0], [111826.0, 144650.0], [111825.5, 500.0], [111825.0, 16010.0], [111823.5, 330.0], [111823.0, 200.0], [111822.5, 5790.0], [111822.0, 233780.0], [111821.5, 11000.0], [111820.5, 248670.0], [111820.0, 50.0], [111819.5, 1350.0], [111819.0, 50500.0]], "asks": [[111838.0, 683870.0], [111838.5, 20020.0], [111839.0, 20.0], [111839.5, 20.0], [111840.0, 20.0], [111840.5, 20.0], [111841.0, 3540.0], [111841.5, 11020.0], [111842.5, 54860.0], [111843.0, 174650.0], [111848.5, 11000.0], [111849.0, 15480.0], [111849.5, 46100.0], [111851.0, 5500.0], [111857.5, 7800.0], [111859.0, 26010.0], [111859.5, 16060.0], [111861.0, 5790.0], [111862.5, 47100.0], [111863.5, 1630.0]]}}}
{"jsonrpc": "2.0", "method": "subscription", "params": {"channel": "book.BTC-PERPETUAL.none.20.100ms", "data": {"timestamp": 1756430273869, "change_id": 115416923361, "instrument_name": "BTC-PERPETUAL", "bids": [[111837.5, 110550.0], [111836.5, 20000.0], [111835.5, 30000.0], [111829.5, 9240.0], [111828.5, 19220.0], [111828.0, 42500.0], [111827.5, 80.0], [111826.0, 144650.0], [111825.5, 10500.0], [111825.0, 6210.0], [111823.5, 330.0], [111822.5, 5790.0], [111822.0, 233780.0], [111821.5, 11000.0], [111820.5, 248650.0], [111820.0, 30.0], [111819.5, 1330.0], [111819.0, 50500.0], [111818.5, 40000.0], [111817.5, 50.0]], "asks": [[111838.0, 683870.0], [111838.5, 20020.0], [111839.0, 20.0], [111839.5, 20.0], [111840.0, 20.0], [111840.5, 20.0], [111841.0, 3540.0], [111841.5, 11020.0], [111842.5, 54860.0], [111843.0, 174650.0], [111848.5, 11000.0], [111849.0, 15480.0], [111849.5, 46100.0], [111851.0, 5500.0], [111857.5, 7800.0], [111859.0, 26010.0], [111859.5, 16060.0], [111861.0, 5790.0], [111862.5, 47100.0], [111863.5, 1630.0]]}}}
{"jsonrpc": "2.0", "method": "subscription", "params": {"channel": "book.BTC-PERPETUAL.none.20.100ms", "data": {"timestamp": 1756430274256, "change_id": 115416923903, "instrument_name": "BTC-PERPETUAL", "bids": [[111837.5, 110550.0], [111837.0, 15000.0], [111836.5, 20000.0], [111835.5, 30000.0], [111829.5, 9240.0], [111828.5, 19220.0], [111828.0, 42500.0], [111827.5, 80.0], [111826.0, 144650.0], [111825.5, 10500.0], [111825.0, 6210.0], [111823.5, 11330.0], [111823.0, 174740.0], [111822.5, 5790.0], [111822.0, 233780.0], [111821.0, 20.0], [111820.5, 248670.0], [111820.0, 50.0], [111819.5, 1330.0], [111819.0, 50500.0]], "asks": [[111838.0, 858360.0], [111838.5, 20020.0], [111839.0, 20.0], [111839.5, 20.0], [111840.0, 20.0], [111840.5, 20.0], [111841.0, 3540.0], [111841.5, 11020.0], [111842.5, 700.0], [111848.5, 11000.0], [111849.0, 15480.0], [111849.5, 46100.0], [111851.0, 5500.0], [111857.5, 7800.0], [111859.0, 26010.0], [111859.5, 16060.0], [111861.0, 5790.0], [111862.5, 47100.0], [111863.5, 1630.0], [111864.5, 2000.0]]}}}
{"jsonrpc": "2.0", "method": "subscription", "params": {"channel": "book.BTC-PERPETUAL.none.20.100ms", "data": {"timestamp": 1756430274609, "change_id": 115416924214, "instrument_name": "BTC-PERPETUAL", "bids": [[111837.5, 110550.0], [111837.0, 15000.0], [111836.5, 20000.0], [111835.5, 30000.0], [111829.5, 9240.0], [111828.5, 19220.0], [111828.0, 42500.0], [111827.5, 80.0], [111826.0, 144650.0], [111825.5, 10500.0], [111825.0, 6010.0], [111824.5, 200.0], [111823.5, 11330.0], [111823.0, 174740.0], [111822.5, 5790.0], [111822.0, 233780.0], [111821.5, 20.0], [111821.0, 20.0], [111820.5, 248670.0], [111820.0, 30.0]], "asks": [[111838.0, 858360.0], [111838.5, 20020.0], [111839.0, 20.0], [111839.5, 20.0], [111840.0, 20.0], [111840.5, 20.0], [111841.0, 3540.0], [111841.5, 11020.0], [111842.5, 700.0], [111848.5, 11000.0], [111849.0, 15480.0], [111849.5, 46100.0], [111851.0, 5500.0], [111857.5, 7800.0], [111859.0, 26010.0], [111859.5, 16060.0], [111861.0, 5790.0], [111862.5, 47100.0], [111863.5, 1630.0], [111864.5, 2000.0]]}}}
{"jsonrpc": "2.0", "method": "subscription", "params": {"channel": "book.BTC-PERPETUAL.none.20.100ms", "data": {"timestamp": 1756430274926, "change_id": 115416924714, "instrument_name": "BTC-PERPETUAL", "bids": [[111837.5, 110550.0], [111836.0, 9000.0], [111835.5, 30000.0], [111829.5, 9240.0], [111828.5, 19220.0], [111828.0, 42500.0], [111827.5, 80.0], [111826.0, 144650.0], [111825.5, 10500.0], [111825.0, 6010.0], [111824.5, 200.0], [111823.5, 11330.0], [111822.5, 180170.0], [111822.0, 233780.0], [111820.5, 248670.0], [111820.0, 50.0], [111819.5, 1350.0], [111819.0, 50500.0], [111818.5, 65000.0], [111817.5, 11050.0]], "asks": [[111838.0, 859350.0], [111838.5, 20020.0], [111839.0, 20.0], [111839.5, 20.0], [111840.0, 20.0], [111840.5, 520.0], [111841.0, 20.0], [111841.5, 20.0], [111842.0, 11000.0], [111842.5, 700.0], [111848.5, 11000.0], [111849.0, 15480.0], [111849.5, 46100.0], [111851.0, 5500.0], [111859.5, 22750.0], [111860.5, 26010.0], [111861.0, 5790.0], [111862.5, 47100.0], [111863.5, 1630.0], [111864.5, 2000.0]]}}}
{"jsonrpc": "2.0", "method": "subscription", "params": {"channel": "book.BTC-PERPETUAL.none.20.100ms", "data": {"timestamp": 1756430275271, "change_id": 115416925251, "instrument_name": "BTC-PERPETUAL", "bids": [[111837.5, 110550.0], [111836.0, 9000.0], [111835.5, 30000.0], [111829.5, 9240.0], [111828.5, 19220.0], [111828.0, 42500.0], [111827.5, 80.0], [111827.0, 200.0], [111826.0, 154650.0], [111825.5, 500.0], [111825.0, 6010.0], [111823.5, 11330.0], [111822.5, 180170.0], [111822.0, 233780.0], [111821.5, 20.0], [111820.5, 248650.0], [111820.0, 50.0], [111819.5, 26330.0], [111819.0, 50500.0], [111818.5, 40000.0]], "asks": [[111838.0, 859350.0], [111838.5, 20020.0], [111839.0, 20.0], [111839.5, 20.0], [111840.0, 20.0], [111840.5, 20.0], [111841.0, 20.0], [111841.5, 520.0], [111842.5, 700.0], [111847.5, 3300.0], [111848.0, 11000.0], [111848.5, 11000.0], [111849.0, 15480.0], [111849.5, 46100.0], [111851.0, 5500.0], [111859.5, 22750.0], [111860.5, 26010.0], [111861.0, 5790.0], [111862.5, 47100.0], [111863.5, 1630.0]]}}}
{"jsonrpc": "2.0", "method": "subscription", "params": {"channel": "book.BTC-PERPETUAL.none.20.100ms", "data": {"timestamp": 1756430275579, "change_id": 115416925852, "instrument_name": "BTC-PERPETUAL", "bids": [[111837.5, 169480.0], [111836.5, 15000.0], [111836.0, 29240.0], [111835.5, 30000.0], [111832.0, 200.0], [111828.5, 45910.0], [111828.0, 42500.0], [111827.5, 80.0], [111826.5, 16790.0], [111826.0, 250350.0], [111825.5, 500.0], [111825.0, 10.0], [111823.5, 330.0], [111823.0, 11000.0], [111822.5, 261980.0], [111822.0, 233780.0], [111820.5, 182650.0], [111820.0, 530.0], [111819.5, 26330.0], [111819.0, 500.0]], "asks": [[111838.0, 818420.0], [111838.5, 20.0], [111839.0, 5810.0], [111839.5, 20.0], [111840.0, 20.0], [111840.5, 20.0], [111841.0, 20.0], [111841.5, 20.0], [111842.5, 700.0], [111847.0, 500.0], [111847.5, 3300.0], [111848.0, 11000.0], [111848.5, 11000.0], [111849.0, 15480.0], [111849.5, 46100.0], [111851.0, 5500.0], [111859.5, 22750.0], [111861.0, 5790.0], [111862.5, 47100.0], [111863.5, 1630.0]]}}}
{"jsonrpc": "2.0", "method": "subscription", "params": {"channel": "book.BTC-PERPETUAL.none.20.100ms", "data": {"timestamp": 1756430275921, "change_id": 115416926392, "instrument_name": "BTC-PERPETUAL", "bids": [[111837.5, 169480.0], [111836.5, 15000.0], [111836.0, 29240.0], [111835.5, 30000.0], [111832.0, 200.0], [111830.0, 10000.0], [111828.5, 45910.0], [111828.0, 42500.0], [111827.5, 80.0], [111826.5, 16790.0], [111826.0, 294460.0], [111825.5, 500.0], [111825.0, 10.0], [111823.5, 25330.0], [111823.0, 20.0], [111822.5, 174400.0], [111822.0, 233800.0], [111821.5, 26500.0], [111821.0, 72600.0], [111820.5, 182650.0]], "asks": [[111838.0, 866930.0], [111838.5, 20.0], [111839.0, 5810.0], [111839.5, 20.0], [111840.0, 20.0], [111840.5, 20.0], [111841.0, 20.0], [111841.5, 20.0], [111842.5, 700.0], [111847.0, 500.0], [111847.5, 3300.0], [111848.0, 11000.0], [111848.5, 11000.0], [111849.0, 15480.0], [111849.5, 46100.0], [111851.0, 5500.0], [111859.5, 22750.0], [111861.0, 5790.0], [111862.5, 47100.0], [111863.5, 1630.0]]}}}
{"jsonrpc": "2.0", "method": "subscription", "params": {"channel": "book.BTC-PERPETUAL.none.20.100ms", "data": {"timestamp": 1756430276215, "change_id": 115416926876, "instrument_name": "BTC-PERPETUAL", "bids": [[111837.5, 169480.0], [111836.5, 15000.0], [111836.0, 29240.0], [111835.5, 30000.0], [111832.0, 200.0], [111830.0, 10000.0], [111828.5, 45910.0], [111828.0, 42500.0], [111827.5, 80.0], [111826.5, 16790.0], [111826.0, 294460.0], [111825.5, 500.0], [111825.0, 10.0], [111823.5, 330.0], [111823.0, 11000.0], [111822.5, 174380.0], [111822.0, 234280.0], [111821.5, 26000.0], [111821.0, 61600.0], [111820.5, 182650.0]], "asks": [[111838.0, 866930.0], [111838.5, 20.0], [111839.0, 5810.0], [111839.5, 20.0], [111840.0, 20.0], [111840.5, 20.0], [111841.0, 20.0], [111841.5, 20.0], [111842.5, 700.0], [111847.0, 500.0], [111847.5, 3300.0], [111848.0, 11000.0], [111848.5, 11000.0], [111849.0, 15480.0], [111849.5, 46100.0], [111851.0, 5500.0], [111859.5, 22750.0], [111861.0, 5790.0], [111862.5, 47100.0], [111863.5, 1630.0]]}}}
{"jsonrpc": "2.0", "method": "subscription", "params": {"channel": "book.BTC-PERPETUAL.none.20.100ms", "data": {"timestamp": 1756430276539, "change_id": 115416927237, "instrument_name": "BTC-PERPETUAL", "bids": [[111837.5, 178720.0], [111836.5, 15000.0], [111836.0, 20000.0], [111835.5, 30000.0], [111830.0, 10000.0], [111829.0, 200.0], [111828.5, 56910.0], [111828.0, 42500.0], [111827.5, 80.0], [111826.5, 5790.0], [111826.0, 294460.0], [111825.5, 500.0], [111825.0, 10.0], [111823.5, 350.0], [111823.0, 11000.0], [111822.5, 174380.0], [111822.0, 234280.0], [111821.5, 26000.0], [111821.0, 61600.0], [111820.5, 182650.0]], "asks": [[111838.0, 872740.0], [111838.5, 20.0], [111839.0, 20.0], [111839.5, 20.0], [111840.0, 20.0], [111840.5, 20.0], [111841.0, 20.0], [111841.5, 20.0], [111842.5, 700.0], [111847.0, 500.0], [111847.5, 3300.0], [111848.0, 11000.0], [111849.0, 15480.0], [111849.5, 46100.0], [111850.5, 11000.0], [111851.0, 5500.0], [111859.5, 16060.0], [111861.0, 5790.0], [111862.5, 46100.0], [111863.5, 1630.0]]}}}
{"jsonrpc": "2.0", "method": "subscription", "params": {"channel": "book.BTC-PERPETUAL.none.20.100ms", "data": {"timestamp": 1756430276922, "change_id": 115416927802, "instrument_name": "BTC-PERPETUAL", "bids": [[111837.5, 178720.0], [111836.5, 21000.0], [111836.0, 20000.0], [111835.5, 30000.0], [111830.0, 10000.0], [111829.0, 200.0], [111828.5, 56910.0], [111828.0, 42500.0], [111827.5, 80.0], [111826.5, 5790.0], [111826.0, 305460.0], [111825.5, 500.0], [111825.0, 10.0], [111824.5, 20.0], [111824.0, 20.0], [111823.5, 330.0], [111822.5, 174380.0], [111822.0, 234280.0], [111821.5, 26000.0], [111821.0, 61600.0]], "asks": [[111838.0, 866350.0], [111838.5, 20.0], [111839.0, 20.0], [111839.5, 20.0], [111840.0, 20.0], [111840.5, 20.0], [111841.0, 20.0], [111841.5, 20.0], [111842.5, 700.0], [111848.5, 500.0], [111849.0, 15480.0], [111849.5, 46100.0], [111850.0, 11000.0], [111850.5, 11000.0], [111851.0, 5500.0], [111859.5, 16060.0], [111861.0, 5790.0], [111862.5, 46100.0], [111863.5, 1630.0], [111867.5, 26010.0]]}}}
{"jsonrpc": "2.0", "method": "subscription", "params": {"channel": "book.BTC-PERPETUAL.none.20.100ms", "data": {"timestamp": 1756430277249, "change_id": 115416928298, "instrument_name": "BTC-PERPETUAL", "bids": [[111837.5, 178720.0], [111836.5, 15000.0], [111836.0, 20000.0], [111835.5, 30000.0], [111830.5, 6000.0], [111830.0, 10000.0], [111829.0, 200.0], [111828.5, 43950.0], [111828.0, 42500.0], [111827.5, 80.0], [111826.5, 5790.0], [111826.0, 248760.0], [111825.5, 500.0], [111825.0, 10.0], [111824.0, 11020.0], [111823.5, 350.0], [111823.0, 20.0], [111822.5, 174380.0], [111822.0, 233780.0], [111821.5, 51000.0]], "asks": [[111838.0, 872140.0], [111838.5, 20.0], [111839.0, 20.0], [111839.5, 20.0], [111840.0, 20.0], [111840.5, 20.0], [111841.0, 20.0], [111841.5, 20.0], [111842.5, 700.0], [111848.5, 500.0], [111849.0, 15480.0], [111849.5, 46100.0], [111850.0, 11000.0], [111850.5, 11000.0], [111851.0, 5500.0], [111859.5, 16060.0], [111861.0, 5790.0], [111862.5, 46100.0], [111863.5, 1630.0], [111867.5, 26010.0]]}}}
{"jsonrpc": "2.0", "method": "subscription", "params": {"channel": "book.BTC-PERPETUAL.none.20.100ms", "data": {"timestamp": 1756430277587, "change_id": 115416928605, "instrument_name": "BTC-PERPETUAL", "bids": [[111837.5, 177220.0], [111836.5, 15000.0], [111836.0, 20000.0], [111835.5, 30000.0], [111830.5, 6000.0], [111830.0, 10000.0], [111828.5, 81130.0], [111828.0, 42500.0], [111827.5, 280.0], [111827.0, 11000.0], [111826.5, 180100.0], [111826.0, 248760.0], [111825.5, 500.0], [111825.0, 10.0], [111823.5, 330.0], [111823.0, 11000.0], [111822.0, 233780.0], [111821.5, 25000.0], [111821.0, 87600.0], [111820.5, 180400.0]], "asks": [[111838.0, 872140.0], [111838.5, 20.0], [111839.0, 20.0], [111839.5, 20.0], [111840.0, 20.0], [111840.5, 20.0], [111841.0, 20.0], [111841.5, 20.0], [111842.5, 700.0], [111847.0, 500.0], [111847.5, 3300.0], [111848.0, 11000.0], [111848.5, 11000.0], [111849.0, 15480.0], [111849.5, 46100.0], [111851.0, 5500.0], [111859.5, 23750.0], [111861.0, 5790.0], [111861.5, 2000.0], [111862.5, 46100.0]]}}}
{"jsonrpc": "2.0", "method": "subscription", "params": {"channel": "book.BTC-PERPETUAL.none.20.100ms", "data": {"timestamp": 1756430277918, "change_id": 115416929117, "instrument_name": "BTC-PERPETUAL", "bids": [[111837.5, 163180.0], [111836.5, 9000.0], [111835.5, 30000.0], [111831.0, 9240.0], [111830.5, 10000.0], [111828.5, 81130.0], [111828.0, 42500.0], [111827.5, 280.0], [111826.5, 180100.0], [111826.0, 194650.0], [111825.5, 500.0], [111825.0, 10.0], [111823.5, 330.0], [111822.5, 11020.0], [111822.0, 233800.0], [111821.5, 25020.0], [111820.5, 197750.0], [111820.0, 30.0], [111819.5, 1330.0], [111819.0, 1000.0]], "asks": [[111838.0, 872140.0], [111838.5, 20.0], [111839.0, 20.0], [111839.5, 20.0], [111840.0, 20.0], [111840.5, 20.0], [111841.0, 20.0], [111841.5, 11020.0], [111842.0, 500.0], [111842.5, 700.0], [111846.5, 3300.0], [111848.5, 11000.0], [111849.0, 15480.0], [111849.5, 46100.0], [111851.0, 5500.0], [111859.5, 23750.0], [111861.0, 31800.0], [111861.5, 2000.0], [111862.5, 46100.0], [111863.5, 1630.0]]}}}
{"jsonrpc": "2.0", "method": "subscription", "params": {"channel": "book.BTC-PERPETUAL.none.20.100ms", "data": {"timestamp": 1756430278248, "change_id": 115416929601, "instrument_name": "BTC-PERPETUAL", "bids": [[111837.5, 193180.0], [111836.5, 9000.0], [111835.5, 30000.0], [111831.0, 9240.0], [111830.5, 10000.0], [111828.5, 81130.0], [111828.0, 42700.0], [111827.5, 80.0], [111826.5, 180100.0], [111826.0, 194650.0], [111825.5, 500.0], [111825.0, 10.0], [111823.5, 330.0], [111822.5, 11000.0], [111822.0, 233800.0], [111821.5, 25020.0], [111820.5, 197770.0], [111820.0, 530.0], [111819.5, 1330.0], [111819.0, 500.0]], "asks": [[111838.0, 872580.0], [111838.5, 20.0], [111839.0, 20.0], [111839.5, 20.0], [111840.0, 20.0], [111840.5, 20.0], [111841.0, 20.0], [111841.5, 11020.0], [111842.5, 700.0], [111845.0, 3450.0], [111845.5, 11500.0], [111849.0, 15480.0], [111849.5, 46100.0], [111851.0, 5500.0], [111859.5, 23750.0], [111861.0, 31800.0], [111861.5, 2000.0], [111862.5, 46100.0], [111863.5, 1630.0], [111864.5, 1000.0]]}}}
